4020 6014
181 255 186 266 '
212 321 273 377 sto
786 308 908 366 Locus
926 307 1130 367 vtcasnssts
1148 307 1327 373 QUARTUS

211 467 364 523 adhibeant
394 465 462 521 alios
492 471 576 520 testes
609 469 637 520 66
670 463 805 520 catanus
842 463 1044 519 admonitiones
1107 467 1166 519 356.
1199 466 1224 518 3.
1243 460 1369 517 Adducit
1386 464 1624 534 comparationes,
1651 464 1753 535 quibus
1778 463 2008 519 chrismatos

108 558 116 573 ⁶
213 553 305 608 denuo
324 559 454 624 urgeant,
480 568 513 606 ac
533 558 592 605 tum
614 551 768 619 demum,
767 551 790 603 61
819 550 898 605 binas
929 550 974 604 vel
991 557 1043 604 ter·
1057 547 1101 602 iet
1119 548 1224 603 Paulus
1249 553 1381 616 utuntur,
1413 549 1540 602 Christus
1569 549 1680 622 (inquit)
1709 559 1734 604 et
1761 551 1917 620 apostolus
1930 522 2008 614 hm

213 656 263 694 nas
282 638 483 693 admonitiones
507 645 635 708 proterve
662 635 827 706 neglexerit,
855 637 891 690 66
908 604 1133 733 judiciumiejus
1152 642 1352 704 compararunt
1370 634 1524 688 baereticae
1543 635 1604 689 illis
1630 637 1730 701 rebus,
1756 655 1832 706 quae
1851 638 1917 691 eine
1930 622 2008 718 {¹⁰¹5ss

213 725 346 780 ecclesiae
364 741 477 779 oausam
497 723 630 779 deferant
668 723 723 778 Sed
750 722 842 792 praxis
861 721 1046 792 inquisitionis
1072 722 1262 774 controuersia
1274 721 1462 790 ferroetipni
1476 722 1662 790 repelluntur.
1688 722 1761 778 Nam
1773 723 1880 777 Matth.
1893 730 1917 778 t.
1931 729 2008 768 rmus

213 810 381 880 Hispanieae
401 815 532 877 testatur,
561 810 635 863 6666
654 809 778 863 ordinem
804 824 822 861 a
840 807 1045 879 Christoprae-
1072 807 1126 859 ait:
1146 781 2008 879 66666616666616666666166616,6616661666661666ωωωί4

214 895 346 965 scriptum
364 912 400 949 nc
419 894 532 949 minima
558 894 671 966 quidem
694 912 728 949 cx
753 900 833 966 parte
856 894 892 948 ab
910 893 965 947 11116
984 882 1102 956 666-116
1118 892 1283 946 uestimentis
1312 892 1421 960 661666,
1447 894 1613 948 intrinsecus
1627 894 1732 947 autem
1756 903 1823 948 sunt
1849 895 1919 965 lupi

213 982 347 1056 guinsriis
359 981 507 1037 observari.
1073 995 1203 1049 rapaces.
1220 977 1287 1034 Act.
1308 983 1356 1032 20:
1376 979 1439 1048 Epo
1454 980 1521 1048 scio,
1542 981 1675 1049 66661666
1690 982 1838 1036 intrabunt
1847 991 1918 1051 post

87 1072 182 1113 ²·R0m
249 1074 306 1124 355.
344 1073 368 1122 2.
386 1067 501 1121 Dictum
521 1066 702 1138 apostolicum
713 1066 792 1122 Rom.
808 1072 846 1122 13.
864 1066 1047 1133 magistratus
1075 1065 1228 1117 discernam
1247 1080 1336 1117 meum
1354 1065 1418 1134 lupa
1428 1082 1556 1135 rapaces,
1573 1068 1683 1120 nomine
1702 1067 1836 1136 luporum
1853 1085 1916 1122 cer-

86 1123 201 1215 11611.
213 1173 270 1207 non
288 1155 362 1223 perit
379 1153 506 1221 gladium
524 1153 651 1219 frustra,
681 1153 807 1205 minister
835 1152 908 1205 enim
927 1152 985 1205 Dei
1007 1158 1047 1204 est
1074 1157 1181 1203 tumcst
1192 1150 1349 1203 baereticae
1360 1150 1484 1221 intellege
1495 1151 1641 1219 deberent
1655 1153 1776 1226 eeplicot
1789 1155 1916 1208 Ambro-

87 1226 343 1317 ”fffi‘stndes'
331 1258 361 1293 en
378 1239 432 1292 iro
469 1241 550 1308 Erpa
569 1239 675 1292 licitum
689 1246 729 1292 est
742 1238 904 1305 haereticos,
923 1238 973 1306 qui
989 1255 1047 1290 om-
1074 1238 1133 1289 sius
1152 1237 1183 1288 in
1210 1253 1233 1290 c.
1253 1238 1296 1290 10
1315 1238 1419 1290 Lucae
1444 1239 1483 1290 At
1503 1238 1566 1306 lupi
1584 1255 1705 1307 rapaces
1722 1239 1828 1308 optimo
1842 1242 1917 1310 jure

99 1335 178 1370 rostra
215 1328 292 1380 nium
306 1326 422 1395 judicio
440 1332 504 1377 cunt
521 1325 647 1392 rebelles,
667 1325 801 1378 ecclesiae
820 1325 938 1392 etpocis
953 1324 1047 1392 publi·
1075 1323 1248 1390 condantur,
1266 1322 1294 1374 si
1312 1322 1398 1375 aliter
1415 1323 1494 1391 obipi
1510 1341 1565 1376 nou
1580 1332 1707 1392 possunt,
1722 1325 1820 1394 pluris
1839 1327 1916 1380 enim

214 1431 263 1468 cae
279 1412 493 1485 perturbatores
518 1412 553 1464 ab
580 1411 698 1465 ecclesia
719 1411 850 1463 abscindi
867 1419 894 1463 et
913 1428 932 1462 o
946 1411 1047 1479 judice
1073 1407 1211 1470 faciende
1243 1415 1284 1461 est
1314 1408 1374 1461 6166
1417 1409 1508 1462 ovium
1540 1427 1624 1478 quam
1661 1429 1737 1463 mors
1768 1412 1915 1480 luporum.
1930 1418 2008 1463 mn

213 1500 337 1554 emulari
346 1505 433 1551 morte
447 1498 586 1550 mulctari.
621 1497 843 1566 Respondemus:
866 1502 887 1552 1.
906 1513 1047 1568 monemus
1074 1493 1289 1548 166611661οε
1321 1493 1378 1555 Qui
1398 1512 1455 1548 non
1479 1496 1567 1548 intrat
1587 1514 1643 1565 per
1661 1497 1763 1550 ostium
1780 1499 1813 1551 iu
1831 1500 1916 1567 66616,

213 1585 312 1653 66666,
331 1583 493 1639 Bellarmini
503 1581 707 1638 conclusionem
716 1600 771 1637 666
787 1581 928 1636 adversari
938 1588 1047 1637 nostrae
1074 1581 1125 1632 sed
1147 1581 1298 1633 adscendit
1322 1580 1457 1647 aliunde,
1485 1582 1536 1634 ille
1560 1584 1613 1646 fur
1639 1591 1679 1636 est
1698 1591 1723 1637 et
1740 1584 1833 1651 latro,
1865 1587 1919 1639 ubi

212 1670 291 1726 thesi.
325 1670 413 1726 Nemo
440 1673 563 1723 nostrum
587 1673 687 1738 negat,
714 1666 868 1737 pertinaces
894 1667 1047 1723 haereticos
1074 1666 1186 1718 nomine
1208 1668 1285 1729 suris
1309 1675 1336 1719 et
1360 1668 1481 1721 latronis
1504 1669 1697 1736 intelliguntur
1723 1670 1862 1724 baeretici
1890 1680 1917 1726 et

194 1774 293 1828 =posse
319 1755 559 1822 excommunicari,
582 1771 663 1808 nemo
687 1753 804 1823 impedit
821 1753 966 1808 seditiosos
983 1755 1047 1808 hae·
1074 1768 1168 1805 omnes
1185 1754 1348 1807 seductores
1369 1771 1403 1804 ac
1423 1762 1563 1807 sectorum
1579 1755 1749 1820 incentores,
1774 1763 1807 1810 ut
1825 1756 1917 1829 Chry·

212 1840 312 1897 reticos
329 1841 407 1912 pacis
435 1841 566 1910 publicas
591 1838 798 1909 perturbatores
821 1839 916 1910 gladio
939 1839 1047 1910 punire.
1074 1842 1210 1891 sostomus
1234 1845 1262 1892 et
1286 1838 1461 1910 Augustinus
1485 1847 1640 1909 exponunt,
1664 1842 1752 1909 sures
1771 1853 1865 1897 ouum
1887 1853 1915 1898 et

213 1931 241 1984 2.
264 1928 368 1983 Gladii
384 1944 484 1983 nomen
502 1926 531 1979 in
551 1932 629 1981 textu
649 1925 800 1995 apostolico
818 1926 984 1996 generaliter
1000 1943 1046 1980 ac·
1074 1925 1198 1978 tatrones
1237 1927 1375 1992 quomodo
1411 1926 1582 1993 puniantur,
1619 1935 1714 1997 notum
1744 1937 1792 1983 est.
1840 1930 1915 1985 Item

212 2015 313 2084 cipitur
338 2029 388 2084 pro
415 2017 553 2083 potestate
581 2011 727 2067 6611666661
754 2017 782 2066 66
807 2011 941 2082 66616661
959 2013 1046 2066 66116·
1075 2017 1097 2065 2.
1116 2010 1186 2066 Tim.
1205 2016 1236 2065 2:
1265 2012 1400 2063 Haereses
1425 2020 1608 2079 comparetur
1634 2031 1751 2078 666666,
1783 2015 1835 2083 qai
1856 2035 1916 2070 uon

213 2108 343 2172 6666666,
372 2115 443 2170 6666
469 2117 520 2169 666
546 2097 709 2152 delictorum
732 2097 837 2152 ratione
867 2098 902 2151 66
928 2098 1047 2169 capitale
1074 2105 1189 2149 curetur
1221 2097 1444 2166 medicamentis,
1475 2100 1526 2151 sed
1555 2100 1637 2163 ferro
1670 2101 1797 2153 exscindi
1824 2102 1916 2170 debet,

213 2186 295 2243 etiam
319 2185 475 2257 supplicum
501 2183 676 2238 inferendum
704 2198 764 2237 sese
793 2184 923 2239 extendit
973 2185 1048 2255 Ergo
1075 2184 1184 2252 alioqui
1199 2191 1334 2253 perpetuo
1352 2183 1442 2253 serpit
1469 2191 1600 2237 ettotam
1624 2201 1726 2255 corpus
1746 2190 1914 2257 corrrsmpit.

212 2290 267 2328 non
286 2279 376 2343 potest
396 2288 449 2326 nec
467 2269 550 2325 debet
570 2271 611 2324 ita
630 2269 770 2324 concludi:
801 2269 981 2340 Magistratus
1000 2271 1048 2324 ha·
1078 2271 1154 2323 idem
1187 2275 1382 2342 argumentum
1420 2275 1522 2342 urgent
1552 2270 1739 2328 Ribadeneira
1768 2273 1786 2326 1.
1821 2281 1843 2329 1.
1877 2274 1915 2329 66

211 2359 260 2414 666
278 2360 326 2429 jus
351 2357 436 2427 gladii
465 2357 494 2410 in
519 2354 685 2423 haereticos,
716 2370 782 2426 ergo
806 2372 900 2410 omnes
918 2356 1048 2411 haeretici
1073 2358 1160 2426 princ.
1189 2373 1212 2412 c.
1241 2363 1281 2412 26.
1310 2375 1337 2428 p.
1369 2363 1425 2412 172.
1448 2356 1601 2429 Gregorius
1629 2358 1664 2413 dc
1686 2358 1819 2415 Valentia
1846 2360 1911 2416 6.1.

212 2431 278 2500 sunt
302 2444 397 2517 gladio
422 2441 623 2498 interficiendi:
658 2441 706 2495 sed
730 2439 783 2494 666
801 2441 936 2496 duntaxat
953 2443 1048 2497 1616661
1074 2442 1422 2498 Οο666666166666.6.2.
1443 2444 1913 2515 Ν6666166611666161666666666

212 2532 312 2587 debet:
347 2546 413 2601 ergo
439 2534 531 2600 potest
556 2527 708 2583 haereticos
733 2530 860 2582 66666666
887 2533 916 2583 66
940 2529 1048 2599 666166,
1074 2538 1099 2584 et
1118 2529 1280 2599 principum
1305 2546 1351 2583 eos
1376 2547 1547 2599 compescere
1569 2539 1596 2584 et
1619 2533 1734 2597 tollere,
1765 2533 1914 2602 66166616

212 2636 245 2674 ac
264 2616 438 2689 6666661666
459 2614 568 2683 6611661,
595 2616 619 2668 si
637 2613 767 2668 nimirum
793 2613 957 2669 manifestae
976 2614 1047 2668 blas·
1075 2617 1250 2684 dogmatibus
1274 2617 1447 2685 reipublicae
1474 2626 1637 2672 nocumento
1654 2627 1730 2687 arnt,
1761 2637 1845 2688 66666
1862 2621 1915 2688 qui

213 2702 502 2777 phemiaeseditiones
517 2701 662 2769 66666666,
680 2700 766 2755 etiam
784 2700 898 2770 66616611
911 2701 1048 2772 66666616
1074 2704 1163 2768 furtis
1193 2711 1220 2756 et
1244 2703 1405 2757 homicidiis
1433 2704 1669 2772 tranquillitatem
1699 2713 1724 2757 ct
1753 2706 1913 2760 libertatem

214 2807 261 2848 666
279 2789 397 2844 afficere
438 2793 462 2845 3.
483 2786 590 2851 Quodsi
609 2786 681 2841 enim
701 2786 828 2841 absolute
843 2794 871 2841 et
889 2786 1050 2865 simpliciter
1073 2790 1216 2858 publicam
1235 2791 1350 2844 violam.
1374 2789 1598 2860 Respondemus:
1620 2797 1642 2846 1.
1662 2807 1679 2844 6
1696 2790 1833 2846 similibus
1854 2810 1912 2849 non

214 2894 260 2934 ecs
284 2893 378 2930 omnes
402 2891 418 2929 c
447 2873 537 2928 medio
561 2873 657 2927 tollere
683 2873 857 2944 magistratui
881 2873 991 2942 liceret,
1020 2874 1049 2928 16
1076 2881 1167 2945 666666
1188 2875 1254 2930 6661
1271 2875 1457 2946 apodicticam
1477 2875 1591 2948 aliquod
1609 2883 1821 2947 argumentum,
1848 2896 1913 2935 cum

214 2981 283 3037 quos
299 2966 347 3034 jus
358 2961 446 3033 gladii
458 2959 551 3026 habet,
572 2976 744 3031 consequens
763 2959 856 3027 fuerit,
877 2960 961 3015 etiam
977 2978 1050 3015 scor·
1077 2967 1185 3015 tantum
1203 2961 1350 3030 illustrent,
1370 2979 1426 3016 nou
1447 2968 1539 3017 autem
1557 2961 1683 3031 probent.
1711 2968 1735 3017 2.
1753 2962 1913 3020 Similitudo

214 3057 317 3107 tatores
335 3048 456 3120 quosvis,
476 3046 676 3115 contentiosos,
703 3046 835 3100 helnones
854 3051 908 3103 etc.
928 3047 1050 3102 emedio
1077 3064 1131 3101 non
1154 3053 1196 3102 666
1221 3047 1395 3102 extendenda
1411 3048 1485 3102 ultra
1501 3047 1626 3115 tertium,
1653 3049 1681 3102 in
1707 3066 1762 3119 quo
1788 3050 1820 3106 116
1840 3069 1914 3106 com-

215 3135 435 3194 6666661166666.
474 3131 1049 3203 1.(1661666666666666666666-
1077 3133 1195 3202 paratio.
1231 3130 1443 3204 chrysostomus
1460 3133 1489 3187 16
1509 3151 1532 3188 6.
1560 3137 1599 3189 26.
1618 3133 1735 3190 Mrem:
1762 3138 1798 3189 In
1821 3155 1913 3206 para-

215 3222 318 3277 minate
336 3238 386 3291 pro
403 3221 468 3290 jure
489 3234 594 3288 poenas
607 3217 740 3288 capitales
753 3216 889 3272 inferendi
901 3219 1049 3291 accipiunt,
1078 3220 1150 3273 bolis
1169 3221 1210 3287 (66
1229 3219 1469 3285 similitudinibus)
1486 3238 1542 3274 non
1554 3228 1618 3272 sunt
1642 3224 1772 3291 urgenda
1796 3223 1914 3292 aiuprdo

214 3308 394 3379 respondent,
422 3303 649 3376 distinguendum
677 3319 737 3358 esse
756 3305 829 3357 inter
848 3304 1005 3359 haereticos
1024 3315 1049 3359 66
1077 3307 1161 3359 reiron
1185 3314 1211 3359 et
1235 3307 1358 3359 membro
1377 3314 1493 3374 praeter
1519 3314 1544 3359 66
1568 3314 1647 3359 cetra
1671 3308 1843 3378 institutum,
1871 3315 1915 3365 ad

214 3395 338 3465 reliquos
365 3393 551 3461 facinorosos
570 3389 648 3461 pacis
674 3389 805 3459 publicae
833 3390 1049 3460 perturbatores.
1078 3395 1155 3462 quod
1172 3392 1202 3444 in
1216 3392 1367 3464 Scriptura
1386 3393 1562 3446 adhibentur.
1588 3393 1914 3453 nemausense:

214 3481 324 3551 Diqitur
342 3480 414 3534 enim
437 3477 615 3549 magistratus
643 3477 744 3529 vindere
770 3478 799 3528 in
819 3477 892 3529 iram
909 3482 946 3547 rqi
964 3478 1050 3535 aurbu
1080 3481 1145 3533 Non
1165 3487 1204 3532 est
1222 3480 1396 3532 extendenda
1414 3478 1570 3532 similitudo
1589 3480 1666 3532 ultra
1685 3498 1798 3551 scopum
1818 3485 1914 3537 dieen-

214 3566 376 3641 npoioaorrr,
394 3566 473 3618 66616
491 3564 623 3631 facienti,
648 3580 704 3617 non
724 3569 817 3617 autem
843 3565 948 3632 ψεῦδος
974 3565 1050 3620 dadsi-
1076 3566 1113 3618 tis
1138 3581 1188 3618 nec
1212 3582 1246 3617 66
1267 3565 1389 3632 quolibet
1413 3565 1601 3633 cottipendum
1627 3567 1776 3633 qrrodlibet.
1822 3568 1913 3639 Atqui

215 3671 316 3718 66666,
335 3654 416 3717 salsa
434 3650 550 3718 docenti,
569 3648 650 3703 66616
662 3648 850 3719 principaliter
867 3657 957 3706 textus
978 3653 1049 3718 acci·
1077 3652 1100 3705 61
1119 3668 1232 3721 scopum
1252 3651 1353 3706 Christi
1371 3658 1399 3705 et
1418 3650 1535 3720 apostoli
1562 3651 1734 3720 intueamur,
1760 3669 1814 3707 non
1834 3655 1912 3709 insti·

215 3742 314 3812 piatur,
340 3756 394 3793 non
421 3737 456 3791 de
476 3736 614 3792 erroribus
633 3735 807 3802 theoreticis,
827 3737 875 3792 sed
898 3738 933 3792 de
950 3755 1048 3809 pecea-
1076 3739 1163 3793 tuitur
1186 3737 1355 3808 comparatio
1381 3737 1581 3791 haereticorum
1601 3753 1665 3791 cum
1682 3738 1770 3808 lupis,
1801 3739 1913 3796 iuribus

216 3827 251 3882 tis
279 3823 449 3879 mortalibus.
493 3828 518 3878 5.
543 3820 760 3892 Respiciendum
792 3829 885 3877 autem
915 3830 1048 3894 perpetuo
1076 3842 1108 3879 ac
1126 3824 1278 3879 latronibus
1296 3832 1423 3890 respectu
1434 3840 1557 3892 poenae,
1570 3897 1571 3900 Ἴ
1585 3824 1663 3894 quasi
1689 3824 1762 3879 idem
1791 3824 1848 3880 illis
1865 3827 1913 3883 de·

215 3913 299 3981 hujus
318 3909 470 3965 sententiae
488 3908 829 3963 nosuaefundamentum.
867 3909 1049 3981 Magistratus
1076 3913 1175 3967 beatur
1192 3910 1370 3981 supplicium,
1391 3911 1440 3965 sed
1458 3916 1516 3964 tum
1541 3919 1669 3978 respectu
1686 3919 1805 3964 naturae
1823 3921 1851 3965 et
1869 3915 1913 3967 in·

215 4015 270 4053 non
287 4002 329 4049 est
346 3995 576 4050 conscientiarum
596 3994 731 4063 dominus,
751 3993 816 4047 ideo
832 3995 916 4050 etiam
936 3996 1049 4051 manda·
1076 3999 1164 4064 dolis,
1188 4013 1258 4068 quae
1279 3997 1307 4049 16
1330 4002 1448 4067 utroque
1468 3995 1607 4049 hominum
1625 4011 1726 4066 genere
1755 3997 1791 4050 ad
1809 4013 1912 4053 nocen-

214 4083 250 4138 tis
269 4098 301 4135 ac
322 4079 417 4151 poenis
432 4081 489 4134 suis
508 4079 689 4135 conscientias
707 4095 805 4150 cogere
822 4096 878 4134 non
895 4087 986 4149 potest
998 4098 1049 4135 nec
1077 4086 1142 4138 dum
1168 4083 1248 4137 unice
1273 4083 1441 4154 propendet3
1469 4088 1528 4135 tum
1551 4090 1679 4151 respectu
1705 4085 1811 4153 damni,
1836 4087 1913 4156 quod

216 4168 310 4234 debet,
338 4165 387 4220 sed
410 4166 471 4221 Deo
496 4166 613 4221 liberum
638 4166 668 4218 in
695 4166 758 4219 illas
777 4165 988 4237 relinquendum
1006 4173 1049 4222 est
1077 4169 1112 4223 ab
1133 4169 1187 4223 11116
1204 4170 1398 4232 metuendum,
1429 4175 1461 4222 ut
1478 4166 1550 4222 enim
1568 4167 1643 4222 fures
1661 4167 1845 4224 substantiam
1864 4189 1912 4227 no·

215 4254 375 4322 imperium,
403 4253 431 4306 in
448 4252 572 4307 fortunas
591 4256 620 4305 et
637 4268 753 4322 corpora
780 4251 921 4306 hominum
943 4253 1050 4322 accepit
1076 4261 1175 4324 stram,
1195 4255 1254 4325 1661
1273 4262 1301 4310 66
1321 4255 1441 4309 latrones
1458 4254 1543 4308 vitam
1558 4253 1703 4321 auferunt,
1721 4255 1760 4309 616
1778 4255 1912 4313 haeretici

215 4357 234 4395 a
255 4339 315 4394 Deo
340 4339 493 4408 imperium.
529 4338 605 4409 Ergo
628 4339 798 4393 haereticum
817 4337 970 4407 simplicem
992 4357 1047 4393 666
1075 4343 1239 4396 thesaurum
1255 4341 1498 4397 6666666661666
1523 4340 1605 4394 nobis
1634 4340 1786 4411 surripiunt
1808 4349 1837 4397 et
1854 4345 1913 4398 ani·

215 4431 307 4496 potest
324 4425 480 4496 capitaliter
498 4425 606 4495 punire,
624 4424 672 4480 scd
693 4425 716 4478 si
735 4424 888 4479 haereticus
906 4424 991 4479 fuerit
1009 4426 1048 4480 in·
1075 4446 1137 4482 mae
1160 4435 1269 4483 nostrae
1292 4428 1463 4499 spiritualem
1489 4428 1574 4482 ritum
1608 4428 1751 4499 auserunt3
1782 4436 1841 4484 tum
1867 4450 1912 4486 re·

215 4529 299 4582 super
316 4512 475 4574 seditiosus,
501 4511 611 4566 rebellis
631 4528 698 4583 erga
716 4511 907 4581 magistratum
925 4499 1047 4583 6666616
1074 4523 1169 4584 spectu
1186 4517 1291 4583 fugae,
1316 4531 1372 4587 qua
1390 4514 1426 4568 ab
1440 4513 1584 4584 utriusque
1602 4514 1764 4568 carendum.
1803 4521 1826 4571 3.
1844 4517 1911 4574 Pro

214 4598 343 4670 66611666
354 4599 538 4669 perturbator,
556 4608 623 4653 tunc
635 4605 726 4669 potest
744 4598 931 4669 magistratus,
952 4605 1048 4668 utpote
1074 4619 1184 4672 gressus
1212 4601 1299 4673 igitur
1327 4600 1359 4655 fit
1390 4601 1464 4655 ultra
1488 4599 1599 4654 tertium
1632 4602 1847 4672 comparationis
1880 4612 1910 4659 et

215 4686 260 4740 cui
279 4702 346 4739 cura
364 4686 442 4755 pacis
462 4685 590 4756 publicae
611 4684 817 4753 commendata,
845 4691 940 4739 contra
964 4686 1048 4741 talem
1073 4686 1185 4741 fallacia
1210 4703 1354 4741 causarum
1383 4686 1571 4750 committitur,
1595 4687 1705 4757 666666
1723 4687 1911 4745 Bellarminus

214 4771 383 4827 haereticum
401 4771 488 4842 gladii
508 4772 595 4826 aciem
615 4770 758 4840 stringere.
800 4776 823 4825 6.
844 4771 925 4835 Quod
943 4771 1048 4826 Bellar·
1075 4773 1115 4826 sic
1134 4773 1282 4827 concludit.
1315 4772 1456 4826 Haeretici
1477 4779 1671 4842 comparantur
1689 4773 1776 4843 lupis,
1801 4773 1912 4831 furibus

215 4856 305 4912 minus
325 4857 412 4924 addit,
429 4857 585 4910 haereticos
604 4857 726 4909 omnium
740 4857 853 4924 judicio
882 4875 939 4912 esse
963 4859 1046 4912 eccle·
1074 4864 1102 4912 et
1120 4858 1283 4913 latronibus.
1318 4858 1394 4929 Ergo
1414 4858 1497 4913 etiam
1516 4858 1613 4913 eadem
1631 4858 1745 4926 ratione,
1766 4877 1822 4930 qua
1842 4861 1911 4934 lupi,

214 4945 273 4996 siae
292 4943 410 4997 rebelles
428 4951 453 4996 et
469 4944 552 5013 pacis
566 4943 700 5011 publicae
709 4944 929 5010 perturbatores,
950 4943 979 4997 id
998 4944 1047 4999 ab·
1074 4944 1149 4999 iures
1162 4961 1195 4998 ac
1208 4946 1326 4999 latrones
1338 4944 1476 4999 mactandi
1494 4951 1609 4998 666666
1628 4943 1768 5016 puniendi.
1796 4947 1910 5005 Possem

215 5029 304 5084 soluta
325 5036 353 5083 et
371 5027 532 5097 simpliciter
547 5033 693 5098 acceptum
718 5029 904 5099 experientiae
924 5029 1047 5101 6616666-
1073 5030 1146 5084 enim
1166 5031 1263 5085 eadem
1280 5031 1386 5086 ratione
1406 5030 1601 5103 argumentari.
1636 5029 1779 5086 Pharisaei
1799 5048 1912 5104 compa·

215 5121 304 5188 gutur.
341 5114 525 5186 Evangelicos
544 5116 572 5168 in
592 5114 742 5170 Germania
758 5115 941 5170 Bellarminus
961 5115 1047 5172 habet
1073 5122 1169 5172 rantur
1178 5117 1283 5187 ceperis
1292 5117 1389 5171 166666.
1401 5121 1424 5186 3,
1444 5137 1469 5172 v.
1487 5119 1739 5186 recuperatoris
1757 5118 1857 5177 Matth.
1868 5127 1911 5192 23,

215 5220 265 5274 666
284 5200 445 5268 6666661616,
465 5208 494 5255 66
512 5200 625 5271 quidam
645 5201 753 5255 illorum
772 5202 869 5255 vivunt
886 5201 939 5255 sub
958 5202 1047 5256 tutela
1073 5222 1098 5259 v.
1121 5208 1163 5257 33.
1200 5203 1274 5275 Ergo
1292 5205 1388 5259 eadem
1409 5204 1598 5276 rationeque
1616 5204 1727 5275 viperae
1746 5220 1778 5258 ac
1797 5223 1911 5278 serpen·

215 5285 352 5342 Pontificii
372 5286 563 5358 magistratus,
583 5286 630 5357 qui
649 5287 757 5358 661666
776 5286 972 5356 deprehendit,
992 5306 1047 5343 666
1073 5297 1115 5343 tes
1133 5295 1197 5343 sunt
1215 5290 1355 5359 puniendi,
1375 5290 1428 5344 hoc
1448 5296 1490 5344 est
1509 5289 1652 5345 obterendi
1670 5298 1699 5344 ct
1716 5291 1910 5351 interficiendi.

215 5373 346 5428 minorem
384 5373 545 5428 fidelitatem
583 5378 612 5427 et
648 5372 810 5443 obsequium
842 5373 895 5427 6161
924 5373 961 5428 66
992 5373 1046 5428 11116
1073 5375 1253 5446 Magistratus
1272 5377 1414 5446 crudeles,
1444 5378 1543 5431 morosi
1566 5375 1781 5448 patresfamilias
1798 5395 1908 5450 compa-

215 5459 350 5530 praestari
375 5476 457 5530 quam
485 5459 591 5524 abiis,
615 5458 663 5530 qui
683 5464 747 5513 sunt
762 5458 904 5514 Romanae
919 5460 1046 5532 religioni
1073 5468 1170 5516 rantur
1182 5463 1320 5534 vulpibus,
1337 5462 1419 5533 lupis,
1432 5463 1558 5518 leonibus
1571 5467 1622 5518 etc.
1651 5463 1750 5518 Erech.
1769 5469 1811 5528 22,
1828 5486 1853 5519 v.
1867 5473 1911 5526 27.

214 5543 330 5600 addicti.
1075 5545 1194 5619 Sophon.
1214 5553 1246 5614 3,
1275 5565 1301 5602 v.
1321 5553 1346 5603 3.
1368 5547 1448 5603 Zach.
1472 5553 1517 5617 11,
1542 5566 1569 5604 s.
1588 5553 1613 5608 3.
1630 5548 1736 5606 Euclea
1759 5555 1788 5615 1,
1819 5568 1846 5607 r.
1865 5557 1909 5609 36.
