4020 6014
689 146 742 204 DE
760 142 984 204 malmico
1003 144 1301 208 cccmsms’nco
1770 158 1832 220 243

142 296 273 352 bimum
298 300 367 376 quia
390 312 430 355 ea·
448 300 599 365 memsam
621 303 771 356 multorum
796 302 934 356 malarum
952 307 978 354 et
1003 306 1156 358 contractio
1166 313 1233 374 post
1245 305 1832 375 amnmcmncotoaatcecprotioeamr

142 383 389 453 incommodorum,
406 388 573 454 praeeertim
587 387 637 456 aui
652 404 753 456 capam
769 396 795 442 et
812 390 978 459 effrenatam
1004 396 1030 443 et
1054 393 1181 460 exempla
1200 393 1300 462 pricea
1324 401 1443 462 exstent,
1467 410 1538 462 quae
1564 400 1709 460 testentur,
1735 394 1832 462 hujus·

141 468 288 524 libidinem
306 481 467 542 aequantur,
484 474 659 526 occasionem
672 475 822 542 praebeat,
840 475 978 527 malorum
1004 478 1081 529 modi
1098 486 1203 532 etatuta
1222 497 1277 532 non
1297 489 1354 533 tam
1372 481 1455 533 anxie
1473 482 1619 533 obceruata
1638 480 1741 547 scisce,
1766 480 1834 549 qiiirt

143 556 216 608 enim
240 574 296 611 non
313 560 452 628 propriae
477 562 559 613 mado
586 577 704 629 caueae,
735 563 788 614 sed
817 563 978 614 occasiones
1003 562 1037 614 ab
1054 564 1187 617 eccleciae
1204 567 1393 620 nececcitatem
1411 567 1833 636 ale'qicandorelaaatafuerint,

144 657 253 711 quaque
280 660 479 712 nonnunquam
512 645 655 699 tollendae
677 655 757 710 eunt,
789 647 977 715 quaeratione
1004 649 1066 716 quis
1082 668 1137 703 non
1155 655 1297 716 concedat,
1314 655 1345 705 in
1363 654 1551 706 ectremahac
1565 654 1698 706 eccleciae
1717 652 1833 706 necessi·

142 727 254 781 Paulae
270 731 403 798 conjuges
426 749 482 785 non
505 732 555 783 diu
577 748 596 784 a
620 741 713 784 mutuo
730 749 879 800 conarecsu
896 718 1060 801 cepa-itate
1086 736 1137 789 hoc
1160 738 1235 791 idem
1267 740 1350 792 hodie
1369 741 1438 806 fieri
1462 741 1567 807 poscet
1614 739 1753 809 Exempla
1777 755 1833 793 non

142 815 361 878 rariuoluit,ne
376 835 395 870 a
410 817 519 871 Satara
538 825 682 885 tententur,
695 826 721 870 et
732 818 977 886 juniareeuiduas
1002 822 1207 876 observatorum
1231 826 1363 879 eccleciae
1385 833 1553 879 ctatutorum
1576 826 1659 879 etiam
1684 827 1764 894 opud
1788 840 1832 880 ve·

140 901 243 955 nubere
265 905 414 971 praecepit
439 913 465 956 et
485 905 581 957 liberis
599 905 669 956 dare
687 921 810 972 operam,
828 920 864 956 ne
881 903 975 956 minni-
1001 915 1104 961 veterec
1125 910 1291 977 hujuemodi
1313 918 1390 974 mint,
1412 928 1478 963 nam
1500 913 1625 979 primum
1652 909 1834 979 Epiphanius

140 987 233 1040 nandi
254 989 427 1042 accacionem
450 991 613 1043 adversaria
637 990 808 1058 praebeam
836 989 884 1042 ubi
910 987 976 1043 ca-
1001 994 1057 1057 ait,
1083 995 1113 1046 in
1139 997 1306 1064 quibucdam
1332 997 1402 1050 locis
1426 1015 1478 1050 eua
1501 1004 1593 1049 aetate
1609 998 1788 1065 presbyteros
1808 1003 1834 1048 et

141 1072 243 1127 eander
265 1072 363 1129 inserit
388 1074 480 1129 locum
503 1091 536 1130 ox
557 1073 754 1129 Panormitano
781 1074 909 1144 superius
927 1074 975 1129 ad·
1002 1080 1137 1133 diaconae
1161 1081 1263 1135 liberae
1292 1083 1420 1150 pignere,
1449 1083 1575 1150 quamuis
1600 1084 1633 1135 id
1656 1085 1711 1151 fiat
1736 1089 1833 1135 centn

142 1157 272 1227 ductum,
304 1150 403 1231 postet.
433 1160 525 1215 addit:
556 1161 656 1214 Altera
687 1161 763 1214 ratio
792 1162 910 1213 sumitur
942 1176 975 1213 ec
1001 1165 1204 1219 ecclesiasticae
1222 1184 1357 1235 canones,
1381 1169 1465 1236 idque
1491 1171 1558 1233 fieri
1568 1176 1690 1236 propter
1709 1168 1834 1236 inopiam
1919 1163 1928 1180 ‘

141 1253 297 1314 temporum
320 1249 541 1301 commutatione.
583 1249 660 1301 Nam
690 1264 744 1314 quo
769 1254 890 1315 tempore
906 1247 974 1299 haec
1000 1253 1225 1307 mi'nieteriorum.
1259 1253 1329 1307 Item
1336 1255 1508 1323 jamdudum
1523 1254 1834 1309 eccleciacohabitatio·

142 1333 313 1386 continentia
326 1337 504 1387 sacerdotum
516 1333 700 1397 indicebatur,
719 1333 800 1401 lonae
819 1332 880 1385 alia
898 1334 974 1386 ratic
999 1353 1060 1389 nem
1086 1342 1263 1392 sacerdotum
1291 1357 1352 1394 cum
1376 1340 1492 1405 seminia
1515 1341 1630 1407 tolerat,
1658 1342 1734 1409 qaod
1755 1339 1834 1393 haud

84 1407 90 1421 ⁸
140 1425 202 1470 eret
230 1419 401 1490 dicciplinae
427 1420 505 1476 cleri.
544 1420 669 1472 Tertiam
686 1435 799 1471 causam
817 1427 844 1471 et
862 1419 974 1486 quidem
1000 1441 1079 1477 coctis
1099 1434 1182 1494 atque
1200 1427 1292 1494 ipcum
1310 1427 1470 1494 conjuaium
1488 1425 1620 1478 eccleciae
1637 1428 1748 1479 ctatntie
1765 1442 1832 1494 pro·

135 1505 323 1573 praecipuam
342 1507 427 1575 affert
444 1522 582 1574 praecene
610 1505 745 1558 eccleciae
762 1512 852 1557 statue
871 1513 896 1558 et
912 1505 973 1557 ide-
1002 1511 1125 1579 hibetur,
1152 1514 1219 1580 quin
1247 1530 1303 1565 non
1329 1513 1419 1565 solum
1446 1520 1545 1565 centra
1568 1511 1699 1565 eccleciae
1718 1517 1834 1580 ctatuta,

140 1605 255 1643 aeorum
268 1592 456 1644 minietrorum
469 1591 574 1659 inopia
604 1591 739 1659 Plerique
760 1593 832 1643 enim
851 1591 974 1643 homines
1000 1599 1051 1649 ced
1069 1599 1153 1651 etiam
1170 1607 1268 1651 contra
1292 1606 1400 1651 statuta
1423 1598 1580 1666 apostolica
1598 1599 1628 1650 in
1646 1597 1761 1649 ecclecia
1777 1597 1834 1650 uli·

141 1677 220 1729 docti
227 1685 252 1729 ot
258 1678 306 1746 pii
318 1680 358 1730 ad
369 1678 556 1730 continentiae
565 1677 782 1731 observationem
795 1678 974 1743 adotrinaere
1001 1686 1115 1752 qnando
1136 1686 1249 1752 ati'qaid
1269 1685 1392 1750 exipente
1414 1685 1447 1736 id
1463 1685 1570 1753 inciam
1590 1684 1713 1737 utilitate
1729 1684 1834 1737 oana-

139 1780 198 1816 8080
230 1764 342 1832 vivieni,
379 1781 441 1816 cum
472 1771 497 1816 ⁶⁸
527 1764 699 1826 infirmitat&
731 1779 801 1815 ΜΘ
835 1766 972 1817 talionem
1000 1787 1061 1822 cum
1075 1769 1200 1837 lepimuc,
1213 1778 1243 1822 ut
1257 1771 1410 1838 neophytae
1426 1771 1582 1834 ordinatae,
1595 1770 1835 1837 quodcenetatde

140 1848 260 1901 habeant
280 1859 306 1901 et
326 1850 458 1918 eaemplis
479 1849 686 1918 turpitudinum
700 1856 726 1900 et
739 1849 882 1917 eceteram,
902 1866 973 1917 quae
1002 1856 1144 1923 Fabiano,
1164 1856 1320 1924 capriano,
1337 1855 1475 1922 Nicolao,
1503 1855 1651 1922 Nectario,
1677 1855 1836 1921 Ambracio,

136 1942 286 2005 praetextu
311 1937 463 1988 coelibatue
483 1936 594 2005 passim
615 1935 646 1987 in
670 1934 767 1988 ocubot
787 1943 813 1987 cl
830 1951 915 1988 atim
930 1936 973 1986 ²¹⁷1·
1004 1941 1119 2007 Seuero,
1142 1942 1273 1997 Tameia.
1309 1943 1382 1996 Item
1411 1943 1603 1995 Tertullianus
1621 1949 1739 1993 lectatur
1757 1941 1837 2009 apud

140 2028 271 2085 cumbi»
298 2029 474 2089 immanius,
501 2037 556 2090 ww
573 2021 619 2088 fii,
643 2028 675 2072 ¹⁴⁸
690 2021 859 2088 vavtfttimi
877 2021 973 2073 adole·
1002 2028 1166 2095 Pcychicos,
1191 2046 1245 2097 qno
1268 2029 1381 2081 nomine
1405 2026 1566 2081 Catholicae
1584 2026 1726 2095 appellat,
1752 2027 1836 2080 etiam

140 2116 245 2159 ecentee
259 2108 376 2175 pietatis
389 2107 483 2160 indole
490 2107 619 2177 praediti
632 2109 674 2159 ad
686 2106 841 2174 theolopiae
852 2107 975 2159 eludium
1003 2115 1132 2181 ‹lipamoe
1167 2116 1301 2167 adversm
1334 2122 1519 2185 praeceptam
1555 2112 1678 2182 apostoli
1713 2112 1837 2165 ecclesiis

10 2200 128 2246 nutet.
142 2208 201 2246 eeee
219 2193 395 2261 adjunqant,
416 2201 466 2246 aut
492 2211 510 2244 a
526 2193 587 2260 piic
609 2193 774 2262 parentibus
792 2194 833 2245 cd
851 2193 903 2246 boc
920 2200 975 2245 elu-
1002 2201 1176 2267 praecidere.
1217 2201 1270 2254 Nil
1297 2201 1386 2266 icitur
1413 2199 1533 2252 abeurdi
1551 2201 1617 2265 flet,
1649 2198 1676 2249 ei
1699 2200 1729 2250 in
1757 2205 1838 2252 tanta

143 2279 422 2346 diumapplt'ctsswr,
436 2279 487 2331 ted
500 2278 596 2340 illm
610 2283 727 2346 mnium,
741 2279 974 2346 vaimssbene·
1004 2287 1136 2339 eccleciae
1172 2287 1336 2339 nececcitate
1382 2285 1467 2354 hujue
1513 2283 1697 2337 ecclesiactici
1731 2284 1838 2352 detriti,

136 2366 215 2433 ficia,
228 2365 410 2418 citaelueum
425 2364 639 2431 eleplendorem
652 2365 976 2427 accamiclicentiamet
1005 2371 1116 2424 etiamsi
1143 2372 1327 2440 apoctolicnm
1352 2379 1435 2438 esset,
1462 2371 1620 2424 moderatio
1649 2378 1674 2422 et
1697 2369 1838 2425 rancato

141 2467 240 2517 capam
249 2451 431 2520 effrenemqae
439 2449 586 2502 libidinem
596 2450 689 2502 animo
693 2460 886 2518 praesumunt,
894 2468 976 2518 prae·
1005 2459 1062 2517 siat.
1102 2458 1164 2511 Nec
1187 2457 1345 2510 audiendae
1371 2464 1411 2510 ect
1437 2474 1523 2509 noum
1554 2457 1669 2525 paidom
1694 2458 1724 2508 in
1748 2457 1838 2510 Italia

142 2543 184 2589 ber
203 2536 361 2597 nonnullo&
380 2537 428 2603 oui
447 2536 638 2603 imprudentia
657 2545 682 2588 ⁶2
698 2537 821 2589 nondum
838 2539 908 2590 wilt
923 2536 978 2588 tibi
1007 2545 1189 2610 docmatictec
1216 2543 1395 2610 (Franciscuc
1425 2541 1578 2595 Turrianuc
1606 2542 1674 2595 cive‘
1691 2541 1837 2596 Torrentis

141 2621 201 2675 noti
211 2623 240 2674 in
253 2623 385 2690 laqueum
397 2623 575 2674 inducuntur.
601 2621 704 2675 Sedde
717 2623 826 2674 maritis
839 2624 879 2674 ad
892 2624 974 2675 eccle·
1005 2630 1051 2683 lib,
1081 2636 1104 2684 2,
1133 2630 1167 2685 de
1196 2630 1288 2698 dogm,
1311 2629 1543 2690 characteribus),
1571 2628 1620 2696 qui
1642 2646 1715 2680 aeriis
1739 2637 1838 2681 contra

142 2708 396 2761 eiaeminicterium
408 2709 611 2776 eliaendisnon
623 2717 768 2776 tantopere
780 2710 891 2777 quidem
903 2710 976 2761 relu-
1005 2717 1125 2769 omnium
1144 2725 1266 2769 ueterum
1288 2724 1314 2768 et
1330 2716 1481 2768 recentium
1500 2714 1750 2767 ecclesiasticorum
1768 2716 1837 2768 sert

141 2802 332 2862 ciantar,cum
346 2812 433 2848 earet
443 2796 595 2863 mernplum
609 2797 830 2864 habeatpriceae
844 2796 976 2848 eccleciae
1006 2810 1114 2867 piorum
1142 2803 1304 2854 cententiam
1329 2801 1496 2853 coelibatum
1516 2801 1614 2853 ordini
1636 2817 1718 2851 caera
1739 2801 1837 2853 obara-

142 2889 168 2934 et
177 2882 213 2933 ab
225 2881 542 2935 orientalibacomnibuc
551 2882 689 2949 hucusque
700 2889 832 2938 ceruetur.
853 2880 978 2935 Gravior
1005 2891 1065 2949 ride,
1082 2887 1133 2939 hoc
1151 2895 1191 2939 eet
1202 2886 1434 2953 cubctantialiter,
1449 2895 1474 2938 et
1488 2885 1550 2955 lepe
1562 2884 1660 2937 divinia
1674 2886 1837 2952 adjunctum

142 2976 235 3019 autem
262 2968 388 3036 quamtio
417 2977 459 3021 eet
485 2971 522 3020 de
547 2969 599 3032 iis,
626 2970 676 3036 qui
696 2976 763 3037 poet
789 2971 977 3022 sacerdotium
1005 2989 1063 3025 ecce
1084 2973 1240 3034 contendit,
1257 2988 1308 3024 nee
1327 2988 1385 3024 ecce
1404 2973 1434 3022 in
1446 2979 1588 3040 potentate
1602 2972 1760 3038 pontificis,
1786 2987 1838 3026 nee

140 3067 245 3106 'aaaree
263 3056 415 3118 duxerunt,
440 3072 479 3107 an
504 3056 545 3107 ecc
569 3056 598 3107 in
623 3054 775 3107 minieterio
789 3057 977 3122 permanendi
1005 3060 1147 3127 eccleciae,
1166 3067 1196 3111 ut
1214 3059 1339 3125 eonjupii
1357 3074 1438 3109 eccam
1454 3057 1648 3109 cacerdotibuc
1665 3058 1838 3128 permittant,

144 3148 169 3193 et
192 3140 288 3193 uaeris
320 3148 478 3208 opportuno
503 3148 627 3208 tempore
651 3141 855 3204 familiaritate
883 3144 977 3194 utendi
1006 3163 1059 3198 non
1083 3147 1174 3211 maqie
1197 3161 1281 3213 quam
1306 3145 1429 3208 furandi
1453 3152 1502 3197 aut
1525 3143 1731 3205 latrocinandi,
1755 3151 1838 3213 atque

137 3226 271 3292 facultas
284 3227 413 3297 permitti
428 3227 532 3293 poscit,
552 3243 624 3294 auae
643 3243 688 3278 rec
705 3226 782 3281 omni
796 3244 917 3297 prorsue
934 3245 976 3279 ce·
1005 3250 1036 3285 eo
1074 3233 1158 3285 modo
1187 3233 1348 3283 uniueream
1382 3231 1529 3284 eccleciam
1568 3239 1627 3283 tam
1665 3230 1838 3300 orientalem,

143 3314 254 3365 luctatis
271 3312 395 3379 exemplo
415 3320 517 3365 careat.
556 3313 616 3365 Sed
639 3314 706 3366 haec
732 3314 809 3366 ratio
833 3330 888 3367 non
907 3313 977 3365 tatic
1005 3336 1090 3388 quam
1117 3317 1320 3371 occidentalem
1348 3317 1448 3370 violati
1478 3317 1571 3368 diuini
1593 3317 1672 3384 juris
1706 3324 1837 3387 accucat3

144 3398 292 3453 concludit.
330 3399 396 3451 Non
420 3406 459 3449 eet
487 3399 611 3467 factum,
634 3416 701 3466 erpo
724 3400 788 3461 fieri
812 3417 868 3451 non
889 3400 976 3452 licuit
1004 3407 1085 3458 illam
1105 3407 1181 3475 qitod
1196 3404 1359 3472 conjupium
1381 3403 1412 3455 in
1432 3404 1624 3456 cacerdotibus
1641 3402 1773 3453 haelenae
1791 3403 1837 3455 ob·

144 3485 253 3553 Coactnt
279 3484 352 3536 enim
376 3500 464 3535 novas
488 3483 645 3551 aliquando
672 3485 798 3539 inuenire
825 3486 978 3538 medicinae
1004 3493 1131 3558 sanarit,
1149 3491 1222 3543 hanc
1239 3492 1315 3558 quod
1329 3488 1746 3556 eamrectejacerejudicarit.
1779 3487 1838 3542 tur

142 3588 275 3625 nouorum
288 3572 476 3638 eaperimemta
489 3571 654 3624 morborum.
686 3571 757 3624 Sunt
770 3579 861 3624 cirtem
874 3589 977 3625 caueae
1004 3587 1094 3630 autem
1118 3578 1201 3628 etiam
1225 3577 1255 3627 in
1274 3576 1416 3629 ordinatic
1443 3575 1604 3643 conjupium
1622 3574 1706 3625 hodie
1723 3574 1839 3628 admitti

142 3673 198 3710 non
216 3657 303 3723 leuec,
328 3673 379 3709 cur
401 3656 485 3709 bodie
511 3657 547 3708 iic
566 3674 687 3726 qswqiie,
707 3657 756 3725 qui
765 3657 832 3726 jam
851 3660 979 3711 ordinati
1002 3664 1091 3732 poccit
1109 3663 1177 3714 haec
1194 3663 1270 3714 ratio
1287 3669 1342 3727 eet,
1369 3662 1447 3728 quod
1472 3677 1505 3712 ea
1524 3660 1688 3727 huiuamodi
1705 3661 1837 3730 conjupio

143 3761 199 3797 non
219 3744 346 3805 libidine,
362 3744 414 3795 eed
437 3745 606 3796 conscientia
630 3744 709 3797 ducti
725 3761 826 3796 unoree
839 3747 977 3797 duxerunt
1004 3767 1058 3803 non
1074 3750 1157 3801 modo
1173 3747 1255 3799 ncilla
1272 3748 1389 3816 offencio
1412 3747 1529 3818 populi,
1555 3748 1607 3799 sed
1630 3764 1735 3813 maana
1753 3748 1838 3802 ctiam

143 3838 169 3883 et
193 3830 277 3882 vitiles
296 3829 430 3882 eccleciae
448 3846 507 3881 ecee
528 3837 660 3897 peccunt,
683 3831 779 3897 pratia
804 3831 889 3899 hujac
908 3832 976 3898 leaic
1003 3834 1114 3887 utilitac
1130 3834 1167 3886 cit
1185 3835 1389 3901 eacpectanda,
1416 3849 1483 3885 nam
1501 3849 1533 3885 eo
1553 3849 1601 3885 rec
1618 3833 1718 3899 rediit,
1740 3842 1771 3886 at
1792 3834 1840 3888 nie

135 3917 206 3986 fieri
223 3917 333 3968 deberet
352 3924 377 3968 et
397 3918 576 3983 imposterum
598 3932 715 3984 quoque,
732 3918 760 3968 ci
776 3934 880 3983 maana
892 3918 976 3969 eccle·
1003 3921 1177 3973 centecimum
1195 3921 1334 3984 inueniac,
1356 3920 1406 3987 qai
1424 3921 1459 3972 ab
1483 3919 1559 3972 ornati
1575 3919 1739 3972 commercio
1755 3920 1838 3984 femi·

141 4004 202 4056 aiae
218 4004 327 4055 utilitae
345 4003 455 4069 inuitat,
479 4002 620 4070 aliquibus
648 4003 722 4054 idem
740 4004 857 4056 conandi
871 4005 977 4070 poecit;
1005 4025 1104 4058 narum
1125 4007 1274 4072 abstineat,
1298 4005 1424 4074 populat
1448 4020 1513 4058 uero
1533 4004 1574 4057 ita
1593 4005 1708 4074 affec-tae
1728 4013 1783 4074 eet,
1808 4013 1839 4058 ut
1852 4007 1909 4052 1¹11.
1920 4007 1964 4051 ¹⁸⁹·

139 4092 263 4161 primum
293 4092 370 4158 quod
395 4091 557 4158 conjupium
581 4090 654 4143 inire
677 4096 744 4158 poet
770 4091 976 4143 ordinationem
1003 4094 1159 4146 sacerdotis
1177 4094 1365 4157 fornicatoris
1379 4107 1429 4143 ceu
1445 4090 1640 4143 concubinarii
1656 4091 1839 4145 minaberiam

141 4178 220 4232 nullo
239 4179 334 4231 diuino
352 4178 427 4245 jare,
440 4179 492 4229 ced
516 4177 577 4230 colo
604 4176 739 4229 eccleciae
757 4184 862 4229 dotato
878 4177 975 4245 probi·
1004 4179 1045 4232 ael
1058 4196 1164 4247 porciae
1181 4180 1353 4242 condemnet,
1373 4177 1417 4230 ael
1434 4177 1522 4228 leniae
1546 4177 1683 4243 aectimet,
1708 4178 1839 4230 maritum

142 4266 256 4328 beatur,
282 4273 309 4317 et
335 4266 365 4316 in
388 4263 525 4317 aeteribae
553 4263 706 4316 canonibuc
732 4264 788 4316 talc
815 4264 973 4332 conjupium
1003 4281 1067 4317 aero
1085 4267 1258 4318 cacerdotem
1276 4263 1394 4332 aequius
1412 4264 1550 4328 serebat
1570 4279 1632 4313 cum
1646 4262 1755 4332 populo
1772 4280 1838 4332 quo·

142 4368 198 4404 non
218 4352 371 4418 dirimitur,
389 4352 440 4402 ced
458 4350 562 4402 leuiore
578 4368 697 4403 censura
713 4352 842 4418 punitur,
860 4368 928 4401 nam
945 4351 976 4401 in
1004 4368 1055 4419 que
1076 4353 1143 4419 jam
1169 4360 1264 4403 notum
1292 4351 1343 4418 cit,
1373 4348 1538 4402 honorabile
1564 4365 1623 4400 ecce
1654 4351 1684 4399 in
1714 4349 1839 4403 omieibtse

143 4438 261 4492 concilio
300 4437 537 4490 Neocaecurienci
572 4454 595 4493 c.
635 4440 660 4489 1.
689 4439 824 4489 cacerdoe
862 4453 975 4489 acorem
1003 4439 1177 4505 eonjupium,
1201 4438 1347 4491 adulteroc
1367 4445 1461 4488 autem
1484 4444 1511 4487 et
1528 4435 1719 4498 fornicatorec
1737 4454 1755 4486 a
1776 4437 1840 4488 Dea

144 4527 247 4577 ducens
274 4524 424 4592 deponitur
452 4524 487 4574 ab
508 4524 622 4586 ordine,
651 4523 703 4576 hoa
730 4530 784 4588 eet,
809 4531 840 4575 ut
865 4525 975 4592 ecponit
997 4526 1185 4592 judicandae.
1232 4524 1353 4576 Accedit
1377 4531 1402 4575 ct
1424 4522 1489 4584 hac,
1509 4521 1585 4588 quod
1604 4520 1661 4571 nisi
1678 4520 1843 4588 heijticmodi

143 4609 251 4679 plocen,
271 4610 306 4661 ab
324 4609 420 4677 aspicio
440 4614 465 4660 et
484 4626 539 4661 non
561 4609 707 4675 beneficio,
724 4607 772 4658 abi
790 4616 816 4659 et
832 4608 909 4661 illud
926 4609 976 4659 ad·
1003 4611 1164 4679 eonjupium
1182 4611 1331 4676 toleretur,
1362 4611 1409 4679 uia
1437 4609 1534 4662 idonei
1559 4605 1692 4658 eccleciae
1719 4607 1843 4660 ministri

145 4698 231 4762 ditur,
250 4697 341 4765 mapic
351 4695 453 4764 puniri
463 4697 636 4748 sacerdotem
648 4696 698 4762 qui
709 4694 876 4756 somniatur,
894 4710 975 4762 quam
1003 4698 1187 4764 inpactorum
1206 4711 1312 4765 quaque
1329 4695 1449 4747 ine-eniri
1460 4701 1597 4762 poterunt.
1637 4692 1731 4753 Quare
1748 4693 1775 4746 ei
1791 4711 1841 4746 un·

144 4783 194 4852 qui
216 4782 329 4850 pnibliee
355 4781 504 4836 contrahit.
550 4782 634 4833 Idem
663 4782 796 4833 statuitur
824 4797 923 4834 canon.
952 4784 977 4832 b'.
1006 4800 1089 4850 quam
1113 4791 1220 4851 tempuu
1236 4782 1301 4850 suit
1326 4783 1461 4848 antiquae
1490 4778 1613 4846 alicujus
1632 4781 1842 4833 consuetudinis

145 4868 257 4922 concilii
275 4869 424 4936 peneralie
467 4867 504 4918 In
531 4867 770 4920 conctitutionibuc
793 4885 858 4920 uero
875 4868 978 4921 Leonis
1005 4871 1210 4935 immutandae,
1245 4877 1319 4921 certe
1346 4868 1415 4918 haec
1448 4873 1574 4932 tempora
1600 4864 1687 4932 liujus
1715 4865 1842 4933 quam

144 4957 228 5009 irrita
248 4957 285 5024 fit
308 4953 476 5016 canditatio,
503 4969 574 5020 qaae
601 4955 738 5007 diaconae
765 4961 792 5007 et
816 4956 978 5007 sacerdotes
1002 4955 1093 5024 pricei
1116 4957 1203 5007 marm
1228 4953 1449 5006 immutationem
1475 4950 1603 5017 aliquam
1621 4952 1783 5018 efstapitare
1801 4949 1842 5003 ni·

140 5050 207 5111 pact
234 5043 441 5096 ordinationem
463 5041 659 5093 contrabentcc
684 5060 703 5094 a
727 5042 859 5095 clericali
882 5042 979 5094 habitu
1006 5044 1121 5110 dentur,
1146 5060 1207 5093 cum
1232 5039 1331 5110 optimi
1350 5040 1450 5106 quiqice
1473 5044 1499 5089 et
1522 5037 1731 5104 relipiaciccimi
1749 5052 1842 5089 cacer-

146 5133 185 5182 ad
200 5130 357 5198 profanam
376 5130 464 5182 uitam
482 5128 578 5195 redipi
594 5127 668 5195 vult,
684 5129 783 5181 etatuit
802 5145 877 5191 vero,
896 5137 927 5182 ut
944 5129 979 5181 ab
1007 5130 1086 5181 dotec
1102 5129 1299 5196 infirmitatem
1326 5142 1407 5176 cuam
1430 5132 1611 5191 aanoccentee
1639 5132 1664 5175 et
1689 5130 1843 5192 perpetuae

146 5232 177 5268 eo
204 5223 313 5267 tantum
337 5217 451 5276 ordine,
481 5230 562 5282 quem
588 5221 654 5266 ante
680 5217 795 5282 nuptiae
823 5224 979 5282 tenuerunt,
1006 5214 1185 5268 scortationie
1212 5212 1385 5277 foeditatem
1415 5210 1650 5272 ecborreecentec‚
1680 5209 1707 5261 ei
1731 5208 1845 5277 publice

145 5303 292 5364 recedant,
318 5318 368 5353 aec
391 5300 488 5353 habitu
511 5299 596 5365 cleri,
623 5315 674 5351 nec
698 5301 822 5365 lepitima
846 5303 980 5355 ecclesiae
1006 5319 1063 5354 non
1081 5301 1194 5367 audent,
1213 5308 1286 5352 certe
1304 5296 1442 5367 priuatim
1461 5296 1622 5364 eonjapium
1640 5297 1777 5347 incantet
1795 5312 1844 5364 po·

149 5389 304 5441 miniaterio
324 5387 481 5455 prirentur.
519 5384 587 5439 Cum
614 5387 702 5454 icitur
720 5387 789 5438 haec
807 5388 982 5441 matrimonii
1004 5389 1094 5457 puluc
1109 5387 1207 5446 hodie.
1225 5395 1256 5438 ut
1275 5384 1415 5451 dicimus,
1433 5398 1465 5435 eo
1485 5385 1579 5436 animo
1598 5390 1777 5450 comparatus
1795 5389 1845 5450 eet,

1460 5483 1514 5541 16“Ι
