4020 6014
643 244 697 301 DI
713 243 972 305 uenturum
983 245 1174 312 Memm-
1692 259 1757 317 W

55 413 204 468 synogoga
215 398 330 452 moena
342 407 390 464 est,
405 402 548 471 pandiae
564 401 651 470 iosus,
668 402 821 472 impictatis
839 405 890 456 ιιο·
920 404 946 459 9.
960 404 996 457 llt
1011 402 1213 473 negotiationes
1230 403 1329 459 dicbus
1340 404 1500 459 Dominicis
1519 419 1644 460 meuc
1656 407 1758 475 μοι’»

58 504 130 554 mue,
148 486 286 539 amentiae
306 487 526 555 receptaculum,
546 488 623 557 quod
640 490 720 542 Deus
739 488 893 545 commit.
920 490 1047 544 tenetur.
1082 488 1154 545 Cum
1170 488 1244 546 enim
1262 488 1333 545 inter
1349 488 1520 546 Christism
1538 491 1756 565 virtutemne

58 572 100 627 Et
115 576 226 642 postes:
245 571 378 626 Ecclesia
388 587 561 644 synagogem
580 575 704 644 seclusit,
721 592 775 630 eur
791 575 895 630 iterum
923 575 1008 631 ιιιιιιιιι
1050 574 1270 631 Christianorum
1314 573 1481 632 suhhathtm
1520 576 1684 648 emerent,
1720 596 1757 635 ne

60 666 197 722 tsetutur,
214 666 245 711 ut
263 661 343 728 opud
362 659 469 714 Christi
484 661 640 728 famulum,
663 660 717 717 hoc
734 664 776 718 est
793 663 830 716 ds
844 677 893 732 ps·
924 662 1039 733 publico
1076 662 1208 718 masdeio
1243 661 1315 717 iliud
1350 662 1455 718 uolut
1490 662 1754 722 mimadserteatnr.

59 752 138 799 ctore
161 745 244 809 fidei,
278 746 315 798 ds
341 746 425 798 domo
453 744 562 800 Christi
585 764 733 816 smmpopo
762 748 896 803 secludat
923 748 1005 804 Adde
1034 748 1109 820 qnod
1136 748 1192 802 sint
1213 747 1442 803 msam
1468 751 1557 817 ensi,
1588 767 1655 823 ergo
1674 754 1757 824 jen·

59 829 470 887 momenmentum.
491 838 515 887 5.
539 831 695 906 Witsherg.
715 831 736 888 i.
755 838 815 890 tec.
832 849 896 889 sne·
923 835 1124 906 meseriptum
1142 834 1214 906 legis
1232 834 1345 890 divium
1370 834 1400 889 iu
1428 835 1567 892 nhhatho
1585 837 1756 895 Christisno·

61 916 109 973 det
130 916 285 971 Christiano
304 916 495 989 mugistrstui,
529 923 560 973 ut
583 918 755 975 ‚ludaeorum
773 936 894 992 synogo-
923 937 982 975 rum
1007 938 1026 976 a
1049 919 1192 977 luborihue
1210 927 1239 976 et
1265 921 1500 993 negotistionibns
1525 922 1620 979 feriari
1642 925 1754 985 dehent,

60 1020 112 1074 gas
131 1003 242 1073 penitus
260 1008 373 1059 evertat
411 1008 435 1058 3.
454 1003 496 1060 Ne
518 1005 665 1060 Judaeum
687 1007 729 1059 sd
755 1005 894 1061 Cloe-iuiu-
921 1005 1009 1062 ereo.
1027 1012 1075 1076 ιι,
1100 1025 1125 1062 r.
1146 1012 1186 1063 to.
1221 1006 1401 1078 Consmnsns
1417 1014 1473 1076 est,
1504 1009 1579 1079 quod
1604 1008 1753 1066 Christiani

60 1107 126 1143 num
139 1090 229 1155 fidem
248 1090 372 1143 trourire
389 1090 545 1159 cupientem
561 1089 589 1143 ri
605 1095 655 1144 sut
671 1090 771 1147 hunde
789 1092 892 1147 detine·
920 1109 977 1148 non
995 1092 1116 1148 debeant
1133 1093 1188 1148 illis
1215 1092 1349 1164 obsequis
1373 1099 1401 1149 et
1423 1093 1536 1151 servitis
1558 1102 1699 1165 praetere
1724 1098 1754 1152 in
1767 1107 1820 1150 xiv.
1833 1106 1867 1150 es.

58 1181 121 1244 snt,
153 1174 196 1230 rel
222 1174 280 1230 ullo
309 1175 391 1230 modo
419 1175 537 1231 laedant
583 1176 713 1232 Extremo
739 1177 804 1233 odio
831 1178 895 1232 iilos
921 1177 1019 1234 diebus
1046 1179 1209 1248 subbaticis,
1236 1195 1272 1235 ne
1295 1178 1403 1234 scilicm
1426 1179 1455 1233 in
1478 1196 1530 1234 sus
1557 1181 1753 1251 superstitione

59 1266 277 1332 prosequuntur,
305 1260 352 1332 qni
382 1260 566 1318 eludaismo
589 1263 626 1317 sd
653 1262 893 1319 christinianum
921 1281 968 1320 sos
987 1265 1150 1321 confirment
1168 1272 1198 1322 et
1216 1265 1367 1336 ipsofscto
1385 1266 1532 1320 articulum
1552 1265 1616 1322 fidei
1638 1267 1755 1323 Christi-

59 1353 219 1416 trunscunt,
248 1347 391 1418 appellent
416 1364 464 1403 eos
482 1338 649 1424 :summm
679 1354 822 1419 apostatas
845 1350 896 1405 ab·
921 1367 992 1407 unae
1010 1352 1045 1408 de
1061 1353 1243 1425 abrogatione
1261 1353 1448 1408 Leriticsrum
1468 1354 1685 1409 ceremoniarum
1704 1354 1754 1410 sh-

62 1434 161 1490 seissos
181 1433 218 1489 ab
235 1433 310 1487 omni
328 1450 377 1503 spe
394 1432 491 1489 eslutis
509 1440 537 1489 et
555 1435 662 1505 grstise
683 1434 801 1504 dirinse,
820 1433 896 1490 unde
922 1444 1032 1509 negent
1068 1440 1191 1493 Justs'tiu
1216 1446 1245 1495 et
1268 1441 1397 1510 aequites
1415 1439 1535 1511 requirit
1551 1445 1573 1493 1.
1598 1441 1629 1493 iu
1645 1458 1754 1508 perere,

61 1521 187 1592 siquem
204 1520 240 1573 sd
266 1518 436 1574 Christianos
461 1519 569 1575 abitum
597 1537 697 1591 perere
722 1521 894 1577 anisasdrer·
925 1529 958 1578 ut
975 1525 1128 1580 seeundum
1151 1527 1198 1596 jus
1216 1526 1371 1580 Romanum
1400 1524 1528 1595 peritios,
1558 1526 1756 1597 tranquillone

60 1614 132 1668 tunt,
150 1622 213 1661 enm
232 1605 335 1660 cerceri
356 1606 515 1675 includunt,
534 1607 652 1664 velulis
670 1608 893 1680 rutionepropo-
922 1611 982 1666 sins
1000 1610 1220 1667 Christianorum
1235 1611 1366 1667 mmdslo
1392 1611 1496 1668 virent.
1533 1609 1604 1666 Cum
1628 1612 1701 1668 enim
1725 1614 1755 1671 in

60 1694 143 1749 sitnm
179 1694 239 1762 ejus
266 1691 446 1748 intervertere
487 1699 626 1765 satagunt
669 1694 805 1750 Memorat
829 1694 896 1750 Hel·
924 1696 982 1751 suis
997 1696 1150 1767 mejeribns
1167 1696 1280 1768 publice
1297 1696 1415 1767 professi
1440 1697 1510 1764 sint,
1532 1716 1563 1753 se
1581 1700 1755 1753 mutabere

62 1779 157 1847 mens,
181 1795 210 1833 se
229 1777 329 1849 legisse
348 1794 380 1833 sc
401 1778 449 1833 diu
475 1796 569 1835 seenm
594 1780 725 1836 hahuisse
748 1780 893 1851 epistolam
922 1800 1014 1850 regem
1031 1783 1090 1836 uisi
1106 1799 1248 1837 cscsursm
1263 1781 1328 1839 doh.
1349 1787 1395 1846 te,
1423 1801 1448 1839 r.
1470 1789 1508 1839 15.
1534 1800 1652 1856 cumque
1670 1784 1753 1855 priri-

62 1865 165 1921 Judsei
184 1865 221 1919 de
239 1870 359 1936 cognato
377 1882 428 1920 sno
447 1866 485 1920 sd
496 1865 736 1922 Christianismum
754 1883 894 1934 conuerso,
923 1868 1003 1940 legiis
1022 1867 1129 1939 imperii
1148 1868 1203 1923 frui
1221 1875 1250 1924 et
1268 1869 1392 1940 gsudme
1410 1869 1538 1940 cupiant,
1565 1869 1628 1926 ideo
1654 1870 1752 1926 merito

62 1953 142 2022 cujus
159 1957 267 2022 petrem
286 1957 387 2014 monet,
405 1956 437 2005 ut
454 1958 566 2008 sceuset
584 1952 671 2007 filium
684 1969 802 2025 magnae
822 1971 894 2008 sum·
923 1960 1068 2025 eoguntur,
1086 1960 1120 2010 ut
1135 1955 1288 2011 secundum
1304 1957 1382 2029 leges
1390 1956 1531 2012 Romm
1545 1957 1646 2012 virent.
1673 1959 1700 2012 t.
1717 1959 1755 2011 lu

61 2055 122 2094 mse
142 2037 276 2109 pecuniae
294 2037 389 2092 furtim
408 2045 560 2109 surreptus,
580 2046 611 2093 ut
630 2039 683 2094 hoc
702 2039 784 2094 modo
804 2040 896 2095 exelu·
924 2042 1017 2110 specis
1041 2040 1127 2112 igitur
1149 2040 1298 2112 requiritur
1326 2047 1348 2097 1.
1371 2050 1402 2096 ut
1424 2044 1461 2096 ιιι
1482 2043 1593 2097 illicitis
1614 2050 1642 2097 et
1661 2044 1756 2099 mmo·

60 2125 126 2180 dere
154 2140 217 2179 etun
244 2123 332 2193 possit
359 2140 377 2178 s
404 2124 528 2195 legitime
560 2125 713 2182 hereditate
746 2134 775 2182 et
807 2126 898 2182 famae
925 2128 1032 2182 mmet
1048 2129 1144 2182 uem-is
1162 2130 1298 2182 adrem
1311 2128 1487 2184 Christianos
1505 2129 1667 2184 coercendis
1684 2132 1756 2184 dssr'-

64 2211 156 2267 lahsm
183 2210 306 2281 aliquem
337 2210 511 2282 adspergere.
572 2211 681 2269 Rsbhi
700 2212 804 2268 Beshsi
831 2214 898 2268 ecri-
925 2221 1014 2283 stam,
1043 2231 1095 2270 nee
1121 2214 1258 2270 ensedsnt
1280 2214 1309 2271 in
1336 2214 1479 2286 erigendis
1506 2214 1636 2271 omuibus
1657 2217 1757 2275 sunnis

64 2297 123 2360 bit,
146 2298 290 2351 Judaeum
312 2297 482 2365 baptizatum
506 2298 568 2352 rius
588 2307 704 2368 percolo
735 2316 754 2353 u
782 2300 899 2354 Judoso
925 2300 1036 2355 modum
1058 2317 1077 2355 n
1091 2300 1201 2371 legibus
1217 2300 1427 2371 praescriptum.
1463 2301 1579 2356 Frustra
1594 2301 1640 2356 hic
1658 2319 1756 2373 proro-

64 2384 159 2439 occidi
173 2399 265 2453 posse
300 2383 335 2438 ld
352 2399 418 2439 vero
439 2384 541 2439 severis
560 2384 669 2456 legibus
696 2384 899 2455 prohibendum
925 2392 991 2442 cant
1010 2387 1046 2442 nd
1068 2388 1158 2458 legem
1175 2386 1290 2443 Denter.
1310 2392 1352 2454 13,
1370 2405 1396 2442 v.
1417 2392 1469 2441 to:
1495 2387 1521 2440 A
1537 2388 1689 2456 peregrino
1707 2406 1757 2443 scu

64 2487 99 2526 ae
118 2470 280 2540 deprehensi
298 2470 383 2540 hujus
408 2470 530 2525 criminis
555 2472 596 2526 rei
615 2470 736 2542 graviter
754 2472 895 2542 puniendi.
925 2476 1037 2529 meno
1067 2473 1137 2527 licet>
1166 2474 1217 2527 titi
1244 2491 1360 2527 usurum
1395 2473 1511 2542 ccipere.
1559 2473 1757 2545 Praeterquam

60 2558 80 2611 1.
100 2556 215 2612 Judseis
234 2562 258 2611 3.
279 2554 309 2610 C.
330 2557 365 2610 de
382 2555 449 2613 lud.
475 2563 503 2611 et
521 2556 648 2612 Coelicol.
674 2557 791 2611 iismmis
818 2558 896 2612 addi·
924 2559 997 2614 enim
1015 2560 1090 2629 quod
1108 2558 1219 2628 ipsimet
1237 2559 1274 2614 sd
1292 2572 1431 2614 messmm
1450 2559 1626 2628 provocsndo
1645 2568 1674 2616 st
1686 2560 1759 2616 hies«

63 2649 172 2707 cuntur,
190 2642 213 2698 si
232 2641 373 2697 Judaeum
391 2641 427 2696 sd
447 2640 633 2697 Christianam
651 2642 812 2714 mugioncn
829 2660 893 2700 con·
925 2646 994 2702 dem
1013 2645 1187 2717 repudiando
1204 2646 1335 2718 indignos
1351 2662 1383 2702 ss
1400 2645 1453 2700 hoc
1471 2646 1619 2719 privilegio
1632 2646 1758 2714 ιοιοιὶιιι,

61 2747 171 2786 versum
193 2729 266 2783 senis
293 2728 384 2783 sliore
401 2727 502 2784 furoris
520 2746 621 2799 genere
637 2735 775 2784 attentare
793 2734 823 2785 et
839 2748 896 2787 mo·
927 2733 1002 2804 qnod
1023 2733 1121 2788 merito
1151 2736 1248 2787 contra
1268 2733 1343 2802 ipsos
1365 2731 1504 2787 liutherus
1528 2740 1622 2804 urget.
1650 2734 1759 2789 aceedit

62 2817 164 2873 lsstnre
182 2814 242 2869 nusi
261 2813 372 2870 tuerint.
411 2821 435 2870 ι.
455 2815 498 2872 Ne
514 2832 672 2888 quenquam
689 2831 705 2870 e
727 2817 898 2872 Christianis
926 2820 1038 2889 insuper
1056 2823 1085 2874 et
1101 2819 1161 2886 hoe,
1183 2818 1256 2890 quod
1274 2818 1318 2874 lsx
1329 2817 1380 2873 illa
1396 2818 1526 2888 sitplsne
1543 2819 1679 2888 specialia
1695 2838 1757 2891 per-

61 2903 104 2955 ncl
116 2919 198 2956 suum
217 2900 441 2970 superstitionem
458 2902 625 2969 permulsere
639 2901 773 2958 laborent.
799 2902 828 2958 si
851 2920 899 2958 no·
927 2907 1020 2961 tineus
1035 2905 1072 2959 sd
1092 2905 1253 2960 Cenanseos
1272 2904 1356 2959 exitio
1378 2904 1506 2972 devotos,
1523 2904 1552 2960 id
1570 2906 1646 2978 qnod
1664 2921 1697 2961 cn
1716 2907 1757 2977 ip·

60 2993 135 3043 strue
165 2986 231 3042 fidei
250 2987 388 3042 hominem
417 2986 653 3056 circumciderint,
679 2987 812 3044 bonorum
831 3006 892 3059 pro-
927 2992 964 3047 sis
978 2990 1114 3046 Bsbbinis
1136 2990 1249 3061 qnidam
1268 2997 1431 3061 agnoscunt,
1449 2991 1498 3063 qui
1515 3008 1565 3062 per
1580 2993 1760 3064 peregrinum

61 3074 212 3145 scriptione
223 3078 396 3143 etperpetuo
413 3073 510 3128 exsilio
527 3073 695 3129 damnentur
712 3075 730 3130 l.
752 3080 791 3131 16.
809 3075 839 3130 C.
857 3075 893 3131 de
926 3085 1030 3148 septem
1045 3076 1168 3146 populos
1185 3077 1369 3131 Palaestinos
1390 3076 1508 3149 intelligi
1534 3077 1643 3144 dicunt,
1669 3078 1757 3151 quod·

59 3161 127 3217 «lud.
145 3167 174 3217 et
192 3159 293 3216 Coelio.
328 3158 358 3214 si
378 3157 565 3214 Christianum
582 3161 618 3214 sd
633 3178 712 3216 suam
730 3161 892 3230 religionem
927 3182 982 3237 que
999 3181 1049 3219 nos
1068 3181 1125 3219 nou
1143 3162 1377 3235 simusperegrini
1395 3168 1424 3219 st
1435 3163 1560 3220 eduense
1578 3165 1757 3229 indecorum,

61 3248 221 3319 pertrahere
249 3247 311 3302 ansi
338 3251 412 3310 sunt,
439 3247 670 3317 proscriptionem
699 3247 833 3304 bonorum
865 3255 894 3304 et
926 3251 976 3306 sed
994 3250 1049 3320 ipsi
1066 3249 1159 3320 potius
1176 3248 1206 3303 in
1224 3253 1299 3304 terra
1320 3255 1415 3305 notua
1426 3250 1502 3305 velut
1514 3252 1621 3306 exsules
1637 3266 1757 3307 commo

60 3333 204 3405 unguitur
229 3335 311 3388 etism
338 3348 454 3403 poenum
478 3333 614 3390 sustinere
638 3334 749 3390 debent
766 3335 787 3391 l.
806 3341 846 3410 11.
864 3340 893 3390 et
926 3346 1029 3396 rentur,
1076 3337 1209 3392 Helvinus
1249 3336 1357 3392 erudite
1396 3338 1528 3394 adversus
1569 3337 1643 3407 ipsos
1675 3341 1759 3409 urget

64 3427 102 3478 18.
122 3421 149 3474 d.
169 3421 211 3474 tit
247 3426 271 3476 5.
288 3420 332 3476 Ne
361 3435 423 3474 cum
442 3417 606 3474 Christims
632 3422 813 3477 matrimonio
829 3439 892 3477 cou-
926 3425 978 3480 hoc
996 3429 1205 3496 argumentum:
1226 3423 1253 3476 A
1270 3424 1370 3490 fratre
1385 3431 1433 3478 tuo
1456 3442 1516 3477 noe
1532 3424 1625 3491 scices
1641 3439 1758 3477 wara

61 3509 179 3575 emunt,
197 3506 428 3580 quispericulum
442 3512 492 3576 est,
511 3524 546 3562 ne
564 3507 745 3578 simpliciores
760 3509 894 3565 estiment
925 3511 1038 3566 Denter.
1056 3516 1104 3578 ιι,
1131 3526 1157 3563 r.
1180 3514 1218 3565 te.
1240 3509 1318 3580 etqui
1343 3510 1481 3564 Edoms'tu
1504 3517 1545 3563 ert
1569 3510 1667 3572 freter
1685 3516 1758 3578 tuus,

62 3605 90 3652 et
110 3596 210 3651 liberos
229 3594 257 3648 in
275 3611 326 3648 eus
343 3593 538 3664 superstitione
564 3594 683 3650 educare
701 3594 804 3665 velint,
829 3596 894 3651 inde
927 3615 952 3654 v.
972 3603 995 3651 1.
1015 3612 1078 3652 cum
1095 3613 1161 3667 ergo
1178 3596 1280 3651 ludaei
1293 3594 1462 3649 Christiuncs
1480 3595 1603 3650 heheam
1620 3612 1671 3666 pre
1683 3594 1757 3651 Ede

61 3685 80 3740 l.
117 3683 160 3738 Ne
179 3681 241 3754 quie
261 3687 284 3737 6.
304 3680 334 3736 C.
354 3680 524 3736 deluderis
543 3686 571 3736 et
595 3696 656 3735 cen.
683 3697 744 3736 reos
763 3687 805 3738 23.
824 3697 849 3752 q.
871 3688 895 3737 5.
927 3683 1016 3749 mitis,
1048 3682 1144 3753 utique
1164 3682 1190 3736 ri
1208 3681 1282 3736 iliius
1305 3680 1376 3752 legis
1399 3697 1455 3735 non
1472 3680 1569 3736 licebit
1585 3681 1626 3736 eis
1643 3697 1662 3736 a
1679 3680 1757 3737 Chri·

64 3769 268 3825 matrimonium
292 3769 363 3823 iuter
387 3767 462 3838 ipsos
486 3771 515 3823 et
538 3767 707 3822 Christianos
731 3767 783 3823 snb
807 3785 897 3839 poene
927 3769 1025 3824 etisnie
1039 3768 1232 3824 immoderatas
1247 3766 1473 3838 usnrsseuigere.
1502 3773 1524 3823 ι.
1546 3769 1582 3821 Ut
1600 3775 1757 3823 tractmtur
1847 3810 1860 3822 ..

63 3855 178 3927 cspitnli
198 3854 378 3911 interdicitur.
416 3857 442 3908 6,
465 3854 499 3908 Ut
517 3861 653 3922 eoguntur
675 3855 759 3908 odire
781 3855 897 3910 Ohrr'ati·
925 3855 1313 3925 touquumseroistsusulsr,
1330 3854 1624 3925 adigsntursdopere
1639 3855 1758 3924 servilis,
1816 3912 1819 3919 ,

64 3961 184 3998 osorum
202 3941 308 4010 templo
328 3946 357 3995 et
377 3940 522 3996 conciones
539 3956 632 3994 sacres
657 3939 762 3994 audire.
795 3940 897 4006 Quum·
925 3957 977 3996 nec
1002 3941 1061 3996 ulla
1083 3940 1128 3996 rel
1151 3940 1266 3995 minima
1288 3940 1481 4012 praerogative
1497 3957 1565 4012 pree
1592 3939 1757 4008 Christiano,

64 4027 109 4083 vis
130 4027 203 4082 enim
221 4027 284 4099 cogi
304 4044 359 4082 non
378 4025 502 4096 possint,
521 4031 554 4081 nt
573 4025 685 4097 abjecta
703 4027 896 4096 superstitione
925 4029 1010 4084 etism
1027 4027 1158 4083 vilissimo
1175 4027 1231 4082 illis
1248 4028 1424 4084 concedetur.
1460 4026 1530 4082 Cum
1551 4027 1625 4083 enim
1642 4033 1756 4099 propter

64 4114 185 4170 Judsiea
202 4113 230 4167 in
248 4112 390 4168 Christum
408 4113 645 4184 credent,tsmen
665 4112 896 4169 remedialiter
926 4113 1130 4170 crucifixionem
1150 4113 1269 4169 Messius
1286 4130 1303 4169 e
1320 4120 1395 4168 terra
1413 4131 1464 4169 sua
1481 4113 1614 4170 divinitus
1636 4114 1693 4170 sint
1710 4132 1755 4170 ex·

65 4201 223 4257 sdhihenda
253 4206 281 4254 et
307 4199 453 4255 obstsmls
482 4198 606 4269 ejusdcm
636 4199 808 4254 renroveuds
833 4199 895 4271 cogi
924 4201 996 4272 pulsi
1015 4207 1044 4256 et
1060 4205 1195 4272 perpetuo
1208 4198 1304 4254 exsilio
1322 4199 1481 4271 mancipeti,
1498 4200 1561 4256 ideo
1574 4217 1692 4271 aequum
1706 4205 1757 4269 est,

64 4295 189 4358 possunt,
209 4294 240 4341 ut
262 4287 410 4342 venitatem
435 4285 594 4341 subsistunt
616 4285 852 4353 Talmudicsrum,
876 4304 895 4341 s
925 4292 958 4344 nt
978 4304 996 4342 s
1015 4285 1179 4343 Christianis
1192 4286 1296 4342 duriter
1308 4290 1469 4354 tranuntur,
1490 4286 1653 4358 grusimime
1671 4302 1756 4343 oners

65 4374 167 4446 quibus
185 4373 237 4429 toti
256 4373 384 4445 pendent,
406 4379 434 4428 et
450 4371 516 4429 fidei
533 4371 708 4427 Christianae
725 4372 815 4428 solide
833 4372 896 4429 iun·
924 4373 979 4428 illis
1004 4373 1180 4444 imponantur
1199 4379 1228 4428 et
1251 4372 1445 4428 vilissimorum
1470 4372 1670 4442 mancipiorum
1695 4371 1756 4427 loco

65 4462 197 4516 demente
214 4477 248 4515 ex
267 4459 434 4531 propheticis
446 4458 584 4515 vaticiniis
600 4465 777 4530 cognossent.
817 4462 838 4515 7.
861 4462 895 4515 Ut
923 4459 1092 4528 hommem,
1124 4475 1181 4531 qus
1203 4459 1309 4513 ratione
1334 4459 1445 4513 mustus
1476 4457 1542 4513 huis
1565 4458 1643 4529 genti
1667 4456 1757 4512 issum

64 4548 133 4601 libri
151 4548 276 4601 Hchroci
286 4547 416 4616 impressi
431 4547 475 4601 sel
487 4546 673 4615 manuscripti
684 4546 756 4615 ipsis
772 4547 896 4616 eripior·
923 4546 1040 4618 deprimi
1059 4551 1087 4603 et
1103 4546 1140 4601 sd
1154 4545 1264 4616 peccati
1276 4544 1320 4599 sui
1332 4543 1503 4617 agnitionem
1521 4543 1618 4598 eadem
1638 4543 1754 4615 perduci

63 4642 120 4691 tur.
154 4633 282 4704 Duplicis
311 4632 351 4686 illi
380 4638 446 4687 sunt
471 4632 596 4704 generis,
628 4632 742 4703 quidem
772 4638 837 4688 sunt
865 4634 893 4689 in
922 4633 1031 4705 poterit.
1068 4632 1247 4705 Consequens
1261 4633 1345 4704 huius
1367 4629 1531 4687 conditionis
1550 4635 1601 4698 est,
1620 4630 1695 4701 quod
1715 4632 1756 4684 od

66 4719 250 4776 Christianam
280 4719 442 4789 religionem
479 4718 647 4789 blasphemi,
688 4718 802 4790 quidem
831 4734 896 4775 vero
921 4719 1030 4774 mellum
1045 4736 1166 4788 prorsus
1183 4735 1282 4772 munus
1301 4717 1452 4789 publicum,
1476 4715 1595 4772 medus
1613 4733 1676 4772 eum
1696 4716 1756 4788 dig·

64 4807 153 4863 multa
171 4806 331 4872 continent,
361 4821 433 4874 quse
456 4821 506 4874 pro
528 4804 584 4860 fide
602 4804 760 4861 christinus
777 4804 896 4862 iaciunt.
922 4805 1009 4861 nitste
1027 4805 1205 4875 conjunctum
1223 4803 1325 4859 ludaei
1347 4801 1457 4859 sdmitti
1483 4800 1605 4857 debeant
1623 4801 1640 4859 l.
1659 4802 1704 4858 tin
1724 4802 1754 4860 C.

65 4895 206 4964 Utrosqus
225 4890 347 4946 studiose
366 4890 522 4958 occultent,
542 4891 591 4946 sed
610 4891 790 4963 magistratus
808 4898 895 4947 utros·
924 4892 959 4948 de
982 4890 1050 4947 Jnd.
1075 4897 1104 4946 et
1129 4890 1230 4948 Coelio.
1259 4889 1334 4960 quod
1352 4887 1546 4956 possessiones
1567 4889 1755 4958 praediorum

65 4999 119 5052 que
140 4980 175 5035 eh
196 4978 251 5033 illis
269 4982 444 5046 extorquent,
465 4977 570 5047 priores
591 4979 712 5048 quidem,
730 4995 766 5033 ne
783 4994 894 5034 couver-
924 4985 950 5032 et
968 4974 1152 5032 immobilium
1169 4978 1305 5030 tonorum
1322 4989 1378 5028 non
1397 4972 1453 5027 sint
1471 4972 1527 5028 illis
1544 4976 1754 5045 permittendus,

64 5066 136 5121 sioni
154 5067 278 5137 ipsorum
297 5077 432 5132 remoram
450 5061 583 5133 injiciant,
611 5063 791 5133 posteriores,
810 5070 842 5119 nt
859 5045 910 5161 adi
924 5063 999 5135 quod
1025 5079 1081 5118 non
1105 5062 1188 5118 hosat
1212 5061 1280 5132 ipsis
1306 5059 1409 5116 hebere
1427 5061 1598 5130 mancipium
1616 5060 1753 5118 curcua-

64 5153 130 5208 iidei
149 5151 322 5208 Christianus
342 5149 576 5205 confirmationem
598 5148 627 5202 in
651 5148 794 5220 publicum
813 5150 1005 5214 edun-tuum,
1031 5148 1106 5220 quod
1131 5149 1161 5203 in
1185 5146 1269 5202 simili
1289 5162 1391 5218 genere
1419 5145 1515 5202 delicti
1532 5147 1644 5219 grerim
1662 5147 1754 5218 puniri

65 5246 118 5295 tur.
153 5243 177 5293 8.
215 5239 247 5292 Ut
278 5238 377 5291 Biblia
404 5236 433 5290 ιἰι
462 5235 530 5290 eliis
556 5236 640 5289 etium
664 5236 771 5303 linquis
797 5230 1024 5345 leguntidebest
1039 5235 1166 5293 ludseus
1185 5250 1268 5305 quem
1288 5231 1476 5302 Christianus,
1496 5233 1563 5305 quie
1581 5240 1622 5289 est
1639 5233 1753 5290 Christi·

65 5325 227 5398 praesertim
254 5325 283 5379 iu
302 5322 476 5392 Germanica,
503 5328 531 5377 et
555 5321 608 5377 hec
634 5321 741 5378 ratione
763 5339 782 5378 ιι
801 5340 896 5394 super-
922 5340 1038 5380 anorum
1052 5319 1235 5392 mancipium,
1253 5321 1383 5393 qnodque
1400 5319 1430 5376 in
1448 5319 1540 5377 censis
1554 5319 1711 5376 debitorum
1726 5327 1754 5377 st

64 5411 180 5467 stitiosis
198 5411 297 5481 glossis
309 5409 499 5466 Rubbinorum
512 5409 546 5463 ud
560 5408 710 5479 genuinum
720 5348 910 5465 monostemi
922 5409 1088 5481 injuriarum
1105 5406 1277 5463 Christianus
1300 5408 1331 5463 in
1354 5406 1472 5480 pedam
1490 5405 1591 5462 ludaei
1609 5405 1752 5463 creditoris

64 5503 157 5556 textu
183 5497 284 5554 niune
309 5496 521 5569 intelligentiam
552 5494 688 5567 usuum
710 5493 895 5555 ιιιιιιιιιι.
908 5471 956 5553 ln
983 5493 1052 5553 ιιιιι
1083 5508 1141 5549 non
1162 5492 1202 5549 ιιι
1222 5491 1303 5551 unu
1330 5492 1436 5553 emur
1463 5491 1633 5550 ιιιιιιιιιι.
1671 5494 1700 5550 e.
1721 5493 1755 5549 ιιι
