4020 6014
213 256 269 312 tro
788 244 909 303 LOCUS
926 241 1130 302 VICESIMUS
1147 241 1311 303 TERTIUS

208 421 233 455 v.
262 409 287 458 3.
315 402 397 457 hodie
417 408 552 457 vocantur
578 419 703 457 camerae
729 401 877 457 secretarii.
912 400 1052 453 Alterumi
1067 398 1164 465 illurn,¹
1192 417 1216 453 0.
1247 401 1268 454 1.
1293 406 1322 451 01
1349 416 1405 452 nou
1423 398 1490 452 10110
1514 404 1556 450 est
1573 414 1669 450 seruus
1687 413 1763 450 00000
1780 398 1902 466 Moyses,

208 506 316 557 eorum,
346 489 394 558 qui
427 490 597 559 privatorum
626 495 784 543 contractus
807 493 836 542 et
858 488 1040 540 instrumenta
1067 502 1090 538 o.
1109 488 1132 536 8.
1156 501 1203 538 ore
1221 484 1294 537 enim
1308 486 1350 537 od
1368 504 1399 539 oa
1416 485 1517 553 loquor·
1532 484 1567 547 ei,
1585 486 1721 553 adspectu
1734 493 1761 538 et
1776 503 1833 538 soa
1846 501 1903 553 per

158 580 163 600 ¹
208 575 337 630 videntur
356 575 550 645 descripsisse,
578 593 646 646 quos
665 574 785 628 notarios
801 573 883 627 hodie
903 588 1041 634 vocamus,
1068 572 1226 639 uenipmetu
1257 580 1283 624 ct
1311 574 1420 639 fiparaa
1448 574 1540 625 Deum
1567 572 1652 626 uidet.
1689 576 1712 626 5.
1743 572 1903 625 Doctrinae

211 670 232 717 1.
252 661 343 716 Paral.
365 668 389 727 2,
407 680 434 716 0.
454 669 494 717 55.
530 661 631 716 Psalm.
652 668 693 725 45,
711 680 737 716 v.
759 666 782 716 2.
817 660 1038 729 10031011.
1067 658 1240 714 certitudine.
1265 658 1428 714 Sacerdotes
1437 658 1548 714 urendi
1559 658 1681 728 periculo
1695 658 1773 714 fuere
1784 657 1903 724 obnoxii,

208 748 254 803 cui
269 749 310 803 rei
328 765 439 819 operam
458 748 552 803 solitos
574 747 659 802 fuisse
677 752 779 800 navare
799 745 916 802 cinaeos
936 744 1040 798 nullam
1069 750 1100 798 nt
1125 745 1275 800 ostendunt
1303 748 1428 815 exempla
1452 744 1550 809 Uriae,
1577 745 1682 799 Passur
1702 751 1752 800 etc.
1771 745 1821 799 sed
1841 760 1903 814 pro-

208 836 313 906 0110001
333 835 513 889 hereditatem
531 852 593 889 cum
611 834 739 888 tribubus
758 833 882 901 sortitos,
900 831 988 902 liquet
1008 847 1040 884 ex
1069 830 1183 900 phetae,
1205 838 1302 902 utpote
1321 833 1479 888 immediate
1497 849 1514 887 a
1532 833 1594 887 Deo
1611 832 1709 900 afflati,
1729 833 1758 886 in
1777 832 1904 886 doctrina

212 928 233 976 1.
252 921 343 975 Paral.
364 925 393 990 2,
419 939 445 976 0.
462 927 504 976 51.
540 920 584 975 De
601 919 644 973 his
663 920 772 973 duobus
789 919 940 973 scribarum
958 934 1040 989 gene·
1068 933 1123 970 non
1150 925 1275 973 errarunt
1301 936 1352 974 nec
1379 936 1471 975 errare
1493 925 1651 988 potuerunt.
1686 919 1902 972 aberratione.

208 1008 285 1062 ribus
304 1007 357 1061 hoc
376 1008 435 1061 loco
454 1024 509 1060 non
531 1005 648 1077 agimus,
664 1006 712 1061 sed
730 1005 765 1060 de
784 1004 879 1074 tertio,
897 1004 971 1075 quod
989 1003 1042 1057 suit
1069 1002 1231 1058 Sacerdotes
1255 1004 1368 1060 fuerunt
1390 1005 1419 1058 in
1443 1005 1545 1076 populo
1573 1004 1727 1060 israelitico
1752 1021 1841 1076 usque
1865 1004 1903 1058 ad

209 1086 317 1157 eorum,
341 1093 388 1163 qui
417 1093 501 1147 divini
516 1093 589 1161 juris
614 1092 687 1146 inter
704 1095 810 1146 ceteros
835 1089 917 1161 periti
936 1095 995 1144 tum
1013 1088 1041 1143 in
1068 1088 1222 1160 Christum,
1242 1092 1290 1146 sed
1308 1092 1459 1163 prophetae
1479 1109 1497 1147 0
1514 1092 1685 1162 temporibus
1702 1091 1838 1148 Samuelis
1856 1108 1903 1145 us·

209 1179 373 1250 synagogis,
405 1186 463 1232 tum
488 1178 517 1232 in
543 1177 646 1248 templo
672 1177 763 1248 legem
790 1176 940 1246 docebant,
967 1175 1042 1229 unde
1069 1192 1123 1246 que
1141 1177 1177 1232 ad
1195 1178 1361 1233 Malachiam
1382 1178 1510 1233 ultimum
1524 1180 1559 1236 V.
1573 1179 1606 1232 T.
1619 1179 1782 1250 prophetam
1803 1177 1903 1232 florue-

209 1266 291 1321 etiam
309 1271 422 1337 νομικοί
439 1273 467 1320 01
486 1264 723 1339 νομοδιδάσκαλοι
736 1262 1004 1319 fueredictiMatth.
1020 1270 1042 1330 1,
1068 1268 1151 1331 runt,
1175 1264 1269 1319 Actor.
1296 1266 1324 1332 3,
1350 1282 1376 1318 0.
1400 1270 1440 1320 21.
1464 1270 1528 1335 post
1553 1268 1633 1336 cujus
1658 1270 1785 1336 tempora
1809 1263 1903 1318 nuilus

208 1373 234 1409 v.
254 1359 295 1408 29.
332 1370 355 1407 c.
377 1358 408 1413 8,
434 1359 521 1409 019.
555 1368 578 1405 0.
598 1357 645 1420 23,
668 1371 694 1405 0.
712 1358 734 1407 2.
774 1351 926 1420 Marcii,
955 1367 981 1403 0.
1001 1353 1043 1404 28.
1070 1350 1188 1419 amplius
1206 1350 1401 1406 adIsraiilitas
1421 1352 1520 1405 missus
1537 1351 1748 1422 fnitpropheta.
1788 1351 1904 1407 Monen-

208 1439 276 1494 Luc.
297 1447 328 1507 5,
350 1459 376 1494 v.
396 1446 436 1495 3⁰.
475 1456 499 1492 0.
521 1445 565 1508 11,
593 1444 681 1495 011.
705 1445 757 1494 ete.
780 1443 951 1508 γραμματεῖς
969 1435 1041 1490 dice·
1070 1436 1135 1490 dum
1159 1445 1251 1491 tamen
1269 1437 1321 1491 hoc
1347 1438 1414 1506 loco,
1433 1439 1584 1508 prophetae
1610 1456 1711 1494 nomen
1737 1439 1906 1510 quandoque

212 1526 325 1594 bantur,
360 1527 426 1597 quia
459 1525 515 1596 legi
544 1524 743 1579 describendae
767 1531 796 1579 et
819 1522 1042 1593 interpretandae
1070 1523 1215 1577 ordinariis
1242 1524 1401 1579 doctoribus
1422 1542 1455 1580 ex
1479 1525 1555 1580 tribu
1572 1524 1641 1580 Levi
1668 1525 1793 1581 oriundis
1810 1524 1905 1592 tribui,

210 1613 361 1676 vacabant,
380 1629 521 1668 sacrarum
540 1611 699 1666 tabularum
716 1612 844 1666 custodes
863 1618 892 1665 et
911 1609 1041 1678 interpre·
1070 1617 1102 1663 ut
1125 1615 1242 1680 apparet
1265 1628 1299 1666 ex
1318 1611 1421 1666 ierem.
1447 1616 1494 1680 26,
1524 1630 1549 1666 0.
1572 1617 1610 1668 11.
1647 1630 1669 1666 c.
1690 1618 1736 1680 29,
1767 1629 1793 1666 0.
1817 1620 1838 1668 Ι.
1855 1611 1904 1666 ubi

210 1706 260 1753 tes.
295 1701 353 1754 der.
373 1705 404 1766 8,
428 1716 454 1754 v.
473 1707 497 1755 8.
532 1699 630 1755 Matth.
651 1705 697 1768 13,
723 1718 749 1756 v.
768 1705 807 1754 12.
843 1697 917 1754 Vide
941 1696 1042 1751 Bezarn
1071 1696 1227 1750 sacerdotes
1256 1701 1285 1750 ct
1313 1696 1465 1767 prophetas
1496 1699 1706 1769 conjunguntur
1737 1715 1770 1752 sc
1794 1698 1906 1753 nornine

211 1786 240 1839 in
258 1794 351 1842 annot.
368 1785 466 1839 Matth.
486 1792 532 1841 2..
1070 1785 1266 1854 prophetarum
1291 1785 1421 1840 videntur
1443 1784 1562 1855 intelligi
1587 1785 1640 1851 illi,
1669 1802 1737 1857 quos
1756 1785 1840 1857 paulo
1859 1802 1904 1840 su·

83 1884 161 1925 00000·
246 1880 305 1928 212.
340 1872 485 1927 Ordinatio
516 1872 601 1943 igitur
617 1872 798 1927 ministerium
826 1871 1042 1927 ecclesiasticum
1071 1872 1163 1941 perine
1180 1871 1339 1925 vocavimus
1357 1871 1480 1942 scribas,
1508 1871 1557 1926 sed
1578 1872 1737 1926 curatione
1757 1870 1905 1942 propheta·

82 1936 198 2038 ,ffissssffsst
211 1978 229 2014 a
248 1961 344 2029 Moyse
370 1976 458 2030 usque
480 1960 516 2013 ad
535 1958 675 2013 Christum
698 1958 830 2013 Leviticb
851 1958 1043 2011 sacerdotibus
1071 1976 1132 2012 rum
1151 1975 1252 2013 nomen
1268 1958 1313 2012 hic
1327 1976 1382 2013 non
1392 1957 1553 2029 accipimus,
1573 1976 1668 2013 verum
1680 1975 1731 2029 pro
1744 1958 1903 2014 doctoribus

82 2042 157 2131 ’,Ὗ
173 2039 197 2079 ¹⁸
210 2046 264 2103 fuit
285 2046 497 2114 demandatum,
521 2045 570 2101 sed
597 2045 663 2116 quia
687 2044 727 2099 illi
751 2045 779 2099 in
799 2045 988 2100 conservanda
1009 2060 1042 2096 ae
1072 2045 1287 2099 extraordinarie
1311 2054 1339 2100 et
1362 2046 1521 2101 immediate
1535 2064 1553 2101 a
1570 2046 1631 2101 Deo
1651 2046 1765 2110 voeatis,
1784 2063 1836 2101 neo
1853 2045 1904 2100 hu·

83 2117 165 2182 01001·
210 2133 394 2204 propaganda
428 2133 569 2188 doetrinae
610 2133 735 2188 coelestis
772 2132 929 2187 sinceritate
966 2136 1044 2185 erant
1070 2133 1190 2187 manitus
1209 2133 1359 2197 institutis,
1380 2133 1430 2188 sed
1448 2133 1542 2188 divina
1554 2132 1733 2203 inspiratione
1750 2131 1903 2200 illustratis,

83 2203 143 2235 Μ’
212 2221 380 2292 quandoque
411 2221 598 2292 negligentes,
632 2220 701 2291 quin
726 2224 754 2275 et
777 2219 922 2273 Baaiitioie
947 2217 1043 2270 aliisve
1071 2237 1186 2291 quorum
1205 2220 1303 2274 seriem
1321 2220 1514 2290 proposuimus
1533 2222 1557 2288 §.
1576 2227 1618 2275 40.

212 2308 391 2362 idololatricis
411 2307 533 2362 cultibus
545 2324 605 2362 eam
620 2306 856 2375 contaminabant,
874 2305 938 2359 ideo
956 2310 1043 2359 extra·
1106 2311 1163 2362 213.
1192 2306 1344 2361 Doctorum
1369 2305 1502 2362 ecclesiae
1527 2305 1562 2363 N.
1584 2305 1617 2363 T.
1643 2305 1755 2379 ἔξαρχος
1773 2311 1801 2360 01
1819 2311 1961 2376 000011,ι

212 2393 349 2448 ordinarie
368 2393 445 2447 Deus
462 2393 572 2448 vocavit
584 2393 756 2465 propbetas,
782 2410 899 2464 quorum
924 2391 1043 2445 ministe-
1071 2401 1113 2448 est
1125 2392 1259 2458 Christus,
1279 2393 1326 2465 qui
1349 2384 1963 2476 110001010011011οτἀρχιποιμὴν0010-ῗῇ1

211 2480 253 2534 rio
271 2480 444 2549 corruptelae
462 2479 699 2550 abstergerentur,
727 2478 872 2548 promissio
892 2479 928 2532 de
943 2477 1045 2533 Mensis
1070 2498 1134 2550 ceps
1153 2489 1302 2549 pastorum
1330 2486 1352 2535 1.
1372 2479 1449 2534 Petri
1470 2487 1500 2549 5,
1519 2498 1545 2533 0.
1565 2487 1590 2536 4.
1612 2479 1753 2553 ἀρχιερεύς
1772 2479 1859 2536 Hebr.
1879 2484 1904 2546 2,

213 2571 383 2635 repeteretur
410 2573 439 2621 et
465 2565 649 2619 illustraretur
677 2571 761 2635 atque
789 2565 824 2617 ad
845 2564 1043 2634 poenitentiam
1070 2585 1096 2620 v.
1125 2573 1163 2621 11.
1188 2572 1239 2622 ete.
1266 2566 1417 2626 ἐπίσκοπος
1443 2571 1497 2619 τῶν
1519 2568 1616 2635 ψυχαῖν
1638 2572 1660 2621 1.
1680 2566 1755 2620 Patr.
1775 2572 1800 2635 2,
1818 2584 1844 2620 0.
1862 2571 1903 2622 21.

213 2653 350 2724 agendam
374 2667 524 2722 poenamm
548 2650 708 2722 specialium
733 2651 944 2706 comminatione
961 2651 1043 2707 homi·
1070 2654 1099 2707 in
1118 2670 1172 2726 quo
1184 2659 1270 2724 typus
1282 2654 1430 2709 sacerdotii
1441 2652 1561 2707 Levitici
1580 2653 1812 2724 complementum
1824 2669 1904 2708 sunm

212 2758 261 2795 nes
279 2739 470 2795 invitarentur.
507 2738 638 2803 Quamvis
656 2739 729 2793 enirn
743 2739 863 2809 utrique,
882 2745 941 2793 tum
955 2754 1045 2793 sacer·
1071 2739 1198 2795 obtinuit.
1232 2741 1382 2812 Postquam
1405 2740 1479 2795 enim
1504 2740 1532 2793 in
1563 2739 1598 2795 V.
1616 2741 1648 2795 T.
1670 2744 1835 2813 πολυμερῶς
1859 2744 1906 2794 001

212 2826 303 2893 (10100,
333 2833 393 2881 tum
411 2827 575 2897 prophetae,
600 2825 628 2879 in
648 2824 765 2879 docendi
784 2842 897 2880 munere
916 2825 1045 2896 occupati
1072 2827 1253 2900 πολυτρόπως
1280 2829 1361 2880 Deua
1387 2827 1454 2880 olim
1477 2827 1585 2881 locutus
1605 2829 1740 2896 patribus
1759 2845 1816 2901 per
1837 2845 1907 2898 pro-

211 2919 317 2978 essent,
345 2919 438 2968 tamen
457 2913 512 2966 alia
530 2918 610 2966 erant
629 2911 801 2967 differentiae
819 2912 926 2983 capita,
944 2911 1045 2983 quibus
1070 2914 1177 2984 phetes,
1207 2915 1355 2967 0001001000
1385 2914 1494 2967 loeutus
1525 2922 1567 2967 est
1596 2915 1676 2968 nobie
1707 2933 1759 2984 per
1789 2915 1907 2979 Filium,

211 3001 329 3054 invicem
349 2999 605 3071 distinguebantur,
626 3007 722 3069 utpote
744 3001 935 3054 invocationis
954 3003 1045 3053 modo.
1073 3000 1159 3056 Hebr.
1179 3007 1207 3069 1,
1232 3019 1257 3055 0.
1281 3006 1305 3058 1.
1326 2999 1377 3070 pai
1396 3009 1436 3053 eet
1454 3001 1484 3053 10
1508 3001 1572 3053 0100
1591 3002 1705 3065 Patris,
1730 3003 1789 3071 ipse
1813 3001 1907 3073 ἐξηγή-

131 3099 138 3111 “
213 3085 379 3142 Sacerdotes
397 3103 447 3156 per
465 3082 630 3139 ordinariam
645 3085 845 3139 successionem
863 3086 1045 3140 ministerium
1073 3106 1150 3148 curo,
1172 3088 1316 3140 caenavit
1334 3095 1360 3139 et
1377 3086 1503 3158 esposuit
1528 3089 1609 3140 uobis
1630 3089 1777 3142 0000111000
1797 3090 1858 3142 Dei
1873 3089 1908 3145 de

213 3173 430 3228 ecclesiasticum
451 3171 629 3241 obtinebant,
658 3172 810 3242 prophetae
830 3189 880 3242 per
897 3172 1045 3225 extraordi·
1072 3173 1162 3228 salute
1185 3180 1278 3227 nostra
1302 3171 1377 3227 ioh:
1393 3180 1419 3242 1,
1443 3190 1469 3228 0.
1495 3178 1533 3228 18.
1571 3172 1599 3225 10
1619 3189 1825 3243 praecursorem
1854 3175 1907 3232 sibi

213 3260 319 3313 nariam
339 3259 512 3326 missionem,
542 3258 677 3328 peculiari
695 3259 814 3328 Spiritus
839 3259 927 3312 sancti
948 3257 1044 3312 afflatu
1073 3259 1158 3330 elegit
1169 3258 1327 3315 Johaunem
1339 3258 1504 3329 Baptistam,
1516 3259 1564 3330 qui
1575 3261 1761 3330 poenitentiae
1774 3263 1907 3318 concione

214 3348 254 3401 illi
279 3346 504 3400 admovebantur.
542 3349 568 3400 2.
591 3345 715 3414 Oripine.
751 3344 913 3400 Sacerdotes
940 3360 1048 3414 semper
1073 3347 1146 3401 siam
1165 3346 1218 3400 sibi
1238 3351 1362 3416 pararet,
1389 3344 1423 3399 de
1449 3361 1504 3416 quo
1527 3344 1588 3415 ipsa
1610 3352 1729 3402 testatur
1745 3347 1843 3403 Matth.
1865 3355 1905 3414 11,

214 3439 293 3489 erant
316 3449 350 3486 ex
373 3432 447 3486 tribu
471 3432 599 3486 Levitico
622 3431 781 3503 etquidem
807 3447 841 3485 ex
861 3430 982 3485 Aaronis
998 3447 1046 3500 po·
1073 3450 1098 3488 0.
1128 3440 1172 3489 ll:
1202 3434 1267 3486 Noe
1292 3432 1412 3485 00000011
1437 3427 1510 3485 inter
1536 3440 1618 3486 notos
1640 3435 1788 3488 mulierum
1811 3436 1905 3505 major

214 3520 352 3589 steritate;
383 3519 432 3572 sed
462 3517 613 3588 prophetae
645 3519 728 3574 etiarn
762 3537 794 3574 ex
824 3518 884 3572 aliis
918 3517 1046 3572 tribubus
1073 3521 1203 3574 Johonne
1225 3520 1374 3588 Baptista,
1400 3520 1450 3588 qui
1470 3526 1560 3572 cutem
1584 3519 1826 3589 minoribusque
1847 3540 1905 3577 coe·

215 3606 347 3660 divinitus
372 3603 572 3670 excitabantur,
599 3611 631 3659 ut
654 3612 762 3659 constat
783 3604 914 3674 exemplis
938 3603 1046 3668 Esaiae,
1073 3608 1178 3670 loram,
1200 3607 1295 3674 major
1316 3613 1358 3658 cat
1377 3606 1436 3660 itio.
1480 3605 1557 3660 ldem
1576 3624 1631 3661 non
1650 3607 1739 3662 solum
1759 3608 1905 3665 duodecim

213 3691 353 3759 Danielis,
379 3691 464 3744 Amos
487 3699 539 3744 eto.
582 3694 608 3746 3.
630 3692 743 3755 Officio.
779 3692 961 3746 Sacerdotum
987 3690 1046 3745 0111-
1073 3692 1220 3764 apostolos,
1238 3692 1328 3746 sedet
1345 3692 1523 3764 septuaginta
1536 3693 1725 3764 discipulosin
1743 3695 1839 3751 schola
1856 3714 1907 3753 sua

123 3834 128 3841 ,
153 3803 156 3809 ·
213 3779 286 3833 cium
304 3785 364 3833 erat
380 3794 435 3830 non
454 3782 562 3830 tantum
581 3778 689 3847 docere,
709 3778 757 3833 sed
776 3780 859 3834 etiam
877 3776 1047 3840 sacrificare3
1072 3779 1151 3849 prius
1177 3778 1337 3832 informatos
1365 3779 1393 3833 in
1419 3781 1546 3833 civitates
1569 3781 1695 3836 iudaeae
1721 3783 1808 3852 misit,
1838 3800 1907 3854 qnos

214 3864 366 3935 prophetae
398 3880 463 3919 vero
499 3864 615 3918 docendi
650 3881 762 3919 munere
796 3866 918 3920 contenti
954 3873 1046 3936 partes
1075 3866 1147 3918 dono
1165 3863 1360 3918 miraculorum
1378 3865 1518 3935 instruxit,
1546 3874 1578 3920 ut
1600 3868 1799 3937 praedicationi
1826 3886 1908 3926 evan·

214 3949 389 4006 sacrificandi
418 3967 561 4021 nunquam
586 3949 776 4020 attingebant3
807 3952 882 4022 quod
914 3951 985 4006 enim
1012 3951 1047 4006 de
1074 3952 1139 4022 gelii
1152 3950 1235 4006 fidem
1248 3959 1276 4007 01
1287 3953 1479 4008 auctoritatem
1489 3954 1671 4010 conciliarent
1688 3954 1757 4012 Luc.
1779 3963 1825 4026 10,
1844 3970 1869 4012 0.
1885 3965 1907 4015 1.

212 4038 276 4092 Elia
301 4037 404 4107 legitur
430 4044 452 4092 t.
480 4036 550 4106 Reg.
582 4042 625 4104 18,
657 4052 682 4088 0.
710 4042 750 4093 38.
780 4038 870 4108 ipsum
896 4036 1047 4109 aliquando
1075 4054 1108 4090 00
1132 4045 1195 4107 post
1220 4054 1298 4092 suam
1318 4040 1546 4094 resurrectionem
1576 4041 1654 4094 novis
1672 4041 1791 4112 Spiritus
1819 4044 1909 4098 sancti

214 4125 404 4191 aaem'ficame,
433 4123 462 4177 id
480 4123 535 4176 fuit
552 4124 638 4194 plane¹
658 4122 797 4193 singulare
815 4129 844 4177 et
862 4124 1046 4178 extraordina-
1075 4123 1154 4177 donis
1173 4141 1223 4194 per
1242 4124 1367 4178 afflatum
1385 4126 1492 4179 collatis
1512 4125 1651 4194 apostolos
1672 4127 1811 4182 instruens
1832 4146 1908 4184 man·

214 4211 285 4265 rium
304 4208 458 4281 exemplum
472 4210 604 4279 peculiari
618 4208 670 4262 Dei
683 4210 816 4263 instinctu
829 4209 864 4263 ad
885 4211 1047 4265 convincen·
1075 4209 1170 4263 datum
1194 4210 1248 4264 illis
1274 4210 1351 4265 dedit
1376 4212 1411 4265 de
1436 4211 1625 4282 praedicanda
1648 4213 1676 4267 in
1696 4222 1755 4268 1010
1773 4221 1909 4270 terrarum

215 4298 265 4352 dos
285 4297 434 4351 Baaliticos
453 4297 610 4351 sacerdotes
630 4295 749 4364 factum,
776 4295 850 4351 undo
869 4297 952 4352 etiam
971 4302 1048 4351 extra
1075 4297 1141 4351 orbe
1159 4297 1295 4369 evangelii
1315 4298 1441 4353 doctrina
1458 4298 1556 4353 Matth.
1576 4304 1618 4369 28,
1635 4319 1660 4354 0.
1682 4308 1720 4357 19.
1757 4300 1844 4357 Marc.
1867 4309 1908 4373 16,

214 4386 304 4439 locum
333 4384 433 4439 aDeo
464 4380 608 4438 definitum
636 4382 801 4437 sacrificium
828 4385 896 4438 illud
924 4383 1046 4438 oblatum
1074 4402 1099 4438 0.
1132 4390 1172 4439 15.
1198 4386 1265 4455 quin
1294 4395 1322 4438 01
1355 4384 1445 4439 denuo
1469 4385 1679 4455 promissionem
1707 4388 1742 4444 ds
1767 4389 1908 4445 miraculis

214 4470 276 4540 fuit,
300 4471 375 4543 quod
402 4470 470 4526 alias
497 4486 591 4523 serere
609 4468 779 4538 prohibitum
799 4477 866 4528 erat.
908 4476 931 4523 1.
950 4473 1047 4524 Dono·
1074 4471 1195 4541 ipsorum
1214 4470 1365 4525 ministerio
1383 4471 1499 4526 edendis
1512 4474 1640 4542 repetivit
1652 4475 1738 4530 Marc.
1762 4483 1800 4540 16,
1819 4493 1844 4530 0.
1867 4483 1907 4534 16.

215 4578 277 4612 rum
296 4576 434 4614 menuae.
469 4557 631 4613 Sacerdotes
656 4572 712 4609 non
735 4557 813 4612 fuere
831 4558 958 4612 instructi
976 4559 1048 4611 dono
1075 4569 1158 4627 atque
1179 4558 1230 4611 hac
1247 4558 1355 4611 ratione
1372 4575 1422 4628 per
1439 4558 1627 4614 immediatam
1645 4562 1830 4630 vocationem,
1858 4580 1909 4635 per

215 4645 410 4700 miraculorum
428 4661 480 4699 nec
500 4643 615 4699 scientia
632 4645 801 4709 iuturorum3
828 4645 876 4699 sed
896 4644 1048 4716 prophetae
1075 4648 1240 4713 potestatem
1259 4651 1287 4698 et
1305 4645 1465 4698 mandatum
1487 4644 1578 4699 ubivis
1597 4645 1728 4717 docendi,
1755 4665 1805 4721 per
1824 4651 1908 4721 privi-

215 4731 260 4785 001
288 4732 359 4785 dono
390 4732 597 4799 miraculorum,
628 4729 671 4784 001
691 4729 806 4785 scientia
820 4729 985 4801 futurorum,
1006 4731 1048 4786 001
1075 4731 1178 4802 legium
1196 4730 1402 4786 infallibilitatis
1422 4731 1450 4784 in
1476 4731 1615 4803 (10011100,
1642 4751 1693 4804 per
1713 4735 1909 4793 miraculorum

217 4819 278 4873 aliis
306 4817 494 4887 peculiaribus
517 4826 545 4873 et
570 4815 792 4872 extraordinariis
818 4817 897 4871 donis
921 4818 1048 4873 instructi
1075 4817 1262 4889 operationem
1285 4817 1399 4890 reliquis
1426 4817 1460 4874 N.
1480 4819 1513 4872 T.
1535 4819 1665 4875 ministris
1684 4820 1759 4892 ipsos
1777 4825 1908 4879 antetulit

216 4905 310 4973 inere,
336 4904 411 4958 unde
434 4911 568 4959 vocantur
591 4906 715 4957 tridentes
744 4909 765 4958 1.
791 4903 910 4959 Samuel.
931 4911 959 4975 9,
978 4925 1003 4958 0.
1024 4912 1048 4961 9.
1075 4904 1147 4959 etin
1164 4905 1255 4976 gradu
1273 4905 1417 4959 ministerii
1436 4924 1550 4976 summo,
1571 4925 1630 4965 000
1649 4909 1756 4964 scilicet
1773 4912 1908 4982 proximo,

216 4992 293 5045 Deus
326 4989 397 5046 enim
428 4990 495 5059 ipsis
521 4990 686 5062 loquebatur
711 4990 755 5045 001
780 5007 830 5061 per
851 4990 970 5047 01010000
990 5001 1049 5048 tum
1076 5005 1122 5046 eos
1140 4992 1299 5061 collocavit,
1322 4993 1395 5047 unde
1415 4993 1517 5048 Paulus
1536 4995 1603 5049 dicit
1623 5002 1645 5050 1.
1665 4995 1726 5049 Gor.
1750 5002 1795 5063 12,
1821 5017 1846 5053 v.
1866 5006 1908 5057 28.

218 5079 339 5133 internas
358 5076 456 5139 menti,
481 5084 540 5130 tum
558 5084 684 5132 externas
702 5076 788 5131 oculis
810 5075 934 5146 objectas
948 5081 1005 5136 der.
1027 5088 1049 5151 1,
1077 5079 1150 5150 quod
1168 5079 1246 5133 Deus
1270 5079 1442 5134 constituerit
1470 5081 1498 5135 in
1521 5081 1639 5136 ecclesia
1656 5085 1769 5155 πρῶτον
1787 5085 1909 5142 ἀποστό-

99 5174 158 5218 xm.
171 5172 205 5218 111.
218 5182 242 5219 0,
260 5170 297 5220 11.
320 5163 421 5218 Erech.
439 5167 458 5230 1,
471 5180 496 5215 0.
510 5170 533 5216 5.
552 5168 603 5216 ete.
624 5164 669 5215 001
688 5164 1049 5240 ρο0000101080601μπο0,
1078 5169 1149 5230 tone,
1164 5166 1290 5237 primum
1306 5165 1362 5220 0100
1378 5167 1488 5239 primos
1508 5169 1658 5238 apostotos.

218 5251 263 5306 001
282 5267 332 5321 per
352 5251 488 5304 internum
507 5248 641 5317 afflatum,
662 5251 705 5303 vel
720 5267 770 5320 per
786 5251 947 5323 angelorum
967 5269 1049 5324 appa·
1112 5259 1169 5309 211.
1198 5251 1253 5306 Η10
1279 5269 1345 5325 ergo
1376 5260 1442 5309 ante
1468 5254 1570 5310 Christi
1604 5254 1813 5312 adscensionem
1836 5259 1963 5316 interant

218 5338 353 5403 ritionem,
371 5336 414 5391 vel
432 5334 663 5408 perfamiliarem
681 5337 887 5408 allocutionem,
906 5338 987 5394 Num.
1012 5347 1050 5411 12,
1077 5339 1209 5395 ecclesiae
1235 5338 1269 5396 N.
1300 5340 1332 5395 T.
1361 5343 1499 5397 ministros
1527 5340 1581 5395 init
1608 5342 1691 5396 ordo:
1724 5348 1746 5399 1.
1778 5347 1908 5402 Christus
1921 5325 1963 5418 ,Ἣ

217 5431 287 5480 0.(11
314 5424 349 5478 Si
367 5424 430 5492 quie
448 5423 537 5486 feeerit
555 5423 628 5475 inter
645 5440 694 5476 eoa
708 5426 850 5494 propheto
870 5427 1001 5492 Domini,
1020 5429 1049 5482 1π
1076 5428 1189 5499 ἔξαρχος
1195 5449 1206 5498 ,·
1234 5431 1261 5484 2.
1279 5429 1425 5484 ,10100000
1446 5428 1599 5499 30011010,
1625 5434 1652 5486 3.
1673 5432 1819 5486 duodecim
1839 5451 1907 5506 apo·
1922 5431 1963 5471 ⁸³⁸

217 5511 323 5568 0101000
340 5509 485 5583 apparebo
510 5510 545 5575 01,
572 5509 617 5564 vel
635 5526 690 5578 per
712 5513 849 5566 0000010110
878 5513 981 5585 loquar
1006 5521 1048 5573 ad
1074 5518 1157 5588 stoli,·
1181 5522 1204 5572 1.
1221 5520 1400 5587 reptuopiata
1423 5517 1567 5588 discipub.
1604 5518 1673 5575 Post
1697 5523 1908 5582 adscensionem
1921 5482 1963 5525 ,ΙΝ
