4020 6014
705 261 756 319 DE
775 260 1024 320 MAGISTRATU
1042 260 1227 318 POLI'PIOO.
1755 267 1816 327 267
1859 328 1862 337 ,

121 420 274 482 tormenta,
303 416 351 472 sed
374 432 423 487 per
447 414 683 486 praedicationem
708 415 777 487 legis
802 416 956 472 indelicta
981 418 1052 473 tinet
1069 393 1287 490 irapardloyta,
1310 418 1463 472 secundum
1482 422 1727 490 πραγματολογία,
1754 417 1944 496 quia‘ompn·

121 501 251 573 inquirit3
275 518 355 556 secus
375 502 435 573 agit
454 501 632 572 magistratus
653 501 790 573 politicus.
830 502 956 558 Minister
982 521 1032 574 per
1054 505 1181 561 notitiam
1205 505 1347 559 nominum
1376 505 1540 560 deducimur
1565 505 1601 560 ad
1633 505 1819 576 cognitionem
1832 495 1954 562 ῐθῑθνία·

123 589 257 645 ecclesiae
276 589 374 656 verbo,
401 588 682 645 excommunicatione
711 595 740 643 et
764 589 850 644 clavis
869 589 956 661 ligan·
983 606 1081 644 rerum.
1125 591 1171 644 Ad
1197 588 1419 663 ὀνοματολογίαν
1449 592 1569 662 pertinet
1597 597 1618 646 l.
1642 591 1819 659 irvpcloytn,
1835 588 1962 661 tlrvpo-

33 665 37 672 ’
122 675 159 729 tis
171 693 223 728 usu
237 677 346 729 coircet
360 675 551 747 delinquentes
570 680 653 746 atquo
671 675 765 746 arguit
787 676 871 731 etiam
887 676 957 730 inte·
985 682 1008 731 2.
1028 675 1187 749 ὁμωνυμία,
1208 683 1231 732 3.
1251 683 1421 746 sororcula.
1457 678 1539 732 Circa
1554 677 1752 749 etymologiam
1771 693 1819 732 no·
1832 659 1921 728 ²⁰74ss-

123 762 197 816 riora
223 760 324 815 delicta
348 766 375 815 et
405 759 599 815 absconditam
628 761 718 816 cordis
741 761 958 823 immunditiem
984 762 1113 825 tandum,
1134 764 1208 834 quod
1230 781 1332 819 nomen
1351 765 1530 835 magistratus
1549 764 1675 834 plerique
1694 761 1952 854 deriventffifflffi·

124 847 305 918 magistratus
323 846 417 918 gladio
434 848 515 917 punit
532 853 678 918 peccantes
704 854 732 903 et
756 853 871 904 externa
889 848 957 902 dun·
986 866 1003 904 a
1021 850 1166 917 magistro,
1184 850 1251 922 quia
1261 851 1337 921 apud
1355 850 1494 905 Romanos
1510 851 1543 913 is,
1564 850 1612 921 qui
1624 850 1744 905 dictator
1761 854 1821 904 erat
1871 841 1877 852 '

124 938 203 986 taret
221 932 322 987 delicta
341 933 369 986 in
389 932 485 1002 poenis
505 933 664 1004 infligendis
678 938 794 1004 spectat,
813 933 896 988 Deut.
919 940 959 1001 ll,
986 952 1019 990 ac
1043 952 1201 1007 supremam
1226 943 1393 1006 potestatem
1416 936 1548 1008 gerebat,
1575 937 1707 1007 magister
1725 936 1819 1008 appel-

124 1037 150 1071 ν,
171 1024 193 1073 t.
210 1025 237 1072 et
253 1036 331 1090 seqq.
985 1021 1038 1076 lari
1057 1020 1172 1085 solebat,
1191 1029 1224 1077 ut
1243 1041 1275 1077 ex
1296 1023 1435 1086 Cicerone,
1456 1021 1536 1076 Livio
1559 1026 1587 1076 et
1606 1022 1669 1076 aliis
1690 1021 1821 1077 historiae

161 1111 184 1158 3.
213 1102 341 1158 Ceterum
364 1120 420 1159 nou
444 1103 533 1157 solum
550 1105 630 1172 utile,
661 1105 709 1160 sed
733 1105 816 1160 etiam
835 1122 960 1158 necessa·
986 1108 1128 1164 Romanam
1161 1109 1344 1180 scriptoribus
1369 1115 1492 1175 constat,
1521 1114 1604 1179 atque
1627 1109 1718 1163 adhuc
1739 1108 1821 1163 hodia

26 1175 52 1255 ζ’.
73 1175 86 1202 ⁰
102 1181 199 1244 ‘rium
219 1195 269 1259 est,
285 1190 439 1266 doctripam
460 1189 494 1245 de
513 1190 677 1261 magistratu
694 1191 807 1262 politico
826 1191 898 1246 inter
915 1208 959 1245 ca·
986 1195 1015 1248 in
1034 1193 1194 1249 civitatibus
1213 1194 1374 1265 praesertim
1394 1192 1489 1248 liberis
1506 1200 1535 1248 et
1553 1194 1752 1264 imperialibus,
1773 1193 1820 1265 qui

13 1279 78 1358 0¹³¹,
125 1278 185 1348 pita
203 1275 267 1330 fidei
290 1274 463 1330 Christianae
483 1276 596 1330 tractari
613 1284 640 1330 et
661 1277 800 1348 explicari,
819 1283 877 1331 tum
897 1294 959 1348 pro·
986 1279 1023 1334 ad
1051 1278 1158 1333 clavum
1187 1279 1358 1354 reipublicae
1395 1279 1506 1346 sedent,
1536 1286 1671 1333 vocantur
1695 1279 1819 1351 magistri

12 1381 45 1410 ι.
125 1371 188 1435 pter
207 1379 268 1431 eos,
288 1363 335 1434 qui
356 1363 545 1435 magistratum
565 1370 669 1435 gerunt
687 1371 715 1419 et
732 1364 882 1435 imperant,
900 1371 957 1418 tum
987 1365 1098 1434 civium,
1117 1366 1242 1438 magistri
1256 1366 1386 1433 tribuum,
1402 1365 1613 1435 illirgrsmeilter,
1627 1367 1820 1436 &lactantium

127 1455 241 1520 propter
263 1466 323 1516 eos,
349 1449 396 1520 qui
414 1449 590 1521 magistratui
617 1457 723 1520 parent.
764 1450 878 1505 Illorum
896 1468 958 1506 con·
987 1452 1143 1519 ilmmeiltcr.
1189 1451 1299 1507 Caelius
1327 1451 1503 1523 Rhodiginus
1533 1451 1596 1505 libr.
1627 1459 1651 1508 l.
1683 1453 1820 1524 antiquar.

124 1537 255 1591 scientiae
274 1535 442 1591 erudiendae
461 1544 488 1591 et
506 1536 697 1592 informandae
721 1545 793 1605 sunt,
812 1543 843 1591 ut
861 1538 959 1604 sciant,
986 1538 1096 1593 lection.
1123 1554 1184 1610 cap.
1210 1545 1250 1593 17.
1276 1537 1370 1591 multis
1391 1537 1526 1605 ostendit,
1551 1539 1745 1610 magistratum
1771 1555 1820 1609 pro
1851 1522 1863 1537 ’

124 1639 155 1676 se
181 1622 283 1677 versari
311 1622 340 1675 in
369 1628 444 1676 statu
469 1622 601 1676 divinitus
630 1623 757 1677 ordinato
781 1638 815 1677 ac
842 1623 958 1693 proinde
987 1624 1123 1679 dictatore
1142 1626 1171 1679 in
1190 1625 1297 1695 epistol.
1316 1622 1459 1679 Ciceronis
1478 1625 1514 1678 ad
1535 1623 1647 1679 Gallum
1669 1641 1729 1680 esse
1748 1627 1820 1696 posi-

125 1707 209 1763 etiam
227 1707 288 1761 Deo
309 1707 452 1777 placente,
471 1725 521 1762 nec
539 1707 685 1762 turbentur
704 1708 888 1763 fanaticorum
905 1709 958 1762 dis·
986 1717 1054 1764 tum.
1092 1710 1176 1773 Quod
1193 1711 1390 1779 magistratum
1408 1709 1520 1782 (inquit)
1539 1728 1596 1780 pro
1616 1713 1756 1764 dictatore
1774 1728 1820 1764 aa·

124 1793 330 1866 putationibus,
358 1793 424 1847 huic
445 1794 555 1849 divinae
574 1794 741 1848 ordinationi
759 1794 857 1867 quovis
876 1794 958 1849 modo
987 1798 1139 1866 eliciamus,
1163 1798 1247 1866 sorte
1273 1796 1427 1850 ridiculum
1453 1797 1549 1851 sciolis
1568 1797 1647 1850 hausi
1673 1799 1714 1851 ita
1730 1798 1819 1850 multa

125 1880 334 1936 detrabentibus
364 1888 448 1950 atque
485 1885 516 1934 ut
540 1879 661 1948 discant,
693 1881 829 1952 quomodo
853 1880 881 1933 in
907 1880 959 1934 hoc
984 1884 1158 1938 versantibus
1176 1884 1313 1936 rideatur.
1353 1885 1478 1936 Catonem
1494 1884 1593 1936 scribit
1612 1883 1731 1952 Seneca,
1751 1901 1820 1952 eum,

125 1973 199 2021 statu
219 1964 279 2020 sese
296 1982 393 2037 gerere
413 1973 441 2020 et
458 1966 579 2020 muneris
602 1967 645 2021 sui
663 1974 756 2037 partes
779 1973 855 2023 recte
872 1968 958 2022 admi·
985 1987 1066 2038 quem
1089 1972 1171 2024 macla
1195 1970 1361 2024 dictatorem
1384 1969 1504 2022 dicimus
1530 1977 1554 2021 et
1580 1970 1610 2021 s‘n
1635 1969 1761 2024 historiis
1777 1970 1820 2024 ita

124 2053 242 2107 nistrare
271 2050 397 2106 debeant.
432 2051 532 2106 Exstat
555 2052 584 2107 in
607 2059 680 2108 tomo
704 2053 826 2108 secundo
843 2071 956 2124 operum
984 2057 1128 2116 nominari
1159 2056 1332 2121 lectitamus,
1378 2056 1459 2122 apud
1494 2057 1624 2124 antiquos
1657 2056 1820 2124 monestrum

125 2137 354 2194 Germanicorum
364 2137 497 2207 scriptum
506 2138 621 2193 Lutheri
632 2139 667 2194 de
674 2139 838 2210 magistratu
844 2139 957 2208 politico
982 2143 1087 2212 populi
1103 2149 1244 2206 vocatum,
1271 2150 1296 2196 et
1315 2142 1349 2195 id
1367 2142 1397 2194 ia
1415 2141 1497 2194 libris
1514 2149 1679 2195 annotatum
1697 2161 1819 2211 capara

127 2226 216 2296 deque
235 2224 395 2279 obedientia
414 2224 454 2278 illi
471 2227 647 2295 praestanda,
667 2226 740 2297 quod
760 2242 823 2280 cum
835 2225 957 2281 Frideri·
984 2231 1072 2296 libus,
1095 2237 1247 2297 praeterea
1267 2244 1326 2281 esse
1343 2236 1520 2296 argumenta,
1544 2229 1622 2296 quod
1639 2229 1689 2297 qui
1712 2231 1748 2281 ab
1766 2230 1819 2284 illo

126 2329 176 2365 cus
194 2310 328 2365 Saroniae
351 2312 405 2364 dux
425 2309 542 2381 Sapiens
563 2312 653 2366 dictus
674 2312 798 2383 legisset,
818 2330 885 2381 pree
903 2313 957 2367 lae·
983 2315 1193 2383 nominabatur,
1220 2315 1352 2382 magister
1385 2314 1507 2383 equitum
1533 2321 1596 2366 erat
1621 2322 1647 2367 et
1666 2315 1817 2370 dicebatur.

124 2399 186 2452 titia
204 2398 350 2452 exsultavit
367 2415 400 2452 ae
423 2398 539 2453 sublatis
568 2399 597 2452 in
616 2398 722 2453 coelum
749 2398 877 2452 manibus
895 2398 956 2453 Deo
984 2404 1078 2457 Porro
1106 2403 1185 2455 Titus
1210 2417 1318 2470 quoque
1343 2400 1441 2453 Livius
1462 2399 1630 2453 dictatorem
1655 2403 1746 2464 refert
1763 2419 1818 2455 mo·

125 2484 230 2558 gratias
249 2485 319 2554 egit,
351 2484 426 2557 quod
451 2501 483 2537 aa
508 2485 600 2538 sacris
622 2484 714 2538 literis
738 2485 798 2551 jam
819 2487 958 2553 cognitum
983 2492 1141 2545 derotmm
1153 2496 1236 2558 etque
1250 2486 1581 2554 maoistrumcoasulibus
1591 2488 1820 2556 apportamus

124 2578 206 2640 alque
235 2571 410 2638 exploratum
438 2579 554 2638 terreret,
584 2587 613 2623 se
641 2571 671 2622 iu
696 2571 835 2638 ejusmodi
858 2572 958 2625 ordina
985 2578 1020 2629 ste
1031 2576 1132 2640 sinibus
1147 2572 1245 2626 Cicera
1258 2573 1330 2625 libro
1345 2574 1373 2626 3.
1387 2574 1421 2634 de
1435 2573 1568 2641 sapiente,
1585 2574 1705 2639 Rectius,
1719 2574 1840 2642 iuquit,

127 2659 305 2711 constitutam
323 2674 393 2725 csse,
419 2657 469 2725 qui
485 2658 577 2709 Deum
595 2665 736 2711 auctorem
762 2656 863 2710 babeat
885 2665 910 2711 el
927 2659 957 2712 irs
985 2661 1176 2734 appellabitur
1195 2660 1329 2729 magister
1343 2660 1460 2728 populi,
1486 2661 1511 2713 is
1528 2661 1601 2712 enim
1627 2668 1667 2712 est
1687 2661 1818 2725 dictator,
1920 2719 1925 2730 ¹

126 2762 180 2814 quo
202 2744 273 2797 larsa
288 2743 458 2796 conscicntia
475 2743 586 2795 uersari
598 2744 715 2813 Deoque
727 2743 846 2812 placere
855 2745 957 2813 possit.
985 2767 1069 2819 qaam
1089 2748 1180 2816 Sylla,
1199 2747 1248 2815 qui
1263 2746 1565 2816 triumpests'ferorum
1583 2748 1721 2815 uitiorum,
1740 2747 1752 2798 l
1808 2777 1818 2788 ·

125 2830 162 2884 Hi
182 2829 218 2883 ad
231 2828 353 2884 debitam
366 2829 541 2898 magistratui
559 2828 744 2885 obedientiam
763 2831 957 2899 praestandam
985 2837 1061 2904 riae,
1085 2835 1238 2901 avaritiae,
1266 2832 1445 2886 crudelitatis
1463 2835 1597 2901 magister
1611 2833 1677 2896 fuit.
1716 2832 1817 2888 Hacte-

126 2916 260 2970 iucitandi
281 2919 309 2971 et
326 2915 427 2986 quibus
446 2913 604 2969 obedientia
629 2914 678 2968 illa
706 2915 869 2970 terminetur
887 2916 959 2971 limi·
985 2941 1038 2978 nus
1058 2920 1240 2992 Rhodiginus.
1275 2919 1372 2989 Ipsum
1394 2936 1459 2974 vero
1484 2936 1583 2975 nomen
1607 2920 1734 2991 magistri
1751 2920 1817 2976 Sex·

126 3002 211 3071 tibus,
231 3000 382 3055 erudiendi.
986 3014 1032 3063 tus
1060 3007 1209 3077 Pompejus
1239 3005 1353 3060 deducit
1379 3005 1416 3060 ab
1445 3004 1578 3059 adverbio
1612 3008 1717 3074 magis,
1744 3005 1818 3061 unde

59 3111 85 3138 u·
162 3087 366 3144 elinandum
386 3103 450 3141 vero
469 3086 521 3139 hoc
540 3086 615 3152 loco,
636 3086 711 3157 quod
729 3089 827 3141 taulus
848 3088 883 3143 de
903 3105 959 3143 ma·
986 3094 1151 3164 magisteria
1172 3093 1370 3164 (inquitidem)
1383 3093 1515 3145 dicuntur
1535 3093 1565 3144 in
1585 3093 1710 3146 omnibus
1727 3093 1819 3156 rebus,

37 3163 48 3188 ¹¹
125 3175 245 3243 gistratu
266 3174 301 3227 sit
320 3172 522 3244 quodammodo
541 3173 693 3243 angustior,
712 3190 775 3228 cum
793 3193 849 3230 uon
870 3176 958 3231 solum
987 3198 1059 3252 qaae
1076 3180 1168 3249 mapsa
1191 3180 1289 3233 celeris
1315 3187 1459 3248 praesunt,
1484 3185 1514 3231 at
1533 3178 1725 3246 magisterium
1743 3180 1817 3247 equi·

40 3283 46 3294 ·
127 3261 162 3314 de
179 3259 358 3331 magistratu,
387 3257 436 3312 sed
463 3258 546 3312 etiam
572 3258 607 3312 de
626 3259 746 3313 subditis
775 3261 804 3314 in
821 3259 874 3315 hoc
893 3261 959 3316 arti·
986 3266 1195 3332 launomarum
1216 3271 1267 3322 etc.
1288 3265 1345 3320 Cic.
1366 3264 1394 3319 in
1414 3264 1530 3320 libr.de
1550 3271 1667 3319 senece:
1688 3265 1738 3318 Me
1760 3281 1818 3318 ma-
1919 3310 1922 3315 .

125 3347 189 3401 oulo
216 3347 252 3400 sit
277 3343 461 3400 tractandum.
497 3343 629 3415 Duplices
661 3346 733 3399 enim
758 3363 893 3416 personae
921 3346 957 3400 ad
984 3355 1102 3423 pataria
1123 3353 1262 3407 Macram
1280 3368 1299 3404 a
1315 3351 1472 3419 majoritas
1496 3352 1634 3404 imitata.
1670 3350 1819 3407 Suetonius

124 3432 349 3488 constitutionem
376 3429 545 3499 reipublicae
570 3437 739 3486 concurrunt
762 3439 893 3506 tanquam
917 3451 957 3488 es·
984 3442 1013 3495 in
1032 3440 1162 3510 Augusto
1187 3438 1352 3504 magisteria
1380 3437 1596 3506 mrraicipiorum
1624 3436 1712 3506 ἀρχὰς
1730 3438 1818 3492 muni-

126 3520 253 3575 sentielis
279 3525 307 3572 et
331 3517 499 3588 integrantia
522 3517 646 3588 ejusdem
667 3518 802 3586 membra,
829 3519 958 3575 videlicet
985 3526 1087 3596 cipales
1106 3530 1194 3580 vocat.
1230 3522 1413 3593 Magisterare
1432 3523 1508 3594 apud
1526 3524 1641 3577 Festum
1659 3529 1702 3578 est
1721 3540 1819 3596 regere

124 3608 306 3676 magistratus
332 3609 360 3658 et
383 3604 504 3660 subditi:
533 3602 573 3657 illi
600 3611 748 3674 praesunt,
778 3605 806 3659 bi
825 3605 956 3674 subsunt,
985 3619 1014 3669 et
1035 3610 1173 3667 moderari
1198 3615 1328 3663 sumtum.
1370 3608 1429 3662 Alii
1457 3625 1522 3664 vero
1544 3609 1686 3664 deducunt
1715 3610 1752 3665 ab
1769 3626 1818 3681 ap·

124 3693 163 3747 illi
185 3694 336 3763 imperant,
355 3689 384 3743 hi
400 3697 513 3760 parent,
539 3706 602 3742 cum
621 3688 775 3759 reipublice
792 3691 860 3745 nihil
880 3692 956 3746 aliud
983 3698 1133 3769 pollutione
1145 3695 1200 3758 illa,
1220 3711 1276 3766 qua
1287 3695 1427 3764 sapientes
1440 3695 1588 3749 Persarum
1599 3695 1815 3754 honorabantur·¹

124 3781 174 3849 sit,
203 3796 286 3851 quam
313 3780 383 3831 ordo
412 3774 608 3844 imperantium
633 3792 668 3828 ac
687 3777 850 3844 parentium
873 3780 956 3833 certis
983 3783 1157 3839 Dicebantur
1183 3780 1255 3836 enim
1280 3780 1357 3850 apud
1383 3780 1484 3836 Persas
1506 3782 1599 3854 magi,
1631 3783 1679 3854 qui
1702 3782 1816 3839 Graecis

24 3908 27 3915 .
124 3869 240 3921 invicem
256 3865 361 3933 legibus
376 3863 574 3939 devinctorum,
592 3861 756 3917 Aristoteles
774 3862 821 3919 lib.
842 3871 862 3920 l.
879 3865 954 3932 polit.
984 3873 1063 3926 erant
1079 3867 1251 3939 philosophi,
1281 3866 1390 3922 Latinis
1408 3869 1564 3938 sapientes,
1587 3867 1676 3924 Galba
1695 3870 1816 3936 druides,

124 3971 185 4022 cap.
212 3957 236 4008 3.
277 3949 390 4004 Rectius
415 3949 500 4020 igitur
524 3948 559 4001 de
585 3946 703 4019 politicis
727 3949 771 4004 vel
796 3950 831 4006 de
860 3952 956 4006 ordine
982 3955 1131 4028 Aegyptiis
1155 3954 1325 4018 sacerdotes,
1347 3961 1379 4008 ut
1405 3955 1536 4026 magister
1561 3956 1597 4009 sit
1617 3956 1697 4027 quasi
1714 3966 1818 4028 μαγτης

123 4037 236 4110 politico
263 4035 308 4090 bic
333 4035 465 4090 articulus
485 4033 696 4103 inscriberetur,
723 4036 771 4091 scd
789 4036 956 4093 nolumusa
983 4047 1074 4111 iosap.
1114 4040 1209 4111 Magia
1226 4040 1299 4095 enim
1316 4039 1382 4094 olim
1398 4040 1516 4095 honesta
1533 4058 1586 4094 vox
1604 4047 1664 4096 erat
1680 4049 1707 4098 et
1723 4060 1817 4116 mago·

123 4129 237 4194 recepta
256 4123 284 4176 in
304 4121 422 4176 ecclesis
441 4119 572 4191 loquendi
591 4121 791 4177 cousuetudine
816 4123 953 4189 recedere,
982 4147 1043 4185 rum
1073 4127 1225 4199 appellatio
1263 4132 1322 4183 erat
1352 4127 1521 4199 amplissima
1556 4133 1585 4184 et
1619 4128 1817 4187 honestissima.

124 4211 232 4267 interim
251 4217 343 4263 tamen
361 4205 537 4262 evidentioris
556 4206 660 4260 ordinis
687 4224 771 4262 causa
795 4208 864 4264 duas
881 4210 954 4281 prin·
982 4218 1078 4273 einero
1087 4214 1135 4270 lib.
1149 4214 1265 4269 dadin:
1278 4213 1455 4283 Sapieatium
1468 4216 1652 4269 ctdootorum
1662 4231 1817 4282 psausma

124 4297 228 4368 cipales
246 4296 329 4365 hujus
351 4291 460 4346 articuli
480 4290 678 4346 constituemus
702 4299 810 4364 partes,
837 4314 954 4368 quarum
981 4321 1081 4374 parum
1104 4301 1255 4354 habebatur
1274 4300 1305 4352 in
1329 4299 1430 4354 Persis
1437 4320 1447 4361 ,·
1464 4298 1624 4354 Herodotus
1642 4299 1690 4356 lib.
1713 4307 1735 4357 l.
1753 4302 1816 4357 bist

123 4385 198 4457 prior
216 4387 282 4455 aget
300 4381 335 4436 de
354 4380 527 4451 magistratu,
546 4379 681 4449 posterior
699 4380 732 4433 de
750 4380 876 4439 subditis.
980 4409 1009 4461 p.
1029 4394 1077 4444 26:
1094 4386 1180 4456 Magi
1195 4388 1319 4450 fueruat
1335 4384 1475 4453 sapientes
1492 4387 1654 4439 Persarum.
1688 4385 1769 4442 Plato
1787 4386 1817 4442 in

699 4474 702 4480 ⁵
982 4474 1131 4534 Alcibiade
1150 4471 1236 4540 dicit,·
1253 4488 1354 4540 magos
1366 4471 1498 4527 Persicos
1515 4472 1608 4536 fuisse
1621 4473 1714 4526 diuini
1726 4482 1752 4527 et
1768 4475 1819 4528 hu·

480 4581 483 4589 ’
983 4559 1146 4630 mauijuris
1156 4560 1321 4628 interpretes
1331 4566 1358 4612 ct
1376 4559 1524 4613 universae
1536 4559 1734 4628 philosophias
1747 4578 1816 4631 pro·

350 4654 374 4715 P
392 4654 420 4715 Α
436 4653 466 4713 Β,
485 4653 504 4712 s
539 4653 563 4714 P
583 4652 647 4715 ΕΙ
665 4654 688 4717 0
709 4652 738 4712 R.
968 4639 973 4721 i
983 4653 1108 4715 sessores
1114 4667 1125 4713 ;
1151 4644 1251 4702 Suidas
1274 4645 1386 4715 scribit,
1409 4645 1472 4700 illos
1489 4645 1575 4700 fuisse
1588 4646 1774 4716 philosophos
1790 4657 1817 4704 ct

245 4774 409 4843 rna
440 4774 749 4843 reserans
777 4777 842 4842 n
980 4731 1341 4885 cellulae
1357 4732 1595 4889 hellus
1609 4736 1817 4877 nunu

362 4877 717 4944 MAGISTRATU·
985 4905 1135 4962 mabantur
1153 4904 1201 4976 qui
1219 4903 1255 4958 ad
1274 4919 1364 4957 rerum
1383 4901 1574 4972 gubernacula
1589 4902 1732 4972 evehendi,
1750 4909 1818 4979 qnin

987 4999 1015 5049 et
1046 4990 1099 5061 ipsi
1125 4989 1295 5061 quandoque
1319 5003 1468 5058 regnorum
1498 4986 1620 5042 habenas
1647 4991 1819 5063 obtinebant,

414 5046 436 5108 ⁰
453 5047 481 5108 Α
498 5046 523 5107 P
541 5046 610 5105 UT
644 5046 669 5106 1'
986 5083 1057 5135 teste
1079 5076 1211 5132 Cicerone
1222 5074 1282 5129 libr.
1305 5079 1325 5128 l.
1345 5073 1381 5127 de
1399 5072 1482 5128 divin.
1501 5072 1696 5140 indefectam,
1713 5085 1744 5131 ut
1760 5095 1818 5132 ma·

129 5168 268 5252 QUOD
286 5170 774 5237 ΟΝΟΜΑΤΟΛΟΓΙΑΝ
795 5169 960 5238 HUJUS
987 5166 1068 5239 gistri
1091 5180 1191 5219 nomen
1216 5161 1252 5217 ab
1275 5161 1328 5214 illis
1351 5159 1500 5214 deductum
1525 5160 1560 5214 ad
1584 5178 1715 5232 personas
1733 5164 1817 5234 imps-

264 5271 520 5339 ARTIOULI
549 5270 744 5339 ΕΧΡΜΟ
754 5272 828 5337 ΛΤ.
970 5230 1057 5365 1τίιιω
1083 5245 1507 5345 ςειοῃῑεηοοοωωοᾶατοῐιιτ.
1547 5246 1688 5301 Musculus
1704 5248 1732 5302 in
1749 5250 1817 5305 lonis

970 5357 1013 5410 ip.
1047 5342 1106 5394 620.
1134 5334 1247 5390 deducit
1274 5350 1292 5390 a
1323 5331 1430 5389 Graeco
1460 5337 1604 5404 μέγιστος,
1635 5351 1706 5404 qnne
1737 5344 1818 5392 som

167 5425 190 5470 5.
213 5417 253 5472 Ut
270 5422 299 5475 in
318 5423 432 5497 reliquis
450 5421 517 5478 ndei
535 5418 708 5478 Christianae
734 5421 857 5477 articulis
876 5423 960 5496 expli·
987 5423 1136 5479 maximum
1154 5425 1182 5475 et
1201 5418 1414 5490 amplissimum,
1436 5419 1485 5476 sed
1502 5418 1572 5474 haec
1589 5421 1758 5492 etymologia
1775 5431 1818 5481 est

127 5499 241 5569 candit,
267 5504 307 5561 ita
322 5504 433 5585 quoque
454 5508 484 5566 in
505 5509 559 5566 hoc
582 5509 643 5583 ipso
665 5509 785 5581 primum
802 5508 894 5566 locum
911 5511 960 5567 ob·
986 5511 1069 5569 nimis
1087 5511 1158 5567 dura
1174 5522 1208 5562 ac
1224 5514 1336 5565 remota

438 4538 586 4545 ...anm—..u
607 4538 637 4544 --
