4020 6014
681 315 734 371 DE
753 311 1004 372 MAGISTRATU
1019 313 1208 375 cometae.
1735 318 1796 380 395

94 493 180 556 porte
200 487 278 540 odett
297 488 431 556 effluens.
468 489 510 542 Ac
528 487 614 556 probe
630 486 797 553 noandum,
822 500 935 538 usuram
964 471 1043 549 52222,
1063 488 1166 550 scenas
1188 502 1206 541 a
1230 485 1287 541 rad.
1310 472 1375 553 5222,
1394 485 1557 556 perterret,
1575 478 1702 556 pepon,
1727 482 1800 539 sicut

98 572 183 628 verbo
210 574 304 627 divino
329 579 386 627 tam
414 590 507 628 severe
531 573 697 644 prohibitam
717 588 773 625 non
792 571 820 624 in
840 577 935 625 mutuo
961 571 1040 631 τόκος
1059 579 1177 635 artarer,
1194 572 1260 641 quia
1275 589 1404 627 nummus
1415 588 1558 626 nummum
1570 570 1644 641 parit
1654 569 1742 624 Exod.
1756 571 1800 638 22,

98 659 187 713 solum
207 659 382 713 statuendam
402 660 445 714 vel
464 660 650 730 quaerendam
667 675 742 723 esse,
769 658 818 711 sed
838 657 936 712 veneni
962 675 986 710 v.
1007 663 1047 712 25.
1067 672 1100 711 ex
1119 673 1175 728 quo
1194 658 1280 727 aliqui
1300 658 1448 730 colligunt,
1469 675 1549 713 omne
1567 657 1644 724 illud,
1663 656 1737 728 quod
1757 655 1799 710 ul·

98 744 188 799 instem
210 762 305 799 omnes
329 751 488 799 contractus
513 745 673 816 pervasisse.
714 744 847 798 Testatur
870 759 936 796 sane
962 749 1007 797 tra
1029 750 1130 797 sortem
1155 744 1184 797 in
1209 760 1376 815 quacunque
1398 744 1533 816 pecuniae
1557 743 1728 797 mutuatione
1753 741 1799 796 rel

99 830 283 900 experientia,
308 830 336 883 in
357 831 492 900 pecuniae
511 830 685 885 mutuatione
704 836 777 883 artes
796 828 936 882 usurarias
964 829 1117 901 elocatione
1136 830 1280 900 accipitur,
1299 847 1398 886 usrrrae
1411 831 1522 884 nomine
1536 830 1684 900 prohiberi,
1705 835 1798 883 tamen

71 903 85 924 ⁰
99 916 260 988 cumprimis
277 916 468 987 animadverti,
487 917 597 971 interim
613 915 779 970 damnabilis
792 915 840 968 illa
851 930 936 968 usura
964 931 996 969 ex
1021 915 1256 986 appellationibus
1284 917 1396 987 reliquis
1421 923 1450 971 et
1476 932 1509 970 ex
1530 915 1710 987 sequentibus
1728 915 1798 970 limi-

100 1019 156 1057 non
180 1002 268 1056 solum
286 1004 316 1055 in
336 1010 444 1065 motare,
468 1003 618 1056 sedetiam
638 1003 667 1053 in
688 1002 935 1054 emtioneocven-
963 1001 1075 1056 tationis
1101 1001 1185 1072 hujus
1210 1001 1399 1056 fundamentis
1425 1001 1619 1070 conspicuum,
1644 1017 1705 1055 eam
1728 999 1798 1054 dun·

101 1090 222 1152 ditione,
247 1088 345 1142 aliisve
368 1086 556 1142 contractibus
582 1087 673 1140 locum
698 1087 795 1152 habet,
823 1085 935 1155 quando
962 1094 1039 1142 taxat
1063 1088 1346 1159 superabundantiam
1372 1086 1528 1157 prohiberi,
1558 1101 1615 1157 qua
1641 1086 1798 1157 indigentes

100 1174 206 1229 scilicet
226 1174 367 1244 proximus
387 1173 577 1237 defraudatur,
597 1173 708 1244 quando
728 1179 824 1226 contra
840 1173 887 1241 jus
907 1176 936 1225 et
962 1174 1168 1241 exhauriuntur,
1188 1181 1339 1244 gravantur
1357 1179 1384 1227 et
1403 1174 1559 1226 onerantur.

101 1261 285 1331 aequitatem,
310 1266 407 1314 contra
431 1259 617 1315 Christianam
642 1259 789 1313 caritatem
814 1259 843 1311 iu
871 1274 934 1312 con·
997 1266 1053 1316 242.
1091 1266 1115 1316 2.
1134 1263 1181 1314 En
1202 1261 1303 1327 objecti
1330 1261 1573 1324 determinatione,
1600 1261 1630 1314 in
1656 1259 1798 1331 plerisque

101 1347 236 1400 *mmmm
261 1345 367 1417 mliquid
395 1345 502 1418 agitur,
527 1345 571 1399 vel
596 1351 627 1400 m
651 1344 793 1414 flpmmlm
813 1343 936 1414 loquitur
962 1349 1035 1402 enim
1054 1347 1135 1402 dictis
1152 1364 1250 1400 usuras
1266 1346 1474 1415 prohibentibus
1495 1347 1596 1402 mentio
1615 1345 1649 1401 tit
1667 1349 1749 1416 epeni
1763 1362 1797 1400 ao

104 1439 124 1487 1.
143 1431 241 1487 Thess.
258 1439 288 1499 4,
311 1450 338 1488 v.
362 1437 386 1486 θ,
407 1431 430 1484 si
449 1431 511 1501 quis
530 1430 686 1504 ὑπερβαίνει
714 1433 760 1483 real
779 1434 937 1485 πλεονεκτεῖ
958 1437 1106 1504 peraperte,
1124 1451 1208 1504 aquo
1228 1435 1302 1488 ultra
1315 1439 1416 1487 sortem
1434 1438 1546 1503 propter
1567 1433 1655 1487 mutui
1673 1431 1805 1489 officium,

100 1520 130 1570 iv
153 1522 192 1588 τῷ
220 1516 364 1591 πράγματι
383 1516 574 1586 τὸνᾶδελᾳόν
593 1515 685 1572 αὐτοῦ.
723 1515 752 1571 Si
779 1514 934 1569 usurarium
962 1540 1017 1576 non
1035 1522 1072 1576 sit
1091 1521 1196 1592 aliquid
1215 1520 1391 1592 exigendum.
1410 1519 1497 1574 Exod
1517 1524 1564 1581 22,
1585 1535 1610 1573 v.
1631 1523 1678 1573 25:
1699 1518 1733 1572 Si
1748 1537 1796 1572 nr·

99 1609 155 1672 est,
180 1603 292 1675 quando
317 1604 347 1658 in
368 1609 512 1659 contractu
538 1602 725 1657 antichreseos
749 1618 800 1672 pro
827 1601 936 1655 modica
962 1617 1073 1679 peneum
1092 1607 1263 1661 remeaveris
1272 1608 1381 1678 populo
1394 1622 1452 1659 meo
1463 1605 1588 1676 puerperi
1600 1612 1689 1658 tecam
1706 1594 1795 1678 (22323

99 1691 219 1761 pecunia
241 1695 368 1745 mutuata
393 1690 479 1745 totius
503 1688 585 1744 fundi
615 1689 723 1743 fructus
752 1688 935 1758 accipiuntur,
962 1695 1079 1764 afflicto,
1104 1711 1250 1765 oppresso,
1277 1693 1410 1748 tenuioris
1430 1697 1458 1747 ct
1482 1686 1636 1746 afflictioris
1660 1690 1796 1760 fortunae,

100 1793 189 1847 eaque
214 1777 320 1831 ratione
345 1776 484 1847 agricolae
510 1793 543 1830 ex
563 1775 784 1846 possessionibus
808 1774 865 1828 suis
886 1774 934 1844 eji·
962 1781 1010 1835 ubi
1036 1785 1103 1835 nota
1132 1776 1358 1850 uhajedie'ene
1371 1780 1458 1834 instar
1470 1778 1617 1848 cujusdam
1630 1777 1794 1832 determina·

100 1863 223 1923 ciuntur,
255 1862 364 1932 qualem
394 1860 556 1930 inponent
577 1861 752 1917 Justinianus
781 1859 936 1929 probibuit3
962 1867 1062 1933 tionis),
1080 1884 1136 1920 non
1154 1869 1210 1920 eris
1228 1867 1338 1920 eicient
1356 1865 1514 1918 osrtrorios.
1548 1853 1638 1926 mdia
1656 1862 1796 1918 Lutherus

101 1947 256 2002 usurarium
277 1952 332 2016 est,
356 1948 468 2017 quando
486 1947 514 2000 in
532 1952 678 2000 contractu
699 1945 838 2000 societatis
858 1943 935 1997 insti·
962 1953 1051 2020 vertit,
1070 1953 1104 2007 pu
1124 1952 1192 2022 {011st
1212 1952 1257 2021 {pn
1274 1952 1340 2021 pipp
1359 1966 1388 2019 ,u
1408 1951 1526 2021 &poten
1545 1949 1661 2018 bringeri,
1680 1948 1732 2003 hoe
1751 1953 1794 2004 ent

101 2034 189 2088 tuitur
212 2039 324 2104 pactum
348 2034 382 2087 de
409 2033 486 2086 salvo
504 2032 631 2103 capitali,
658 2031 765 2087 etiamsi
786 2031 857 2085 alter
876 2031 935 2084 sine
962 2056 1017 2092 non
1037 2038 1090 2093 eris
1108 2045 1220 2092 exarem-
1237 2037 1318 2091 nimis
1337 2037 1457 2109 rigidus,
1477 2042 1510 2091 ut
1534 2052 1635 2105 magno
1659 2052 1710 2090 suo
1733 2051 1797 2090 eum

101 2138 152 2176 sua
170 2119 341 2190 negligentia
358 2119 459 2172 damno
479 2118 596 2173 affectam
615 2118 659 2171 tit·
697 2116 935 2181 Quemadmodum
952 2124 1126 2179 detrimento
1143 2130 1258 2194 cogatur
1278 2130 1401 2195 tempore
1426 2122 1575 2178 constituto
1596 2122 1721 2193 praecise
1738 2138 1797 2176 mu·

101 2208 187 2278 igitur
213 2207 249 2261 ob
283 2205 437 2260 usurariam
466 2205 629 2275 pravitatem
659 2204 847 2259 contractibus
879 2203 935 2257 illis
961 2215 1069 2266 tuntum
1094 2216 1238 2280 argentum
1262 2209 1391 2278 reddere3
1415 2227 1472 2264 non
1493 2209 1605 2279 pontiae
1626 2225 1711 2278 uesper
1736 2224 1798 2262 eum

100 2294 209 2363 saepius
228 2292 423 2347 adhaerentem
448 2308 503 2345 non
527 2291 620 2345 statim
646 2281 805 2346 cou'tractus
822 2291 874 2360 ipsi
893 2307 934 2345 re-
961 2315 1085 2366 oenrom,
1099 2286 1175 2371 adp,
1188 2298 1360 2352 mordentem
1372 2300 1401 2352 et
1413 2295 1564 2351 rodentem.
1580 2292 1647 2348 ch.
1661 2298 1703 2362 25,
1711 2312 1737 2350 v.
1750 2299 1798 2351 35:

99 2379 252 2450 pudiantur
271 2396 304 2434 ac
324 2380 504 2441 damnantem
532 2378 570 2432 ita
589 2393 699 2448 quoque
718 2377 825 2431 etiamsi
842 2377 871 2430 in
889 2393 936 2447 pe·
963 2383 1202 2438 Onmattennotue
1209 2383 1297 2446 feeit
1307 2381 1517 2448 frotertooefin
1529 2376 1614 2435 Hebr.
1628 2378 1670 2436 est
1681 2376 1797 2435 verbum

39 2463 44 2471 '
100 2466 199 2520 cuniae
223 2466 394 2519 mutuatione
416 2465 558 2519 usurariae
583 2470 656 2518 artes
682 2463 792 2532 saepius
813 2461 935 2517 animad·
963 2461 1021 2544 35⁷³
1051 2469 1200 2539 depalans,
1224 2471 1361 2538 depectere
1387 2468 1424 2522 ad
1449 2468 1570 2539 inopiam
1587 2464 1717 2521 redactus
1734 2462 1797 2530 fnit,

100 2556 250 2614 vertantur.
269 2568 325 2605 non
344 2557 437 2605 tamen
455 2555 603 2620 propterca
622 2548 861 2619 contractusipse,
880 2564 936 2619 quo
962 2556 1050 2628 Terg.
1073 2557 1196 2630 22972222
1222 2571 1336 2624 pauper
1365 2555 1463 2617 foetos
1490 2553 1574 2622 sirit)
1602 2560 1631 2606 et
1658 2551 1799 2607 nutaverit

100 2655 119 2692 a
147 2637 279 2691 divitibus
306 2642 335 2691 et
360 2636 580 2707 negotiatoribus
610 2634 646 2690 ob
676 2651 798 2689 annuum
825 2640 935 2689 centum
962 2661 1061 2697 manue
1078 2643 1138 2712 ejus
1155 2648 1244 2694 tecam
1267 2629 1338 2701 (nin
1361 2640 1424 2693 loco
1449 2648 1539 2693 motos
1565 2647 1619 2708 eet,
1647 2639 1798 2703 vacillarit,

101 2724 266 2779 florenorum
294 2741 373 2778 usum
401 2723 525 2794 quinque
551 2738 649 2777 census
674 2720 734 2775 loco
753 2720 935 2791 accipiuntur,
963 2727 1111 2782 subversus
1135 2733 1189 2793 est,
1214 2726 1300 2797 Terg.
1322 2728 1410 2786 2222222
1434 2733 1460 2778 et
1483 2732 1560 2778 moto
1582 2726 1672 2789 foere-'t
1698 2742 1799 2779 monos

100 2819 232 2882 tanquam
259 2811 401 2864 usurarius
425 2816 453 2864 et
470 2809 585 2864 illicitus
612 2807 747 2871 absolute,
774 2806 936 2877 simpliciter
962 2816 1025 2885 ejus
1047 2822 1148 2878 recem,
1171 2813 1225 2869 hoo
1247 2817 1290 2866 est
1313 2811 1337 2864 si
1360 2809 1484 2867 extendit
1508 2824 1621 2864 mmnm
1645 2827 1740 2879 snam,
1766 2815 1799 2866 ut

100 2903 129 2952 st
147 2901 315 2966 temperem
332 2896 516 2951 damnandus.
962 2918 1023 2957 eam
1041 2899 1231 2971 apprehendas
1250 2903 1277 2953 et
1296 2896 1428 2951 audlium
1448 2900 1526 2950 tuum
1547 2894 1717 2965 experiatur,
1741 2894 1797 2949 Ln-

136 2989 192 3039 241.
240 2983 310 3037 Cum
342 2984 394 3038 hac
425 2982 578 3037 sententiae
607 2986 718 3034 nostrae
748 2978 935 3034 declaratione
961 2990 1056 3042 therua
1074 2995 1150 3042 menn
1170 2984 1229 3039 teia
1250 2983 1489 3040 titubaverant
1513 2980 1567 3037 unt
1586 2981 1667 3036 neten
1686 2980 1727 3037 tir
1749 2981 1794 3037 ab*

101 3069 231 3124 convenit
252 3086 414 3140 responsum
433 3069 558 3136 illorum,
583 3067 632 3138 sui
656 3067 684 3120 in
709 3065 815 3132 lenibus
834 3064 935 3119 divinis
962 3072 1065 3138 otmar,
1078 3067 1343 3140 uxxrnnrpron
1357 3061 1715 3138 acimaetensem
1727 3063 1798 3140 pei

102 3173 201 3208 resurae
226 3157 358 3225 oppositis
383 3173 429 3209 eos
449 3157 584 3209 duntaxat
607 3169 705 3207 census
723 3150 862 3222 prohiberi
880 3157 935 3206 sta·
962 3159 1015 3209 σοῦ
1027 3160 1071 3209 καὶ
1088 3153 1244 3229 ἆδυναιῆσῃ
1256 3161 1315 3215 ταῖς
1324 3156 1405 3225 χερσὶ
1417 3150 1492 3224 παρὰ
1505 3157 1559 3220 σοί,
1579 3152 1607 3205 a·
1619 3150 1719 3206 moneta
1733 3153 1795 3223 ejas

101 3248 191 3303 tuunt,
211 3246 289 3311 qnia
305 3244 479 3314 paoperibus
492 3251 517 3294 et
530 3244 624 3309 epern'c
637 3258 698 3294 curn
712 3241 837 3308 ipsoram
854 3256 936 3293 onere
959 3244 1070 3308 suerint
1101 3243 1262 3312 impotentes
1291 3249 1317 3295 et
1348 3239 1498 3294 imbecilles
1529 3240 1571 3292 ad
1599 3237 1797 3306 laborandam,

10 3333 25 3372 t·
44 3332 88 3374 ¹⁰⁹·
103 3337 128 3381 ct
151 3329 331 3397 opressione
355 3336 460 3381 oannem
479 3335 599 3399 propter·
623 3326 749 3393 officinm
771 3325 860 3377 minoi
881 3324 935 3378 exi·
961 3332 1160 3399 reportandam
1179 3336 1206 3382 et
1226 3329 1404 3391 torrendum,
1425 3336 1501 3382 neon
1520 3339 1546 3380 rr
1559 3324 1606 3381 rntt
1624 3326 1702 3380 tetre
1719 3325 1796 3395 eant

102 3420 222 3485 guntur,
249 3431 332 3485 qnam
358 3415 557 3469 restrictionem
579 3429 612 3466 ac
632 3411 823 3466 limitationem
843 3427 935 3467 necas·
962 3418 1074 3485 lempst),
1094 3415 1291 3469 corroboratis
1309 3430 1370 3467 eom
1390 3410 1725 3480 advenaetpereprs'nns,
1744 3411 1797 3465 eei-

102 3501 173 3553 snrio
192 3500 235 3552 hie
255 3500 516 3571 subintelligendam
529 3516 589 3553 esse
601 3499 734 3568 probatur
757 3503 777 3554 1.
789 3515 822 3550 ee
837 3500 935 3567 nppel·
961 3504 1027 3557 lieet
1047 3519 1076 3556 es
1093 3501 1157 3570 (boc
1183 3507 1239 3572 est,
1258 3503 1409 3561 memento,
1434 3504 1462 3551 te
1489 3512 1600 3568 quoque
1619 3496 1797 3567 peregrinum

103 3588 217 3639 lotione.
256 3586 348 3641 Usura
367 3586 423 3655 illa,
441 3602 524 3657 quam
546 3586 622 3640 Deus
642 3584 697 3636 lata
716 3583 777 3654 lege
797 3583 933 3653 prohibet,
962 3595 990 3644 et
1013 3588 1148 3642 advenam
1176 3601 1236 3640 esse
1257 3590 1386 3654 respectu
1405 3583 1441 3637 ad
1467 3581 1559 3636 Deum
1583 3580 1695 3647 habito,
1725 3581 1798 3639 sicut

103 3679 218 3727 vocatur
240 3673 306 3749 itm),
328 3672 409 3725 Dent.
431 3677 478 3739 23,
505 3690 531 3727 r.
556 3678 595 3728 19.
624 3669 727 3724 Pealm.
753 3675 797 3736 15,
823 3687 848 3721 v.
868 3675 891 3723 5.
917 3687 934 3722 n
961 3693 987 3731 r.
1016 3679 1057 3730 23.
1085 3672 1215 3743 quoniam
1236 3668 1386 3739 pereprini
1408 3676 1432 3722 et
1453 3670 1578 3723 advenae
1604 3686 1653 3721 nos
1680 3670 1722 3722 od
1746 3686 1796 3724 me.

101 3777 196 3813 morso
220 3777 254 3812 oe
274 3759 451 3824 corrosione,
472 3759 531 3812 rad.
556 3749 621 3831 22222
635 3760 935 3830 usurpaturdernoroo
961 3758 1099 3814 Lutherus
1111 3756 1233 3811 reddidit
1244 3756 1271 3809 iu
1283 3753 1449 3815 accusativo,
1464 3752 1797 3824 bulcsspibncufnelpntrtt

102 3846 239 3914 serpentis
259 3844 339 3900 Num.
361 3850 405 3910 21,
431 3861 456 3898 v.
478 3850 501 3898 9.
526 3844 608 3898 Prov.
634 3850 681 3908 23,
707 3863 732 3896 v.
759 3849 800 3898 32.
828 3842 890 3898 Am.
910 3847 935 3908 5,
961 3847 1006 3902 on
1028 3845 1102 3900 anea
1115 3841 1266 3913 premente
1286 3840 1347 3896 nter
1365 3839 1437 3910 doli,
1458 3845 1569 3893 meatus
1582 3838 1665 3894 Lxx
1683 3839 1797 3911 interpr.

103 3951 126 3985 v.
149 3937 186 3986 19.
205 3937 237 3984 ut
256 3930 415 3996 denotetur,
440 3929 508 3982 illud
535 3930 645 3985 demum
663 3928 818 4000 prohibitae
836 3945 936 3983 usurae
961 3930 1099 4022 ἀναλήψῃ
1125 3927 1209 3981 αἰτοῦ
1235 3926 1270 3987 ὡς
1294 3927 1468 4000 npooptiroo
1493 3929 1539 3979 acl
1567 3933 1722 3999 παροίκου,
1748 3925 1797 3982 sed

103 4017 289 4088 appellatione
319 4016 527 4084 accipiendum,
555 4034 609 4086 quo
637 4017 752 4087 proximi
780 4016 935 4085 indigentes
963 4036 1048 4090 supra
1069 4008 1103 4068 i:
1124 4015 1292 4088 praecedens
1312 4017 1354 4068 est
1378 4018 1510 4068 accentus
1530 4012 1624 4085 regius
1641 4011 1798 4083 sakepbka-

103 4104 270 4168 mordentur,
288 4102 471 4156 corroduntur
486 4119 518 4155 ac
531 4107 738 4169 corrsnmuntnr,
757 4102 853 4173 quales
866 4117 936 4155 mor·
962 4114 1011 4161 ton
1030 4106 1147 4160 incisum
1160 4104 1250 4173 majus
1263 4099 1455 4169 constituens),
1472 4105 1502 4153 ue
1514 4099 1589 4153 ,rivae
1600 4107 1698 4164 tecam,
1716 4116 1741 4155 v,
1756 4102 1797 4155 33,

104 4209 149 4243 sus
177 4208 209 4244 ac
232 4189 401 4243 corrosiones
432 4188 594 4258 emphaticis
625 4188 716 4242 verbis
744 4187 937 4242 describuntur
963 4210 997 4247 ne
1022 4191 1149 4261 accipias
1172 4191 1208 4242 eb
1233 4206 1264 4242 eo
1293 4204 1408 4240 onerem
1434 4193 1461 4239 et
1478 4185 1688 4254 incrementum,
1710 4175 1799 4250 ‘tt-imp

103 4275 183 4329 blich.
209 4281 239 4343 3,
263 4293 288 4327 v.
315 4280 345 4329 3:
370 4273 554 4329 Comederont
577 4291 690 4327 earnem
705 4274 811 4343 popoti
838 4276 893 4327 rnei
912 4254 981 4333 ola
997 4296 1060 4333 eum
1082 4292 1129 4344 eo,
1157 4275 1210 4329 hoe
1237 4277 1280 4328 est
1300 4272 1412 4344 quando
1436 4289 1500 4326 cum
1524 4270 1653 4342 ipseper
1672 4275 1797 4324 mutuum

99 4362 203 4430 pellem
222 4377 316 4414 eorum
336 4361 371 4412 ab
390 4359 431 4412 eis
451 4363 665 4414 erederet-enter
684 4378 747 4413 oasa
761 4376 856 4414 cortina
874 4378 936 4414 oon-
962 4363 1036 4436 agis,
1060 4379 1115 4416 non
1136 4359 1256 4430 accipies
1281 4358 1401 4432 mliii]
1426 4347 1505 4431 ἹΨ),
1525 4364 1550 4410 et
1569 4354 1677 4408 timetis
1697 4373 1716 4407 a
1734 4354 1798 4408 Deo

33 4510 39 4520 κ
103 4450 250 4515 frepcront
275 4453 301 4498 et
332 4447 512 4501 conciderent
537 4448 609 4500 sicot
641 4449 670 4500 in
697 4447 785 4500 lebete
812 4455 838 4499 et
864 4447 936 4500 stent
962 4459 1024 4517 troo,
1055 4455 1084 4501 ot
1108 4448 1183 4499 oioot
1200 4447 1295 4508 frater
1314 4451 1377 4497 tctttr
1402 4449 1504 4509 tecam,
1530 4459 1557 4496 v.
1583 4445 1624 4495 37.
1652 4446 1796 4507 arpentum

104 4551 216 4588 carnem
234 4534 263 4585 in
277 4533 370 4586 medio
383 4533 469 4588 ollae.
500 4533 608 4588 Deinde
626 4532 727 4587 dicitur
751 4522 825 4606 iiiiii}
848 4532 936 4587 arad.
962 4544 1038 4589 taam
1059 4550 1115 4587 non
1134 4532 1216 4585 debis
1241 4530 1267 4583 ei
1286 4531 1327 4582 od
1346 4544 1462 4581 neuram
1486 4533 1513 4579 et
1535 4527 1577 4578 ad
1599 4525 1797 4578 incrementata

105 4611 171 4694 5292,
186 4618 308 4688 foenori
327 4620 419 4687 dedit,
443 4628 565 4672 nnrtoorn
584 4621 671 4686 dedit,
693 4618 804 4689 quando
831 4618 936 4672 scilicet
961 4631 1039 4675 toorn
1062 4637 1117 4674 non
1136 4614 1218 4671 dotis
1237 4617 1371 4670 ciciliam
1390 4622 1473 4668 tnom.
1510 4612 1552 4665 Ex
1570 4627 1625 4683 quo
1643 4610 1798 4665 luculenter

103 4723 165 4759 cum
189 4708 208 4755 2
230 4705 341 4776 ponitur
354 4703 437 4759 Dent.
460 4711 501 4771 24,
519 4723 544 4758 ν.
569 4712 606 4760 10.
626 4707 723 4760 eadem
744 4703 822 4759 radix
835 4703 936 4758 Ezech-
962 4710 1087 4778 apparet,
1105 4705 1134 4758 in
1151 4705 1214 4775 lege
1226 4703 1321 4756 divina
1335 4702 1363 4755 id
1378 4701 1488 4754 demum
1507 4713 1607 4752 usurae
1619 4695 1680 4752 loco
1692 4695 1797 4765 haberi,

105 4798 145 4860 39,
163 4812 187 4845 r.
210 4799 250 4847 26.
271 4791 412 4863 significat
427 4791 560 4858 portavit,
579 4793 704 4859 pertavit,
726 4796 756 4845 ut
773 4805 807 4845 ea
824 4790 935 4844 demum
962 4792 1037 4863 qnod
1055 4808 1072 4845 a
1088 4791 1173 4845 fratre
1191 4803 1313 4860 paupere
1332 4792 1361 4841 et
1377 4789 1519 4839 ahenuato
1538 4782 1686 4854 accipitur,
1705 4798 1796 4854 quove

104 4895 187 4931 usura
206 4876 345 4947 prohibita
364 4875 551 4946 intelligatur,
572 4893 627 4946 qua
645 4876 784 4947 proximus
806 4882 936 4930 oneratur
962 4876 1103 4950 proximus
1123 4877 1163 4932 ita
1182 4881 1323 4947 gravatur,
1343 4878 1374 4926 ut
1391 4870 1464 4924 vitae
1484 4869 1682 4924 sustentandae
1701 4870 1922 4924 neces-81V·¹¹0·

103 4972 131 5018 et
149 4970 299 5036 gravmur,
325 4963 354 5016 id
375 4961 449 5032 quod
468 4961 628 5031 neutiquam
645 4961 677 5016 fit
694 4963 721 5016 in
742 4960 870 5016 censibus
888 4978 935 5015 an·
962 4963 1036 5019 saria
1059 4977 1116 5017 non
1140 4961 1258 5031 ampliiis
1277 4948 1388 5013 habeat.
1427 4953 1558 5019 Quamvis
1585 4955 1670 5028 igitur
1687 4956 1715 5010 in
1734 4955 1796 5010 reli·

104 5051 175 5117 nnis,
193 5049 241 5121 qui
260 5067 277 5104 a
295 5046 517 5119 negotiatoribus
529 5053 558 5100 st
570 5046 633 5109 illis,
653 5048 700 5118 qui
711 5048 829 5118 pecunia
841 5053 936 5102 nostra
963 5050 1025 5122 quis
1045 5048 1126 5104 dictis
1145 5066 1200 5103 nou
1218 5045 1268 5100 flat
1279 5059 1409 5114 expressa
1427 5040 1558 5112 pauperis
1572 5042 1680 5110 mentio,
1702 5049 1795 5096 tamen

103 5136 218 5189 multum
249 5137 409 5201 lucrantur,
439 5139 552 5203 propter
580 5148 661 5187 usum
684 5133 757 5188 illius
778 5133 935 5205 exiguntur.
963 5153 996 5192 ex
1015 5136 1067 5190 hoc
1090 5134 1152 5189 loco
1170 5140 1301 5202 tauquam
1322 5145 1356 5182 ex
1375 5127 1487 5198 propria
1511 5128 1577 5183 sede
1595 5143 1689 5183 eorum
1710 5127 1796 5198 expli·

103 5221 235 5286 Quamvis
256 5237 322 5275 vero
344 5219 410 5274 alibi
431 5220 465 5273 de
487 5235 572 5272 usura
598 5218 752 5287 accipiatur
768 5220 934 5275 vocabulum
961 5221 1035 5278 catio
1053 5220 1221 5292 petendaet
1240 5216 1413 5288 perreliqua
1433 5214 1594 5284 Scripturas
1614 5213 1690 5268 dicta
1707 5212 1794 5269 dedu·

103 5308 207 5380 0³:177?
228 5326 260 5362 ac
282 5307 388 5380 ww]
408 5303 495 5360 arad.
520 5303 600 5376 ³23³„
618 5312 690 5375 qua'c
708 5305 737 5359 ln
753 5320 855 5376 genere
866 5305 935 5358 mot.
961 5307 1051 5364 canda
1070 5312 1119 5363 est

102 5394 304 5462 teptieorr'onern
328 5400 356 5448 et
387 5391 590 5446 abundantiam
622 5388 774 5460 significat,
802 5391 831 5444 in
849 5391 935 5463 Targ.
996 5399 1055 5451 243,
1091 5395 1117 5446 3.
1138 5392 1184 5444 En
1202 5388 1306 5441 addito
1326 5387 1518 5456 replicatione.
1555 5385 1588 5439 ln
1606 5385 1674 5440 locis
1692 5384 1798 5457 aliquot

102 5479 205 5541 mm,
227 5477 302 5531 unde
321 5478 482 5534 hodiernum
503 5476 673 5534 Judaeorum
697 5476 765 5530 cibis
784 5476 867 5535 Dent
893 5483 935 5539 23,
962 5480 1121 5552 Scripturas
1147 5490 1242 5530 sacrae
1264 5488 1376 5529 usuram
1396 5471 1609 5545 prohibentibus
1627 5470 1720 5527 statim
1740 5471 1797 5540 ἑξη-

102 5582 127 5616 v.
148 5570 188 5618 21.
215 5564 296 5618 Prov.
316 5569 363 5633 28,
386 5580 411 5619 r.
430 5568 455 5620 8.
481 5560 583 5620 Erech.
613 5567 660 5630 18,
685 5578 711 5618 r.
735 5566 761 5620 8.
787 5562 817 5617 iri
835 5552 935 5620 ctat.
960 5566 1077 5638 γητικῶς
1105 5561 1233 5633 additur,
1263 5559 1396 5633 quidnam
1427 5572 1529 5615 usurae
1552 5555 1664 5615 nomine
1694 5558 1797 5629 veniat,
