4020 6014
626 356 677 411 DE
696 354 921 414 bumannum
940 353 1241 415 necuufflnsnco.
1726 363 1787 421 219

88 513 196 569 interim
213 530 269 567 nou
287 512 470 582 prohibentur
488 511 604 566 ministri
624 529 723 583 agros,
747 527 816 582 quos
836 503 1042 576 majo-‘tamen
1068 511 1122 564 illis
1152 510 1283 565 simoniae
1310 511 1401 567 dicam
1434 517 1580 582 propterea
1612 511 1723 581 scripsit
1745 509 1789 563 vel

87 616 147 654 rum
171 598 262 670 pietas
290 597 484 652 sustentationi
514 597 658 652 ministerii
685 597 772 652 voluit
796 593 924 650 addictos
951 597 1070 652 scribere
1089 598 1188 666 potuit.
1224 598 1307 652 Absit
1324 605 1416 655 tamen
1436 599 1525 654 omnis
1544 600 1609 653 mali
1623 597 1739 668 speeies,
1758 601 1788 650 ct

88 691 171 757 atque
191 685 345 751 addicatos,
365 685 470 746 colere,
490 683 557 754 quin
576 683 667 754 potius
686 681 821 738 dotalium
839 679 923 734 servi·
950 683 973 736 si
995 685 1127 737 metuitur
1139 684 1311 752 scandalum,
1331 692 1496 739 moneantur
1512 686 1662 748 auditores,
1683 690 1714 737 ut
1733 681 1787 736 alio

87 772 133 834 tia,
149 786 253 840 operm
272 771 378 824 scilicet
396 769 557 825 manuarias
581 785 615 822 ae
639 769 753 824 serviles
778 785 796 822 a
820 765 925 821 colonis
951 768 1043 838 potius
1062 775 1186 839 tempore
1206 785 1284 824 suam
1297 787 1364 841 erga
1377 769 1558 825 ministerium
1572 766 1785 826 beneficentiam

87 856 272 927 mamardus
289 856 357 926 ipsis
374 854 581 912 confirmantur.
615 853 650 908 In
669 853 747 908 artic.
772 851 924 924 generalib.
951 861 979 908 et
1000 855 1161 926 εὐεργεσίαν
1174 855 1324 910 declarent.
1348 855 1537 920 ”eruentur
1550 863 1574 912 6.
1604 857 1652 909 Aa
1665 856 1791 907 decimae

21 997 23 1002 ,
88 958 112 997 e.
128 948 173 999 27.
193 941 213 995 f.
232 947 295 997 3⁴⁹:
322 941 434 998 nisani
453 956 490 995 en
510 940 612 1009 etitem
631 942 784 997 Dtltnbutt
803 940 850 993 ben
871 937 926 992 iii·
951 957 983 993 ee
1007 942 1120 1008 justitia
1144 942 1298 994 debeantur
1328 944 1464 995 ministris
1489 943 1630 1004 eccleciae,
1663 958 1701 992 an
1726 956 1790 990 uero

90 1028 166 1096 [ἰῶτα
185 1028 346 1095 dintfebten,
365 1029 438 1082 elittt
455 1028 633 1099 bisildunen
658 1028 719 1081 obit
737 1026 878 1083 dsuetum
896 1037 926 1090 3¹¹
950 1027 1006 1079 sint
1031 1029 1108 1079 dona
1130 1028 1256 1092 prosaica
1278 1044 1329 1080 seu
1352 1045 1445 1096 puros
1470 1028 1679 1094 elesnmsynae!
1710 1023 1791 1078 Prius

90 1115 135 1169 bin
157 1113 275 1180 tlilastau
301 1112 420 1178 dotales,
449 1113 499 1167 bei
523 1111 553 1180 iu
570 1112 663 1181 Discit
685 1115 745 1167 ebes
767 1109 927 1181 &substitute
951 1113 1049 1165 asserit
1064 1112 1247 1166 bellarminus
1264 1112 1312 1167 lib.
1333 1112 1367 1167 de
1384 1113 1513 1169 clerice.
1529 1112 1722 1182 25.Zepperus
1735 1110 1752 1165 l.
1765 1114 1791 1163 4·

90 1200 236 1261 mortue,
258 1199 306 1265 auf
325 1198 375 1265 but
396 1197 435 1252 bie
449 1199 560 1266 uicisse
577 1198 655 1254 Beate
672 1212 703 1266 ps
719 1196 824 1264 Discite
844 1193 927 1263 buben
953 1198 1062 1268 explan.
1088 1197 1143 1270 leg.
1164 1198 1276 1252 Mosaic.
1296 1215 1318 1253 c.
1348 1206 1385 1253 ιο.
1427 1199 1563 1269 posterius
1590 1197 1655 1251 elim
1675 1194 1792 1250 assensit

91 1286 143 1339 aab
168 1283 223 1353 ihre
249 1284 334 1341 dites
365 1283 431 1351 betto
463 1283 600 1352 qssubiqet
629 1284 684 1339 unt
712 1283 786 1350 belin
814 1280 927 1348 beficiis
956 1282 1097 1351 Wiclefus,
1124 1283 1208 1339 hodie
1231 1289 1345 1337 tuentur
1383 1283 1587 1353 anabaptistae
1617 1288 1646 1336 et
1676 1278 1790 1334 Autitri·

90 1371 199 1433 dunen,
218 1370 297 1436 leuen
316 1370 389 1437 susq
409 1371 480 1436 istiu
499 1370 581 1426 ostes
598 1367 729 1437 Ditiqteit
750 1368 803 1421 unb
824 1364 1058 1449 Visite-{nimii
1094 1369 1151 1424 Nos
1172 1370 1281 1424 medias
1297 1370 1449 1424 insistimus
1470 1371 1546 1436 vise,
1564 1366 1792 1423 immutationem

90 1459 164 1511 tores
180 1456 221 1510 bis
239 1457 316 1512 esuis
336 1456 487 1524 tenebunt
506 1456 608 1510 tenben
627 1454 704 1522 felde
722 1452 827 1521 initulis
846 1451 928 1518 inillis
955 1453 1141 1509 ministrorum
1163 1456 1310 1509 statuimus
1327 1472 1386 1510 esse
1408 1455 1481 1524 juris
1500 1453 1587 1521 divini
1613 1469 1647 1508 ac
1672 1449 1792 1505 neceni·

91 1543 143 1597 unt
162 1555 228 1610 pern
247 1540 320 1610 hren
339 1545 458 1609 qetseusu
477 1541 650 1609 ecolismam
667 1555 698 1608 su
715 1540 817 1608 letitie,
842 1555 866 1594 c.
885 1542 927 1592 30.
941 1612 943 1619 Α
955 1540 1035 1605 tatis,
1065 1542 1115 1595 sed
1134 1542 1247 1596 modum
1267 1549 1296 1597 et
1314 1541 1498 1612 quantitatem
1517 1558 1551 1596 ex
1572 1539 1691 1610 pietate,
1721 1537 1791 1590 cari-

93 1627 138 1687 iol.
159 1632 218 1683 315.
237 1642 367 1697 expresse
384 1626 556 1696 prohibetur,
576 1643 612 1681 ne
626 1625 728 1680 salaria
742 1625 928 1678 ministrorum
940 1628 943 1681 f
954 1632 1013 1680 tate
1033 1632 1061 1681 et
1080 1628 1278 1683 commoditate
1289 1627 1457 1683 metiendam
1470 1626 1595 1681 dicimus.
1631 1624 1716 1680 Notat
1728 1622 1792 1678 Bel·

92 1712 290 1777 diminuautur,
309 1712 353 1766 vel
372 1712 444 1767 bona
464 1711 654 1766 ecclesiastica
669 1711 699 1763 in
718 1711 855 1765 aerarium
874 1706 1087 1771 col-ilasminus
1112 1713 1188 1768 dicto
1212 1714 1285 1776 loco,
1314 1715 1484 1767 decimarum
1507 1729 1605 1766 nomen
1646 1711 1690 1764 laic
1720 1710 1793 1762 ssimi

91 1799 210 1853 latorum
233 1798 397 1854 inferantur.
436 1798 562 1866 iieqbtm
587 1798 648 1865 eud
674 1796 760 1865 stlido
777 1796 986 1879 Collatores,ir
1003 1798 1096 1852 uicisse
1110 1816 1168 1866 pro
1186 1800 1237 1863 iis,
1261 1817 1332 1868 qaae
1359 1800 1495 1852 deberetur
1514 1798 1559 1851 sel
1572 1799 1659 1866 jueta
1682 1793 1792 1864 quanti·

92 1899 148 1953 iiiut
166 1884 242 1953 nisu
271 1884 310 1938 bis
327 1884 484 1953 lifettgiittt
509 1899 546 1939 stt
570 1885 615 1954 fich
641 1883 740 1952 qitbttt,
774 1898 831 1951 qum
854 1880 930 1950 1de
956 1892 1038 1938 tatem
1055 1885 1226 1953 lapidicina
1244 1887 1466 1953 determinatam,
1484 1903 1541 1954 qua
1559 1883 1705 1937 solvuntur
1725 1881 1793 1932 inte--

92 1970 140 2024 mit
158 1972 206 2024 ben
227 1971 374 2038 niestein,
399 1969 425 2035 io
449 1970 486 2024 bei
513 1970 592 2038 ibose
618 1984 663 2024 um
682 1968 775 2038 micuit
795 1970 930 2037 inbelles,
955 1987 1024 2039 prae
1048 1973 1185 2037 mamae,
1209 1973 1253 2025 oei
1271 1973 1356 2041 juata
1386 1973 1569 2041 quantitatem
1594 1966 1793 2022 conmdudine

92 2055 245 2125 paciscisen
267 2057 320 2110 unb
337 2055 382 2123 fid
403 2056 451 2110 mit
471 2055 550 2124 ihesu
569 2056 737 2124 becqititben,
763 2059 822 2109 tesi
849 2055 883 2124 sti
901 2053 1014 2131 infllocs'
1026 2059 1250 2121 determinatam,
1265 2075 1337 2126 quae
1352 2057 1574 2111 solsiturminas
1588 2072 1670 2124 qaam
1684 2053 1795 2105 decima

93 2143 135 2197 bes
154 2142 349 2210 ufetmlhuuq
367 2141 508 2210 {quintin
526 2142 621 2211 luftau,
652 2141 706 2196 unt
732 2140 781 2196 usis
804 2141 882 2208 lenge
900 2141 985 2202 ittet
1011 2152 1103 2196 tamen
1132 2153 1250 2198 socmar
1278 2145 1396 2197 decima.
1433 2143 1610 2213 Argumenta
1636 2136 1797 2194 Belias-mini

94 2226 438 2297 bititib'tqebcfitenloiitu,
461 2228 601 2283 babtilein
615 2227 744 2296 einaim
758 2227 818 2294 nod
833 2227 1025 2293 &eqtnffhaec
1045 2236 1125 2284 sunt:
1155 2235 1177 2286 1.
1205 2232 1249 2283 Ea
1268 2231 1338 2298 jure
1363 2237 1490 2283 naturae.
1529 2226 1586 2288 Qui
1610 2245 1667 2294 pro
1686 2225 1796 2294 popule

94 2315 158 2381 tatu
178 2313 217 2366 bie
238 2312 344 2380 liiidie
364 2312 509 2381 mibanati
534 2315 577 2369 bes
594 2314 720 2380 unledin
747 2311 797 2367 mit
825 2310 1105 2381 untiiddiaborant,
1134 2315 1195 2368 illis
1219 2316 1345 2386 populus
1376 2314 1512 2367 alimenta
1539 2314 1626 2368 debes.
1663 2311 1797 2365 dsinntri

95 2399 166 2466 iiqtn
184 2397 302 2454 Dianitis
321 2398 448 2467 berithus,
466 2400 529 2467 autb
550 2400 641 2467 iuidset
660 2399 747 2466 iibflttg
764 2398 845 2452 inibit
864 2396 1034 2473 estimares·
1050 2417 1108 2454 non
1129 2403 1222 2454 minus
1236 2419 1292 2469 pro
1317 2401 1425 2470 populo
1448 2400 1579 2452 lahorem
1604 2415 1687 2467 qssam
1714 2413 1794 2466 repes

96 2486 150 2539 aab
181 2483 221 2539 tis
250 2484 420 2552 iuiietiiqen
448 2484 614 2552 beiqsisbsne
644 2484 746 2552 iiidie,
780 2483 859 2550 ionis
893 2478 983 2553 btssset
1011 2487 1165 2556 principes.
1205 2486 1429 2556 Respondemus:
1463 2502 1519 2539 non
1545 2490 1588 2542 est
1613 2482 1741 2554 quaestio
1758 2482 1795 2538 de

95 2571 259 2626 Visitatores
285 2569 424 2638 heleniae
447 2571 528 2625 tasob
554 2571 607 2624 snb
635 2572 721 2625 baren
749 2568 815 2638 istu,
850 2566 1071 2643 tomitigenerm
1092 2589 1129 2626 an
1146 2571 1224 2626 verbi
1242 2571 1374 2626 ministris
1394 2571 1548 2625 debeantur
1566 2568 1720 2640 stipendia,
1745 2567 1794 2622 sed

94 2662 153 2713 bae
173 2657 272 2712 siunai
292 2669 350 2723 sun
372 2657 468 2724 uiuis·
486 2656 540 2710 unt
560 2654 737 2723 (ilotteebienit
754 2655 859 2722 esseben
877 2654 993 2739 asbus
1010 2658 1103 2734 specie
1122 2664 1151 2712 et
1168 2658 1332 2728 quantitate.
1369 2661 1395 2712 2.
1419 2658 1462 2709 Es
1477 2657 1547 2724 jure
1564 2655 1669 2720 dmino,
1687 2664 1745 2708 tam
1763 2671 1796 2708 ac

95 2743 242 2810 mortiet,
261 2743 322 2811 surb
342 2743 416 2798 taisi
436 2742 523 2809 iiius,
545 2742 598 2797 unb
618 2738 801 2810 ioiqesqeitait
820 2739 859 2794 bie
872 2739 933 2796 itis·
962 2745 993 2798 V.
1012 2745 1043 2798 T.
1060 2745 1125 2797 Ises.
1137 2747 1180 2796 28.
1198 2762 1223 2799 s.
1240 2745 1287 2797 30.
1307 2743 1392 2796 Num.
1409 2748 1448 2805 lu,
1462 2759 1487 2798 o.
1500 2745 1544 2794 21.
1566 2741 1641 2794 Mal.
1658 2745 1686 2808 3,
1706 2759 1731 2796 v.
1751 2743 1794 2795 10.

95 2828 239 2898 diutinus
258 2827 334 2897 ibren
361 2828 541 2898 qebubsenbsn
562 2828 703 2896 untcsbait
726 2826 809 2896 buben
829 2826 930 2893 mium,
958 2831 1006 2883 sei
1022 2831 1103 2883 Deus
1117 2829 1198 2898 jubet
1215 2829 1319 2882 modis
1336 2829 1405 2883 dari
1422 2828 1554 2882 decimus.
1590 2828 1670 2894 Erpa
1683 2827 1796 2879 easdem

95 2918 149 2972 snb
169 2916 195 2985 io
215 2923 268 2970 bon
286 2915 408 2983 imam,
434 2923 486 2969 uis
504 2915 548 2968 bct
568 2914 629 2981 aad
649 2912 702 2980 lein
720 2912 830 2979 mihis,
853 2910 933 2980 baius·
959 2916 1029 2970 dori
1045 2916 1134 2970 uolut
1154 2916 1293 2969 ministris
1304 2917 1342 2969 N.
1363 2917 1394 2969 T.
1408 2917 1476 2984 quis
1488 2915 1705 2981 munumentum
1725 2913 1795 2979 buis
1859 2940 1863 2948 =

96 3002 140 3072 lirb
164 3002 226 3058 abac
253 3000 381 3070 issentstds
405 2999 541 3069 bissinibcs
574 3000 723 3068 gebennen,
755 2998 833 3064 [oben
865 2997 1001 3083 δείδοικε
1018 3004 1127 3056 morale
1145 3009 1173 3056 es
1192 3002 1260 3071 qaia
1277 3002 1390 3070 justitia
1416 3001 1640 3056 ambiamus
1661 2999 1729 3068 pias
1747 2999 1796 3050 ds·

95 3089 207 3157 dionis
242 3087 296 3141 unb
336 3084 489 3140 Collatores
528 3086 641 3154 statii&
678 3085 784 3154 qtitsoit
822 3084 1003 3142 nubentes
1030 3089 1177 3142 abussdare
1206 3105 1289 3157 quum
1317 3088 1541 3142 Pharisaeorum
1569 3095 1595 3140 et
1621 3086 1795 3152 scs-iberum,⁸

95 3174 224 3244 Denique
241 3189 304 3228 cum
320 3187 372 3226 nec
391 3170 447 3225 Dei
473 3171 547 3227 dona
569 3187 623 3225 nee
645 3171 754 3226 labores
783 3167 935 3234 ministerii,
961 3184 1018 3228 tam
1036 3193 1069 3228 eu
1085 3177 1123 3231 N.
1147 3177 1179 3228 T.
1201 3175 1304 3228 Matth.
1325 3181 1369 3243 22,
1386 3193 1409 3228 e.
1430 3178 1481 3227 21:
1501 3174 1625 3228 Reddite
1644 3189 1715 3240 quae
1732 3177 1797 3223 sunt

96 3276 148 3314 nee
165 3258 288 3313 feminae
312 3273 444 3311 numerus
469 3256 692 3312 intercoelestis
721 3254 935 3320 ministmesint
962 3261 1021 3315 Das·
1047 3263 1120 3315 Deo,
1157 3261 1262 3314 Mettis.
1292 3264 1340 3324 10,
1365 3279 1390 3316 u.
1416 3263 1463 3313 10:
1497 3261 1611 3326 Diqnus
1638 3257 1795 3326 operarius.

98 3345 236 3415 aequalia,
254 3344 318 3398 ideo
335 3359 391 3396 non
408 3342 519 3397 ridetur
538 3343 713 3397 commodum
731 3342 836 3397 salaria
856 3357 934 3396 esae-
962 3352 985 3402 1.
1007 3348 1072 3402 Gor.
1091 3350 1117 3410 9,
1142 3365 1167 3399 o.
1194 3349 1223 3399 7:
1252 3347 1393 3400 Dominus
1417 3346 1560 3398 ordinauit
1584 3348 1636 3398 etc
1673 3343 1796 3411 Respon-

98 3447 184 3502 quare
202 3437 231 3484 et
246 3446 320 3500 quae
339 3445 358 3483 a
376 3428 431 3498 piis
444 3427 597 3498 majoribus
610 3428 792 3483 determinate
813 3427 934 3481 adhunc
961 3433 1072 3486 demus:
1101 3439 1122 3488 l.
1142 3433 1190 3502 jus
1208 3433 1379 3488 decimarum
1397 3432 1427 3486 in
1450 3431 1485 3486 V.
1509 3430 1543 3486 T.
1568 3429 1722 3484 dandarum
1740 3443 1796 3482 non

98 3517 259 3587 parochiam
272 3517 366 3586 legata
377 3522 449 3584 sunt,
468 3516 505 3569 ad
515 3515 598 3570 aliam
610 3514 769 3585 parochiam
786 3513 832 3568 rel
851 3514 936 3568 etiam
960 3518 1014 3572 init
1031 3523 1148 3573 naturae
1165 3536 1214 3574 seu
1234 3518 1352 3586 morale,
1382 3517 1431 3572 sed
1450 3515 1632 3571 ceremoniale
1649 3514 1797 3569 nudatum

99 3602 167 3656 alios
185 3618 252 3656 usus
270 3594 441 3656 convenere.
960 3605 990 3658 in
1008 3604 1204 3660 distributione
1221 3610 1312 3659 terrae
1323 3603 1437 3658 Oanaau
1456 3603 1529 3657 inter
1541 3601 1688 3656 duodecim
1705 3599 1796 3654 tribus

62 3715 77 3743 n
133 3693 192 3743 329·
211 3686 360 3749 Quwritur
380 3692 404 3740 5·
431 3687 479 3738 An
496 3686 581 3750 “isat
599 3686 637 3740 οὔ
652 3685 834 3739 molitionum
853 3685 934 3737 mini·
960 3690 1079 3746 filiorum
1098 3690 1200 3760 lsrael,
1219 3706 1290 3762 quae
1308 3706 1403 3745 omnes
1424 3688 1566 3744 habebant
1580 3705 1658 3742 suam
1675 3686 1798 3759 peculia·

10 3766 61 3846 s...
97 3775 166 3828 siris
185 3775 215 3825 in
231 3773 349 3840 private
368 3769 566 3840 ἐξομολογήσει
589 3790 608 3825 a
627 3771 818 3841 vvnflleniibtw
842 3787 936 3823 mune·
961 3794 1019 3831 rem
1046 3776 1200 3846 portionem
1222 3775 1282 3830 sola
1304 3774 1431 3829 Levitico
1448 3781 1579 3845 excepta,
1609 3776 1689 3844 cujus
1708 3773 1798 3843 portio

10 3870 38 3948 ἰο
97 3861 139 3912 ris
157 3859 219 3912 loco
238 3858 353 3925 aliquid
373 3857 523 3926 accipere!
547 3856 639 3912 Valde
659 3856 711 3910 hoc
731 3855 871 3925 improbat
886 3855 936 3911 Jo·
960 3869 1020 3916 erat
1036 3861 1181 3928 Dominus,
1199 3861 1281 3917 Num.
1305 3867 1349 3927 18,
1378 3879 1404 3915 r.
1423 3866 1463 3916 20.
1500 3860 1651 3929 Deut18‚
1676 3879 1702 3914 r.
1725 3866 1748 3916 2.
1768 3859 1798 3914 id

98 3945 185 4001 dedis
204 3943 296 3999 Naum
315 3943 460 3998 stanes
480 3941 657 4011 calvinianis,
677 3941 827 4013 quintiani
847 3941 935 4010 ipsam
961 3948 1037 4019 quod
1056 3947 1116 4017 ipse
1136 3946 1321 4001 Bellarminus
1340 3946 1367 4000 d.
1387 3947 1405 4000 l.
1431 3946 1566 4017 agnoscit.
1600 3945 1676 4000 Huic
1695 3945 1799 4017 populo

98 4031 235 4101 privatam
260 4028 461 4084 confessionem
487 4035 516 4085 et
546 4029 748 4084 absolutionem
774 4027 827 4081 hoo
853 3992 1028 4105 argu-lquia
1056 4034 1092 4088 ad
1121 4033 1228 4087 cultum
1254 4033 1380 4087 divinum
1409 4032 1568 4087 serviebant
1594 4031 1724 4097 Levitae,
1750 4033 1798 4102 jus
1855 4076 1858 4081 ,

98 4123 191 4172 mente
208 4134 243 4171 ex
261 4115 380 4172 ecclesie
397 4115 595 4171 eliminandam
613 4118 735 4169 centeni
763 4112 936 4169 Sednbunun
960 4126 1076 4174 naturae
1089 4118 1201 4191 quidem
1212 4118 1323 4173 dictitat
1333 4118 1401 4190 ipsis
1413 4118 1520 4189 aliquid
1533 4118 1664 4186 dandum,
1683 4117 1797 4171 modum

98 4203 270 4273 separandus
298 4209 341 4257 eet
366 4219 385 4255 n
407 4219 473 4257 vero
500 4207 530 4257 el
553 4201 678 4272 legitimo
695 4216 757 4255 usu.
793 4198 856 4254 N0¹1
874 4216 936 4270 pro·
962 4223 1027 4262 vero
1047 4213 1076 4261 et
1093 4205 1287 4276 quantitatem,
1307 4206 1342 4260 de
1361 4222 1418 4276 qua
1438 4204 1498 4259 sola
1514 4204 1560 4258 hic
1578 4204 1713 4275 quaestio,
1732 4200 1799 4256 dell·

99 4290 193 4345 bauda
214 4296 258 4344 est
274 4289 391 4344 simonia
406 4288 568 4357 Pontifiaia,
586 4305 642 4360 qua
659 4286 815 4358 spiritualia
833 4286 937 4342 benefi-
963 4292 1034 4346 nirit
1050 4293 1101 4347 illa
1117 4292 1260 4363 proportio
1281 4290 1483 4346 distributionis
1499 4298 1590 4347 terrae
1609 4290 1736 4357 Causam
1752 4287 1799 4341 eui

99 4376 143 4431 cia
167 4375 341 4445 corruptibili
365 4391 433 4431 auro
457 4383 486 4431 et
509 4380 625 4446 argento
652 4374 825 4438 venduntur,
853 4391 937 4444 quam
963 4396 1015 4448 par
1038 4378 1067 4432 in
1091 4379 1126 4434 N.
1152 4377 1184 4432 T.
1209 4378 1317 4432 ostendi
1348 4377 1454 4448 nequit.
1491 4383 1514 4432 2.
1539 4376 1671 4431 Probatio
1703 4372 1799 4427 addita

96 4460 264 4532 jampridem
285 4461 427 4516 damnavit
443 4461 543 4515 Petrus
556 4461 621 4515 Act
640 4465 664 4527 8,
681 4478 707 4515 v.
727 4465 768 4516 20.
804 4459 863 4516 Nec
875 4477 937 4530 pro-
964 4481 1052 4537 gauus
1070 4464 1213 4532 duntaxat,
1234 4481 1289 4519 non
1309 4463 1445 4534 speciem,
1463 4464 1499 4517 de
1518 4479 1575 4533 qua
1593 4460 1674 4514 unice
1692 4457 1799 4530 quaeri·

100 4547 192 4602 banda
216 4555 290 4601 esset
311 4546 420 4601 illorum
438 4549 623 4618 quiapropter,
653 4545 702 4615 qui
733 4544 937 4605 absolutionem
963 4557 1017 4618 tur,
1035 4549 1187 4605 confirmat.
1219 4555 1243 4604 ³.
1261 4549 1360 4604 Matth.
1379 4557 1404 4612 5,
1423 4555 1503 4604 nno.
1520 4565 1576 4602 non
1595 4546 1653 4616 agit
1672 4544 1798 4599 Christus

98 4634 181 4688 alicui
198 4633 338 4704 impertire
357 4640 517 4689 recusarent
539 4633 592 4688 nisi
616 4637 763 4688 numerata
786 4632 864 4703 psius
889 4650 936 4703 pe
964 4635 1155 4706 principaliter
1181 4636 1216 4690 de
1236 4635 1347 4705 justitia
1367 4651 1491 4704 operum.
1534 4640 1558 4687 t.
1576 4631 1682 4686 Interii
1709 4635 1800 4700 potest

99 4720 194 4788 cunia,
223 4720 392 4776 removenda
420 4737 531 4791 quoque
556 4736 589 4775 ex
613 4719 712 4774 animis
738 4717 936 4788 simpliciorum
964 4723 1033 4776 haec
1065 4720 1207 4791 probatio:
1238 4721 1268 4777 si
1301 4720 1519 4776 Christianorum
1549 4716 1702 4772 liberalitas
1732 4732 1800 4788 erga

34 4834 46 4861 s
99 4814 171 4862 esset
189 4823 319 4877 persesve
337 4807 386 4860 illa
403 4805 510 4876 opinio,
540 4805 642 4875 siqua
658 4811 751 4860 tamen
771 4804 936 4875 inhaereret,
966 4807 1107 4862 ministros
1135 4805 1278 4861 abundare
1307 4804 1393 4860 debet
1424 4820 1509 4873 supra
1536 4803 1708 4858 iudaeorum
1732 4818 1800 4873 erga

99 4892 178 4963 quasi
195 4898 372 4963 peccatorum
390 4890 516 4946 remissio
532 4890 690 4946 interventu
708 4890 782 4945 illius
800 4890 936 4960 pecuniae
964 4893 1085 4958 Lentus,
1104 4892 1202 4962 utique
1220 4908 1276 4945 non
1295 4896 1426 4946 tenentur
1441 4889 1566 4959 praecise
1584 4888 1705 4944 decimas
1724 4889 1798 4942 dare.

99 4978 290 5048 apostoribus
309 4985 432 5045 ematur,
451 4975 561 5030 interim
578 4975 740 5047 simpliciter
760 4982 789 5032 et
811 4976 938 5031 absolute
963 4983 991 5033 3.
1011 4982 1058 5033 Ec
1072 4978 1141 5047 jssre
1165 4976 1299 5032 ecclesias
1325 4979 1383 5030 siue
1407 4976 1595 5029 decisionibus
1616 4976 1800 5029 comitiorum

99 5064 247 5135 improbari
268 5065 364 5134 nequit
382 5062 510 5132 accipere
529 5060 558 5114 iu
579 5061 719 5118 audienda
743 5063 855 5132 privata
873 5079 936 5117 con-
964 5075 990 5120 st
1006 5065 1128 5119 dometis
1147 5065 1321 5136 pontificum.
1364 5061 1590 5132 Respondemus:
1617 5061 1730 5116 decreta
1752 5060 1800 5115 ilia

98 5150 218 5206 fesdone
228 5150 265 5204 ab
277 5147 459 5216 auditoribus,
472 5152 636 5218 praesertim
648 5148 805 5217 ditioribus,
853 5148 936 5219 ‘quod
949 5102 951 5221 i
963 5156 1013 5206 aut
1029 5149 1143 5204 fuerunt
1159 5147 1339 5220 particularia
1356 5152 1494 5202 certam
1506 5147 1648 5219 regionum
1666 5152 1696 5200 et
1712 5146 1800 5200 natio-

99 5236 284 5292 honorsrium.
319 5236 389 5290 Cum
408 5234 482 5289 enim
505 5234 603 5303 quovis
630 5238 754 5304 tempore
776 5234 882 5291 licitum
901 5235 938 5289 sit
963 5254 1038 5298 num,
1057 5234 1281 5301 anthemium,
1306 5250 1422 5304 quorum
1443 5232 1565 5299 intereat,
1590 5248 1689 5302 nempe
1708 5231 1792 5301 ponti·

99 5323 153 5392 illi,
181 5325 231 5391 qui
248 5323 432 5376 cauchisatur
458 5336 600 5388 sermons,
624 5321 830 5375 communicare
853 5322 882 5374 ei
906 5321 937 5375 in
962 5321 1047 5378 licum
1067 5322 1163 5391 eisque
1180 5318 1443 5374 adhaerentium.itit

100 5410 225 5463 munibus
243 5409 329 5475 bonis,
348 5406 398 5473 qui
416 5423 445 5461 se
465 5405 618 5460 summias
636 5402 699 5459 Gal
719 5409 745 5471 6,
763 5422 788 5460 s.
811 5411 836 5461 d.
853 5422 937 5462 eccur

100 5511 132 5550 eo
152 5502 277 5564 tempore
288 5493 318 5547 id
330 5490 503 5562 prohibitum
515 5508 579 5550 esse
590 5489 783 5547 osmundum?
808 5489 843 5545 ln
855 5490 890 5547 V.
903 5490 942 5548 Τ..
1275 5511 1480 5519 *⁴*-

100 5574 936 5648 mmdlioiisqutodsmsdsaeerdotesrsdibsutuomo
