4020 6014
245 139 307 196 336
824 128 949 186 Locus
965 125 1172 188 wensinus
1189 129 1372 194 QUARTUS

245 285 378 339 honorem
404 302 493 339 suum.
540 283 681 339 Lutherus
708 283 846 340 reddidit:
880 285 920 339 be
947 283 1022 352 {tebet
1052 257 1553 355 iniculiaritersibiquoquadictum
1565 279 1937 351 sssamagistratusnovsrit

247 369 490 439 enitescamus,
522 371 573 436 bai
600 370 683 425 anem
716 372 847 439 urgentia
881 369 1003 438 ceraue,
1027 368 1081 421 her·
1109 370 1264 425 Concordia
1280 386 1345 424 cum
1362 368 1460 422 vicinis
1480 367 1590 438 populis
1610 372 1639 422 et
1658 364 1870 433 magistratibus
1886 364 1945 419 alib

246 456 310 523 iube
336 456 401 522 uicit
427 455 481 523 ibin
509 455 583 511 einen
610 456 732 524 tiblirben
759 456 891 523 tantist,
920 452 1080 507 Ecclesiast.
1109 456 1188 526 regni
1207 456 1297 510 tutela
1319 460 1361 510 est
1382 470 1417 508 ac
1434 453 1650 520 firmamentum,
1678 451 1753 505 unde
1771 451 1945 521 Augustinus

249 547 288 608 te,
306 558 331 595 v.
352 548 376 595 5.
1108 541 1156 596 lib.
1174 547 1199 597 2.
1226 541 1261 595 ds
1286 541 1338 594 eis.
1365 539 1419 593 Dei
1444 556 1468 596 o.
1492 544 1534 595 21.
1561 539 1749 592 arctusimum
1776 545 1861 605 manse
1879 539 1946 604 opti·

284 630 340 680 153.
383 626 515 690 Quamvis
536 643 601 680 vero
620 625 750 696 princeps
778 626 896 695 ipsemet
919 624 1033 680 consilio
1056 629 1083 678 et
1109 646 1184 681 mum
1203 628 1235 680 in
1252 625 1398 694 republica
1414 625 1552 678 nmmum
1573 624 1776 678 incolumitatis
1802 639 1861 675 esse
1880 621 1945 674 dicit

128 714 187 755 ΙΝ·
201 711 235 754 ¹⁰·
246 710 383 780 iupiuuliu
408 711 527 780 POlleui,
557 711 654 764 sedulo
677 718 771 764 tamen
799 717 910 773 caveat,
937 727 972 763 ne
990 707 1083 778 opinio
1110 714 1307 776 concordiam
1332 712 1406 782 quod
1438 711 1474 766 de
1503 710 1653 765 concordia
1680 716 1740 763 tum
1771 709 1945 763 subditorum

244 796 374 869 propriae
394 797 548 866 sapientiae
568 798 659 866 ipsum
671 797 741 851 adeo
754 802 890 859 excoeeet,
910 800 943 849 ut
961 796 1081 849 alienam
1110 805 1314 866 intercutem
1334 797 1566 869 magistratusue
1587 796 1771 863 subditorum,
1791 801 1852 848 tum
1871 793 1944 863 regni

247 889 416 953 aspernetur.
467 883 604 952 Princeps
634 884 726 948 facilc
751 884 896 950 evertitur,
925 882 976 950 qui
1004 881 1083 934 trullo
1111 904 1174 942 cum
1191 885 1287 940 vicinis
1306 884 1417 955 populis
1435 891 1478 938 est
1502 882 1702 952 accipiendum.
1741 888 1765 936 2.
1788 883 1946 934 Foederum

246 971 304 1024 nisi
330 969 486 1040 suiipsius
512 968 631 1023 condio
649 971 752 1038 utitur,
776 969 869 1039 inquit
891 967 1084 1023 Comminaeus
1111 973 1140 1025 in
1176 970 1320 1041 republica
1354 970 1473 1023 murima
1504 971 1615 1023 omniuo
1646 975 1688 1022 est
1717 967 1833 1021 utilitas.
1873 968 1946 1028 Quas

247 1071 270 1109 e.
302 1060 343 1110 94.
393 1059 504 1107 Marcus
534 1054 693 1108 Antoninus
724 1053 874 1124 imperator
901 1051 1084 1121 Philosophus
1111 1059 1184 1112 enim
1203 1055 1456 1127 vbesregnumin
1475 1071 1536 1110 sese
1560 1054 1731 1116 nonhabet,
1758 1070 1805 1108 eas
1824 1068 1875 1122 per
1893 1051 1947 1104 foe-

247 1140 338 1194 dictus
357 1139 468 1210 saepius
495 1140 547 1194 hoe
572 1137 731 1208 usurpavit:
756 1139 878 1207 Aequius
902 1146 956 1206 est,
980 1145 1011 1190 ut
1036 1153 1084 1205 epo
1112 1143 1179 1197 dccc
1200 1160 1263 1196 cum
1288 1142 1386 1195 vicinis
1411 1140 1539 1211 acquirit,
1581 1140 1666 1193 Unica
1688 1140 1778 1191 virtue
1795 1139 1904 1201 fortior
1922 1144 1948 1189 et

248 1233 286 1278 lul
309 1226 463 1294 taliumque
481 1227 607 1278 virorum
625 1224 774 1277 cuinullum
798 1240 915 1292 sequar,
938 1240 1021 1291 ivam
1045 1230 1085 1277 lOl
1112 1230 1148 1284 ad
1172 1229 1286 1284 hostiles
1313 1228 1432 1298 impetus
1458 1226 1616 1281 tolerandos
1634 1241 1667 1279 ae
1685 1225 1890 1294 propulsandos
1908 1224 1947 1276 in·

250 1312 375 1380 talesque
392 1312 479 1364 amici
496 1328 585 1364 meam
603 1311 687 1363 unius
705 1310 888 1375 uoluntatem,
912 1307 1085 1378 Capitolinus
1113 1315 1250 1369 structjcr,
1285 1314 1389 1369 ccum
1408 1329 1472 1367 vcro
1492 1311 1657 1366 decivitate
1678 1310 1744 1363 [ais
1764 1310 1867 1362 dicitur
1881 1308 1947 1362 lud.

249 1397 278 1450 in
299 1399 359 1467 ejus
379 1396 437 1452 vica
457 1404 535 1451 etex
554 1412 587 1451 eo
607 1395 743 1452 Meluhior
762 1394 799 1450 ab
813 1394 885 1451 Ossa
903 1395 938 1449 de
956 1394 1085 1464 prudent.
1116 1407 1154 1470 ts,
1173 1419 1198 1455 v.
1219 1406 1259 1457 as.
1279 1399 1354 1471 quod
1367 1398 1442 1453 facili
1454 1398 1565 1469 negouo
1577 1396 1700 1466 potuerit
1718 1396 1859 1464 occupari,
1879 1394 1946 1461 qaia

248 1489 356 1555 regnat.
376 1499 401 1538 c.
423 1490 446 1538 7.
478 1480 512 1534 Id
533 1483 605 1536 enim
621 1482 757 1551 majorum
778 1488 935 1536 nostrorum
952 1479 1085 1534 institutis
1113 1505 1167 1540 non
1184 1486 1281 1539 babuit
1303 1486 1365 1535 ἾἎἹ
1386 1486 1498 1537 uerbum
1511 1500 1560 1538 seu
1574 1483 1726 1553 negotium,
1739 1498 1802 1534 cum
1821 1481 1881 1531 zello
1900 1481 1947 1530 lta-

174 1629 176 1633 .
248 1585 282 1622 uu
300 1569 431 1623 diuturna
447 1566 618 1636 experientia
633 1572 814 1638 praeceptum
835 1571 975 1636 astatque
990 1565 1084 1636 cogni·
1112 1573 1200 1639 mine,
1226 1571 1280 1626 hoc
1308 1579 1351 1624 est
1375 1571 1518 1640 quianon
1543 1568 1597 1622 fuit
1618 1569 1647 1621 in
1676 1567 1786 1622 foedere
1804 1584 1869 1620 cum
1887 1566 1948 1619 aliis

248 1661 317 1722 tum,
335 1655 434 1723 plures
451 1653 569 1705 canalio
590 1653 791 1706 communicato
811 1652 911 1705 melina
930 1650 1085 1704 acratius
1113 1657 1281 1712 civitatibus,
1320 1656 1490 1712 Adhibenda
1515 1661 1608 1709 came„
1629 1654 1657 1706 in
1680 1653 1839 1724 pangendi,
1858 1653 1948 1705 foede.

250 1759 334 1810 quam
353 1739 479 1807 cingulos
491 1738 647 1806 judicare,
671 1736 794 1792 Bodinus
812 1737 860 1792 lib.
881 1744 905 1791 1.
926 1737 961 1791 de
978 1735 1084 1806 republ.
1112 1744 1189 1797 ribus
1209 1743 1366 1813 prudentia,
1383 1746 1416 1807 ut
1437 1747 1530 1797 monci
1547 1740 1703 1795 paradinus
1721 1740 1750 1792 in
1768 1738 1860 1808 symb,
1904 1736 1949 1789 Via

250 1842 274 1879 c.
299 1832 323 1879 4.
370 1823 527 1878 Meminerit
550 1823 694 1893 princeps,
721 1824 960 1892 quodomnium
984 1823 1021 1874 sil
1040 1837 1086 1873 res
1113 1830 1207 1882 nescia
1225 1829 1301 1881 vinei
1315 1845 1342 1897 p.
1367 1833 1423 1883 198.
1442 1833 1474 1880 ut
1492 1825 1599 1881 scilieet
1619 1826 1758 1894 eligantur
1775 1823 1948 1893 potissimum

251 1928 344 1972 caera,
365 1909 440 1979 iscis
459 1907 731 1978 ἡβονλή,“ριιοᾱ(ιαε
742 1927 788 1962 res
799 1911 836 1962 nit
848 1909 975 1962 emuiliis
987 1925 1086 1961 recuro
1112 1914 1221 1967 illorum
1239 1913 1361 1981 foedera,
1379 1913 1427 1983 qui
1446 1918 1511 1964 sunt
1522 1911 1551 1964 in
1570 1912 1693 1981 proximo
1712 1916 1740 1964 ct
1757 1910 1804 1979 qui
1825 1909 1948 1978 potentis

250 1997 382 2062 fidelibus
391 1997 442 2064 nti,
452 2000 483 2048 ut
494 1994 569 2048 canit
578 1993 707 2064 Baptista
716 1994 895 2050 Mantuanus.
917 1993 1086 2047 Manendum
1114 2000 1214 2063 valent,
1236 1999 1284 2069 qui
1304 1999 1378 2052 enim
1395 1997 1549 2052 imbellium
1561 2004 1589 2051 et
1600 1996 1771 2050 infirmorum
1789 1995 1949 2048 societatem

251 2081 374 2145 iuterim,
398 2098 431 2134 0¹
448 2086 528 2151 purte
548 2080 636 2134 ultera
655 2080 739 2134 etiam
765 2080 833 2134 illud
852 2080 971 2149 principi
989 2096 1087 2134 caven-
1114 2085 1248 2152 ambiunt,
1268 2092 1405 2155 quaerunt
1422 2101 1484 2139 cum
1497 2083 1600 2155 quibus
1612 2084 1812 2153 opprimantur.
1844 2090 1868 2137 3.
1881 2081 1948 2134 Foe-

252 2169 318 2222 dum
347 2184 406 2222 esse
425 2165 635 2238 praecipitium,
661 2183 695 2220 ne
722 2173 797 2220 totus
823 2182 840 2219 a
869 2165 1086 2219 consiliariorum
1114 2172 1181 2225 dere
1205 2179 1234 2225 et
1262 2177 1347 2241 pacta
1371 2171 1456 2225 semel
1475 2171 1546 2224 inito
1573 2169 1687 2223 firmiter
1712 2174 1741 2222 et
1764 2175 1861 2222 sancte
1884 2174 1949 2220 sunt

252 2261 323 2309 nutu
342 2271 375 2308 au
385 2253 466 2324 jussu
479 2252 603 2322 pendeat
615 2252 699 2322 inque
718 2251 827 2307 illorum
839 2252 968 2306 humeros
987 2251 1087 2322 guber·
1114 2256 1297 2310 custodienda
1322 2273 1355 2310 ac
1386 2255 1455 2309 fides
1485 2256 1552 2309 data
1581 2254 1708 2325 religiose
1736 2259 1779 2308 esi
1805 2252 1948 2306 servanda.

254 2341 395 2395 nationem
414 2355 522 2391 omnem
541 2337 658 2406 rejiciat,
677 2353 712 2390 ne
726 2337 870 2408 confingat
883 2336 964 2403 illud,
985 2336 1019 2390 de
1032 2351 1087 2406 quo
1113 2344 1205 2415 Rapa·
1223 2344 1356 2410 jocularia
1372 2359 1467 2410 poena
1488 2342 1687 2411 utplurimum
1718 2342 1845 2408 reqnuur
1875 2340 2001 2407 ipnacxrv

252 2425 389 2495 Vopiscus
415 2423 444 2476 in
474 2421 627 2476 Aureliano
657 2422 852 2492 conqueritur:
881 2423 944 2490 Euo
975 2421 1086 2490 (inquit)
1113 2430 1240 2498 perfidos
1258 2436 1283 2481 et
1298 2429 1492 2496 foedifragos,
1512 2424 1660 2496 Thucydid
1675 2425 1721 2478 lib.
1742 2432 1764 2481 2.
1785 2426 1819 2480 de
1840 2424 1948 2479 Theba-

252 2532 271 2565 α
287 2519 372 2581 patre
390 2526 449 2562 meo
467 2508 575 2573 audini,
595 2509 806 2562 Diocletianum
816 2509 976 2577 principem
994 2508 1088 2559 adhue
1115 2515 1158 2568 nic
1175 2513 1306 2568 Plataeas
1332 2512 1540 2583 occupantibus.
1578 2511 1716 2581 Principis
1736 2511 1822 2566 verba
1843 2521 1871 2564 et
1888 2528 1949 2580 pro·

165 2591 171 2599 ¹
247 2599 393 2667 Privatum
415 2595 534 2650 dmiccc:
574 2595 655 2648 Nihil
680 2603 720 2648 tul
745 2593 896 2663 ‘li'ffit'l'll'ilu
921 2611 1004 2662 tuum
1025 2595 1089 2646 lituu
1115 2601 1200 2654 missa
1227 2600 1262 2653 ad
1289 2598 1448 2653 firmitatem
1473 2598 1671 2668 propemodum
1699 2597 1823 2651 divinam
1850 2597 1952 2651 debent

253 2686 403 2752 imperate·
445 2680 589 2748 COWlull
614 2688 782 2749 88111111ῑῦ01·
800 2680 844 2732 vel
864 2679 985 2748 euinque
1005 2687 1088 2746 <illue
1116 2687 1257 2750 accedere,
1275 2693 1422 2756 postquam
1443 2685 1528 2739 alicui
1540 2683 1621 2738 fidem
1643 2683 1727 2746 dedit,
1746 2684 1801 2737 imo
1818 2684 1951 2753 principis

252 2787 337 2822 unum
362 2766 510 2820 coralium
534 2768 576 2818 ud
599 2766 797 2837 deuehendum
822 2767 1019 2835 imperaturum
1044 2783 1089 2816 cu·
1117 2772 1233 2842 simplex
1257 2770 1371 2826 verbum
1396 2770 1460 2840 plus
1486 2769 1660 2824 auctoritatis
1684 2775 1712 2824 et
1730 2769 1886 2824 securitatis
1906 2769 1950 2822 ba·

250 2857 349 2926 pitin&
370 2855 466 2907 dicuni
482 2853 560 2921 quid,
576 2853 755 2921 probandum
776 2852 821 2907 eil.
855 2851 1023 2921 Imperator,
1042 2851 1092 2920 qui
1118 2859 1184 2914 bere
1218 2857 1302 2912 debet
1333 2874 1417 2926 quam
1454 2856 1570 2911 aliorum
1607 2856 1752 2910 hominum
1785 2857 1951 2925 juramenta,

254 2943 332 2995 domi
349 2941 462 2993 clariana
480 2946 534 3002 ert,
554 2954 621 2990 vera
640 2955 696 2991 non
715 2939 806 3004 neuim
832 2938 940 3004 cogitur
959 2937 1010 2991 boe
1030 2946 1089 2990 tan·
1116 2945 1277 3016 Alphoncuc
1288 2942 1423 2998 referente
1431 2943 1630 2997 Panormitano
1639 2942 1858 3013 lib,1‚dcgcctic‚
1867 2941 1950 2995 Dino-

254 3035 311 3078 tum
328 3026 417 3088 scire,
442 3026 519 3093 quod
537 3022 584 3077 illi
604 3022 773 3090 loquamur,-
786 3024 866 3089 saeit
880 3024 1003 3091 judiees,
1021 3040 1090 3091 quoe
1116 3031 1181 3085 chuc
1208 3030 1254 3085 lib,
1284 3035 1308 3086 6,
1335 3029 1398 3084 hist,
1425 3027 1499 3084 Gall,
1524 3029 1545 3082 f,
1573 3035 1630 3083 479,
1657 3033 1700 3082 cst
1726 3027 1799 3082 cuim
1820 3028 1949 3097 princeps

254 3113 319 3178 filii
338 3130 393 3164 ’²0²²
416 3117 544 3178 0P0li⁶²i
568 3117 675 3161 ammiel
701 3127 719 3160 α
744 3109 897 3176 republica,
925 3126 993 3177 dimi
1011 3110 1090 3161 debui
1116 3116 1194 3170 Deus
1206 3115 1307 3185 aliquis
1320 3115 1457 3169 terrestris
1468 3132 1501 3168 ae
1518 3115 1604 3168 divini
1620 3114 1748 3169 Numinis
1763 3113 1949 3175 simulacrum,

256 3200 384 3251 oblinere.
432 3195 508 3256 Quid
526 3195 635 3248 mulla-²
654 3202 685 3247 ul
711 3194 910 3247 Diocletianus*
935 3195 994 3263 ipit
1016 3196 1089 3247 ‘liue-
1116 3204 1238 3257 imitetur
1255 3201 1341 3272 igitur
1359 3201 1515 3271 exemplum
1535 3200 1593 3254 veri
1611 3207 1640 3254 et
1657 3199 1757 3254 summi
1775 3199 1849 3261 Dei,
1869 3201 1949 3267 mune

256 3288 315 3339 hut:
342 3285 456 3346 Bonus,
475 3289 591 3351 eantur,
621 3282 739 3352 optiraue
767 3280 897 3333 uenditum
927 3281 1089 3349 imperator.
1116 3290 1230 3356 ringula
1253 3288 1338 3340 uerba
1354 3295 1418 3339 eunt
1430 3287 1608 3355 juramenta,
1632 3286 1723 3356 inquit
1746 3284 1838 3339 Philo.
1858 3285 1949 3338 Fran

255 3373 391 3440 Suspecta
427 3368 594 3438 quandoque
629 3366 749 3436 principi
786 3383 898 3420 suorum
933 3383 1020 3438 aeque
1055 3384 1088 3421 au
1116 3376 1271 3429 dolentiam
1304 3373 1459 3442 turpiorem
1492 3391 1526 3425 ae
1556 3374 1716 3436 foediorem
1748 3389 1806 3425 esce
1843 3380 1951 3426 censeat

255 3464 429 3511 externorum
449 3453 527 3521 fides,
547 3461 577 3505 nt
595 3469 624 3506 ce
644 3453 707 3521 ipso
725 3453 876 3516 meliorem,
895 3470 975 3522 quem
992 3471 1089 3507 conau-
1111 3463 1247 3530 princepe
1265 3478 1349 3528 quum
1368 3460 1538 3521 violenciam,
1555 3458 1705 3528 Thucydid
1725 3457 1772 3514 lib,
1795 3466 1820 3514 4,
1839 3458 1903 3513 hiat.
1923 3459 1950 3511 in

254 3543 313 3596 lere
339 3541 443 3610 praeut,
472 3541 571 3593 habeat
598 3540 748 3601 nemiuem,
774 3538 898 3594 Bodiuuu
926 3539 974 3596 lib.
1004 3545 1027 3595 3·
1055 3540 1090 3594 du
1116 3553 1185 3602 orat.
1203 3546 1337 3601 Brasidae
1358 3545 1395 3600 ad
1411 3545 1574 3609 Acanthios,
1595 3551 1637 3600 est
1655 3545 1728 3598 enim
1746 3544 1830 3598 animi
1847 3544 1951 3614 abjecti

254 3626 359 3696 republ·
380 3644 404 3681 0·
424 3632 447 3681 ¹·
749 3700 757 3713 ἱ
1116 3641 1145 3689 et
1164 3632 1270 3688 servilis
1289 3632 1423 3686 indicium
1442 3631 1525 3685 fidem
1544 3631 1649 3686 fallere.
1684 3631 1719 3685 Si
1728 3631 1832 3684 nullibi
1849 3632 1879 3684 ia
1896 3639 1951 3684 toto

1118 3722 1193 3789 orbe,
1213 3728 1305 3773 tamen
1323 3719 1353 3770 in
1367 3718 1511 3789 principie
1529 3718 1619 3771 uubis
1630 3719 1707 3787 ficies
1725 3718 1816 3770 locum
1827 3719 1951 3771 iuvenire

1118 3810 1205 3862 debet.
1245 3807 1279 3860 si
1304 3812 1362 3859 toto
1389 3806 1494 3857 mundo
1512 3805 1590 3870 fides
1614 3805 1732 3871 meum,
1756 3812 1849 3857 tamen
1875 3807 1953 3874 apud

1119 3895 1315 3962 imperatorem
1338 3908 1402 3944 cum
1426 3897 1536 3958 oportet
1556 3892 1720 3959 comatae,
1739 3890 1853 3946 dicebat
1871 3890 1953 3945 Garo-

513 3949 533 4008 s
553 3948 580 4008 E
599 3948 662 4009 OT
681 3949 739 4010 1⁰
774 3948 833 4008 IV·
1120 3981 1162 4033 lus
1189 3978 1224 4035 V.
1250 3995 1312 4032 cum
1337 3978 1374 4030 ad
1398 3976 1583 4047 frangendam
1609 3976 1732 4031 Luthere
1757 3977 1853 4032 datam
1870 3977 1953 4032 fidem

255 4107 283 4184 Q
294 4106 398 4173 UOM
407 4106 435 4172 0
444 4105 508 4171 ΒΟ
546 4105 579 4170 Μ
588 4106 616 4170 Α
625 4105 677 4171 (31
687 4105 780 4172 STR
787 4103 881 4169 ATU
891 4105 913 4169 S
953 4104 1017 4169 ER
1024 4103 1054 4170 G
1062 4104 1091 4168 Α
1118 4082 1136 4119 a
1149 4063 1303 4119 Pontiiieiis
1318 4063 1435 4118 flabellis
1450 4062 1637 4133 instigaretur,
1658 4062 1794 4117 referente
1814 4064 1953 4118 Zenoenro

1119 4169 1147 4205 m
1169 4150 1256 4220 ipsius
1282 4149 1348 4204 vita.
1392 4156 1417 4204 4.
1447 4148 1571 4218 Legatos
1601 4147 1754 4202 vicinorum
1779 4149 1953 4218 populorum,
1991 4194 1993 4201 .

255 4207 548 4292 AEQUALsssr
591 4205 809 4273 VlelNOS
854 4205 1091 4272 SCILICET
1119 4237 1166 4307 qui
1185 4235 1334 4290 honorifice
1352 4234 1468 4305 exeipit,
1496 4234 1956 4290 illorumanimossihieonciliat

266 4311 292 4375 P
302 4309 363 4376 ΟΡ
373 4309 504 4376 ULOS
569 4309 633 4374 ΕΤ
696 4308 1078 4375 MAGISTRATUS
1119 4339 1151 4376 ac
1172 4320 1300 4377 devincit.
1345 4319 1416 4375 lure
1439 4320 1563 4390 gentium
1586 4319 1671 4391 legati
1694 4328 1760 4374 sunt
1785 4320 1954 4375 sacrosancti

287 4412 442 4479 ALIOS
465 4413 586 4479 SESE
616 4411 819 4477 GERERE
841 4411 1062 4476 ΒΕΒΕΑΤ,
1118 4414 1147 4462 et
1165 4405 1347 4472 inviolabiles,
1367 4405 1438 4459 adeo
1459 4412 1491 4458 ut
1502 4423 1553 4475 pro
1567 4404 1622 4459 illie
1642 4405 1750 4459 siolaus
1764 4405 1869 4461 bellum
1878 4407 1956 4475 juste

1118 4492 1177 4563 geri
1197 4499 1355 4554 censeatur,
1377 4489 1514 4559 Polybius
1539 4490 1585 4546 lib,
1609 4496 1632 4544 2.
1653 4490 1747 4544 histor.
1783 4490 1844 4544 Rex
1862 4490 1955 4545 David

129 4597 228 4646 Quomo—
293 4590 350 4640 153.
387 4583 456 4638 Cum
481 4581 578 4635 vicinis
603 4580 714 4650 populis
738 4586 767 4633 et
795 4579 1004 4648 magistratibus
1030 4579 1091 4634 aliis
1119 4577 1247 4648 injuriam
1266 4575 1366 4646 legatis
1385 4576 1441 4628 suis
1461 4575 1497 4629 ab
1515 4576 1736 4630 Ammonitarum
1755 4593 1822 4647 rege
1836 4576 1955 4631 Hancne

129 4651 238 4745 iiiiii,
255 4669 383 4739 princeps
412 4675 433 4724 t.
462 4666 638 4722 concordiam
667 4665 742 4719 alere
768 4665 895 4734 studeat;
928 4670 952 4721 2.
980 4665 1093 4721 foedera
1118 4665 1224 4719 illatam
1243 4660 1404 4733 gravissimo
1425 4661 1498 4715 bello
1517 4662 1661 4716 ulciscitur
1681 4669 1705 4717 2.
1724 4662 1797 4718 Sam.
1821 4671 1867 4731 lu,
1885 4680 1912 4719 s.
1930 4670 1956 4718 l.

129 4751 319 4808 saracenicam
339 4755 394 4808 ΠΗ,
412 4755 504 4821 inem
530 4759 553 4808 3,
573 4750 657 4804 fidem
676 4751 772 4805 datum
793 4751 921 4821 religiose
942 4759 1045 4816 servet3
1064 4758 1092 4805 et
1156 4756 1213 4805 154.
1249 4747 1398 4813 Quaeritur
1421 4747 1474 4802 hoe
1498 4748 1575 4802 loeo:
1601 4752 1625 4800 1.
1652 4750 1699 4801 An
1724 4750 1832 4802 licitum
1851 4752 1889 4804 cit
1903 4752 1956 4819 pio
1970 4751 2002 4800 Qu

129 4811 216 4849 carcre.
258 4847 283 4896 4.
304 4841 410 4911 legatos
430 4840 551 4909 ipsorum
576 4834 726 4892 honorifice
751 4837 870 4906 excipiat
888 4845 916 4892 ct
937 4854 1033 4892 secum
1052 4837 1092 4891 di·
1119 4834 1300 4905 mapietratui
1324 4835 1446 4895 foedera
1472 4834 1544 4886 inire
1571 4851 1634 4886 eum
1663 4836 1791 4888 dioneae
1808 4837 1957 4902 religionis
1970 4801 2004 4893 iii

258 4926 363 4992 mittat,
392 4942 464 4995 quae
489 4922 583 4978 omnia
608 4923 645 4976 ad
677 4925 846 4994 φιλησυχίαν
875 4929 903 4977 et
928 4922 1295 4997 concordiaehominibusi
1320 4918 1421 4973 Petrus
1446 4919 1554 4989 Martyr
1580 4920 1660 4974 class.
1690 4927 1715 4975 4.
1743 4921 1827 4975 locor.
1856 4903 2004 4996 commffss

258 5012 381 5066 studium
401 5010 525 5080 proximo
545 5008 669 5063 debitum
689 5008 837 5078 pertinent.
879 5016 900 5064 1.
917 5008 1091 5062 Concordiae
1104 5032 1107 5059 ι
1120 5025 1142 5062 e.
1165 5013 1202 5061 te.
1223 5024 1249 5060 n.
1270 5011 1310 5060 23.
1347 5003 1494 5058 Albericus
1513 5003 1631 5058 Gentilis
1650 5005 1735 5061 liba.
1754 5007 1870 5078 dejure
1888 5008 1957 5063 belli
1970 5009 2004 5048 Μ

259 5098 381 5152 studium
399 5095 517 5164 principi
544 5096 587 5148 vel
608 5095 725 5148 maxime
745 5093 828 5149 debet
845 5111 905 5148 esse
918 5093 1092 5149 commenda·
1104 5096 1106 5115 ¹
1120 5111 1143 5147 e.
1164 5099 1202 5147 le.
1220 5091 1313 5145 etalii
1339 5090 1516 5161 li(liungius
1533 5091 1562 5143 in
1581 5091 1668 5147 Enod.
1687 5110 1714 5162 p.
1735 5098 1795 5151 880,
1829 5094 1958 5148 Foedera
1970 5061 2004 5150 iii

256 5189 325 5237 tum.
360 5181 441 5246 Quod
467 5181 494 5233 in
522 5197 625 5250 genere
650 5179 791 5249 apostolus
811 5178 938 5233 omnibus
957 5178 1094 5249 praecipit
1119 5195 1183 5232 eum
1202 5178 1326 5232 diversae
1344 5176 1486 5247 religionis
1504 5176 1662 5231 hominibus
1682 5195 1737 5232 non
1756 5196 1816 5233 esse
1834 5163 2004 5234 ineundam*

257 5267 335 5321 Rom.
358 5272 404 5333 12,
428 5283 453 5321 v.
481 5271 525 5320 ts:
553 5265 587 5317 Si
602 5265 676 5328 fieri
688 5271 797 5331 potest,
818 5271 952 5331 mantum
968 5265 999 5314 in
1016 5264 1251 5333 srobisdocemur
1278 5263 1364 5317 Exod.
1396 5269 1443 5331 23,
1467 5281 1492 5319 v.
1517 5268 1558 5317 32.
1585 5271 1614 5318 et
1641 5265 1709 5318 talia
1734 5265 1849 5321 foedera
1872 5283 1958 5336 saepe

259 5362 307 5417 est,
326 5370 386 5404 mam
404 5351 529 5406 ousuibne
555 5351 711 5402 bominibus
729 5366 829 5418 pacem
847 5350 970 5413 colitotc,
996 5348 1024 5401 id
1045 5340 1359 5419 pes-'reprehenduntur
1383 5366 1400 5403 a
1428 5348 1578 5417 prophetie.
1608 5351 1672 5405 Esa.
1691 5360 1721 5414 t,
1754 5370 1779 5404 v.
1803 5358 1842 5407 12.
1871 5370 1894 5407 e.
1915 5359 1958 5415 31,
