4020 6014
605 324 656 380 DE
675 321 899 381 mulmento
918 322 1220 383 monasterum.
1698 335 1757 392 103

54 485 158 530 ιιιιιιιιι
183 478 325 546 offerendi
345 479 531 546 sacraficium
554 480 649 533 attere
672 496 735 533 crem
750 495 852 532 manue
869 479 897 530 ei
922 480 1037 532 sterium
1053 482 1133 533 ιιιιι·
1148 481 1229 535 labet
1246 485 1411 536 mandatum
1428 484 1488 536 Dei
1509 491 1535 535 et
1552 483 1632 536 habet
1650 482 1756 551 maeni-

53 564 177 633 ieraae't
203 565 315 616 dicem:
344 564 472 633 Accipite
501 565 640 633 Spiritum
663 585 686 622 ι.
713 583 829 634 quorum
851 581 896 617 re·
922 565 989 624 ficas
1018 568 1233 635 promiariones,
1263 570 1383 621 Borean.
1405 573 1425 621 1,
1448 569 1516 623 Ειι,
1535 572 1579 623 55.
1628 568 1662 621 ss·
1686 569 1758 620 ordo

55 650 193 703 moenis
222 655 274 704 etc.
323 650 444 718 Utraque
471 653 631 704 ceremonia
661 659 702 703 ιιι
730 650 895 718 ιιιιιιιιαὶιι,
922 649 973 700 hoc
991 653 1074 704 morio
1094 653 1278 720 intelligatur,
1297 670 1384 721 neqssc
1401 654 1608 722 impositionem
1625 671 1759 706 manuum

53 752 124 788 nam
138 751 195 803 per
213 752 299 787 unam
316 737 463 796 confertur
481 753 539 787 una
552 744 688 804 potestas,
703 754 758 806 per
776 738 896 790 aderam
920 752 1020 787 occure
1037 747 1241 792 remanentem
1258 740 1438 806 precabimur
1444 760 1455 808 ,·
1479 742 1562 794 habet
1579 741 1652 794 enim
1672 740 1757 793 ecclc·

54 823 161 888 altera,
178 836 266 890 nepte
284 821 496 890 adprobabile,
514 823 722 889 quodquidam
739 824 845 890 dicunt,
866 823 896 874 in
921 822 967 873 sic
996 825 1158 877 mandatum
1192 828 1226 878 de
1257 827 1458 879 constituendis
1494 827 1643 893 ministris,
1682 827 1759 893 quod

53 926 114 960 ιιιιιι
133 915 219 961 totum
239 908 309 960 dari
325 908 398 960 etin
416 908 510 960 altera
527 914 635 960 tcnmm
654 909 801 977 applicari,
819 911 897 977 quod
921 909 1112 976 gratissimum
1132 926 1190 963 esee
1207 912 1287 964 notis
1306 914 1400 974 debet,
1429 915 1507 980 quod
1523 913 1641 978 scimus,
1665 912 1758 964 Deum

54 1001 99 1046 eet
117 995 215 1046 ιιιιιιιι
241 994 271 1045 in
296 993 358 1046 alia
383 997 435 1047 etc.
472 993 560 1063 Atqui
581 992 604 1046 si
622 995 735 1048 credere
754 995 895 1061 debemus,
921 995 1082 1062 approbare
1105 996 1289 1050 ministerium
1312 998 1388 1051 illud
1415 1006 1440 1050 et
1470 1000 1570 1050 adesse
1593 997 1757 1058 ministerio,

55 1085 206 1148 utramque
224 1079 302 1132 illam
320 1079 502 1133 ceremoniam
521 1094 582 1133 esse
601 1081 785 1134 necessariam
804 1080 833 1133 in
852 1097 894 1134 or·
922 1096 957 1131 ac
971 1081 1088 1147 prodest
1105 1089 1237 1148 quantum
1254 1084 1318 1150 ficri
1330 1091 1431 1152 potest,
1450 1101 1553 1136 orrsarc
1571 1083 1757 1136 ministerium

55 1163 200 1217 dinatione
218 1163 453 1233 presbyterorum,
472 1163 595 1232 proferat
612 1162 797 1219 Bellarminus
816 1166 893 1219 tabu·
921 1165 999 1216 veros·
1016 1166 1093 1218 omni
1109 1183 1209 1234 penore
1228 1169 1323 1221 laudis
1348 1172 1483 1223 αιιιιιιιιι
1505 1170 1651 1233 fanaticos
1671 1169 1757 1221 homi·

55 1251 99 1303 les
117 1249 231 1303 divinae
244 1248 435 1317 institutionis,
454 1248 641 1304 ubiChristus
661 1252 793 1320 apostolis
811 1251 896 1305 tradi·
908 1232 976 1317 lnce
1017 1251 1058 1304 Ex
1079 1251 1154 1306 hisce
1172 1253 1290 1322 quilibet
1309 1253 1454 1324 intelligit,
1479 1271 1532 1307 non
1557 1261 1613 1307 tam
1641 1254 1676 1308 de
1703 1254 1757 1306 ritu

56 1335 131 1390 derit
158 1335 284 1404 petinam
323 1342 351 1390 et
381 1335 496 1390 calicem
532 1343 616 1406 atque
645 1353 692 1390 cos
721 1337 896 1393 constituerit
922 1337 1102 1391 ordinationis
1125 1355 1208 1408 quem
1233 1340 1299 1393 de
1291 1357 1352 1438 spec
1374 1340 1453 1393 verbi
1477 1345 1505 1394 ιι
1523 1345 1756 1394 sacramentorum

56 1420 220 1487 missifices,
249 1419 299 1475 ubi
321 1421 484 1491 imposuerit
508 1421 562 1475 illis
586 1422 718 1476 manum?
749 1422 897 1477 Concludit
923 1422 1084 1490 ministerio,
1103 1441 1153 1478 nec
1172 1425 1206 1479 de
1225 1425 1413 1495 propriissime
1432 1432 1459 1480 et
1477 1426 1688 1495 specialissime,
1707 1423 1757 1479 sed

55 1509 172 1562 undem
190 1507 390 1563 Bellarminus:
412 1509 552 1561 Credibile
572 1516 624 1572 eet,
645 1509 798 1562 Dominum
817 1509 910 1560 iusti--
908 1508 957 1595 ,ἀι
977 1510 1148 1579 generaliore
1159 1511 1279 1579 quadam
1294 1512 1458 1565 sacramenti
1478 1510 1678 1582 significatione
1693 1526 1756 1579 apo-

55 1595 140 1647 cosm
159 1600 231 1646 istas
250 1609 344 1647 omnes
362 1596 497 1647 matous
514 1597 647 1647 ordinum
662 1612 719 1648 non
736 1596 879 1662 quidem
866 1612 896 1647 m
908 1598 910 1643 1
908 1593 1024 1664 logiam
1049 1609 1140 1664 egere
1187 1595 1306 1660 Quando
1331 1597 1404 1650 enim
1429 1602 1632 1651 sacramentum
1654 1595 1757 1665 accipi-

50 1680 244 1749 particulari,
270 1680 322 1731 sed
338 1680 494 1747 ceneratim
519 1682 657 1733 monendo
678 1682 838 1748 apostolos,
866 1654 968 1731 uritur
986 1679 1173 1748 propriissime
1193 1697 1226 1734 ac
1245 1682 1444 1751 specialissime
1465 1682 1534 1748 (ut
1527 1700 1554 1734 ιιι
1573 1681 1712 1751 baptismo
1729 1686 1758 1734 et

55 1764 174 1819 oraim
193 1765 355 1828 conferrent
372 1781 425 1832 per
438 1766 623 1817 ceremoniam
642 1720 1021 1827 instrumentorumlcoena)
1045 1765 1161 1834 requirit
1185 1782 1240 1820 non
1267 1768 1392 1838 quemvis
1421 1768 1520 1835 ritum,
1546 1767 1595 1821 sed
1619 1783 1682 1821 eum
1709 1767 1756 1836 qui

55 1851 157 1921 quibus
178 1850 388 1918 siqnirtcaretur
407 1868 503 1904 ιινιιιιι
521 1860 657 1920 potestas.
693 1851 733 1904 At
756 1851 895 1920 quomodo
922 1855 998 1902 certo
1015 1855 1044 1902 ct
1063 1850 1099 1903 ab
1119 1851 1180 1919 ipso
1200 1850 1311 1906 Christo
1329 1853 1502 1923 praescripto
1520 1869 1553 1906 ac
1574 1851 1757 1906 determinato

55 1937 110 1991 hoc
128 1935 263 1990 credibile
278 1941 334 2003 est,
358 1952 421 1990 cnm
440 1937 468 1989 in
494 1936 580 1990 literis
605 1936 678 2002 fidei,
700 1937 728 1990 in
747 1935 896 2006 Scripturis
922 1934 1059 1987 elemento
1077 1942 1194 1999 constat,
1212 1953 1263 1991 nec
1276 1938 1484 2007 promissionem
1503 1938 1609 2008 gratiae
1626 1936 1756 2006 cujusvis,

56 2021 166 2075 scilieet
191 2021 291 2088 sacris,
319 2037 354 2076 ne
379 2021 492 2091 quidem
512 2021 672 2091 suspicandi
696 2023 764 2076 illud
788 2022 896 2076 occasio
923 2020 971 2073 sed
991 2036 1062 2089 qnae
1082 2023 1226 2093 evangelio
1245 2023 1357 2092 propria
1376 2029 1426 2090 ιιι,
1445 2031 1477 2077 ut
1491 2023 1558 2077 alibi
1571 2022 1625 2076 init
1645 2022 1757 2077 demon-

55 2106 255 2162 ccntineatur?
922 2111 1057 2174 sentum,
1084 2108 1159 2162 unde
1184 2108 1213 2160 in
1236 2108 1297 2177 ipsa
1321 2109 1452 2179 apologia
1479 2108 1544 2162 ibid.
1563 2108 1757 2178 subjungitur:

95 2199 152 2247 119.
177 2191 233 2246 Sed
251 2192 408 2256 rideamus,
434 2209 507 2262 quae
526 2209 576 2262 pro
594 2193 765 2247 adstruenda
781 2192 895 2246 Pontifi-
924 2191 959 2244 Si
976 2209 1069 2244 omnes
1085 2210 1132 2245 res
1148 2195 1332 2246 ennrsmerari
1348 2195 1532 2247 remanentis
1552 2194 1666 2261 debent,
1685 2209 1757 2260 quae
1835 2256 1839 2262 Ι

10 2315 22 2326 .
56 2278 166 2332 ciorum
192 2278 330 2331 sententie
354 2277 541 2331 Bellarminus
565 2277 671 2332 efferat.
690 2279 708 2332 l.
728 2279 763 2332 de
780 2294 895 2331 sacram.
922 2277 1022 2329 trabem
1038 2280 1202 2330 mandatum
1222 2280 1281 2332 Dei
1295 2287 1322 2332 et
1340 2280 1438 2347 qrdtrss
1463 2287 1527 2331 sunt
1551 2279 1671 2331 additae
1688 2293 1756 2346 pro-

10 2359 25 2439 f
58 2363 148 2418 ordin.
167 2379 189 2416 c.
212 2368 235 2418 1.
254 2363 332 2429 dicit,
359 2365 525 2426 botherum,
552 2365 702 2431 illyricum
726 2372 752 2416 et
771 2364 895 2418 Giemni-
922 2363 1085 2427 misticum
1103 2381 1154 2416 ern·
1174 2380 1231 2417 non
1250 2365 1384 2417 cddsmue
1396 2367 1560 2431 orationem,
1579 2381 1651 2432 quae
1672 2364 1757 2416 ueris-

10 2449 36 2490 ²⁰
57 2450 134 2500 mum
146 2465 258 2514 necare,
272 2449 500 2516 quadordinutio
512 2449 550 2501 sit
561 2458 767 2502 samanmntum
780 2450 897 2518 proprie
922 2450 991 2501 sime
1006 2458 1096 2518 potest
1116 2451 1176 2503 dici
1193 2454 1423 2504 sacramentum!
1446 2453 1527 2504 habet
1544 2452 1616 2504 enim
1634 2458 1662 2503 et
1679 2465 1756 2503 man·

10 2512 421 2600 dictum,srd0alrinuml
434 2540 458 2588 4.
472 2535 558 2587 instit.
572 2551 594 2587 c
611 2540 648 2590 14.
663 2531 740 2607 §to
751 2534 895 2602 etPlsilip-
923 2537 1020 2587 datum
1041 2535 1101 2587 Dei
1119 2543 1146 2587 et
1166 2536 1367 2603 promissiones
1384 2537 1536 2605 plurimae.
1571 2538 1690 2590 Possent
1711 2534 1757 2587 tn'e

10 2618 598 2688 'pumilidantiioneminiocieeditsecn
607 2622 896 2673 reconstruere
921 2622 1068 2674 nummosi
1088 2622 1170 2674 etiam
1189 2622 1385 2689 cicumeuntes,
1402 2624 1469 2675 item
1486 2623 1664 2692 afflictiones,
1685 2622 1766 2688 quae

10 2711 38 2748 1·-
57 2705 170 2761 Ιιιιιι
156 2724 187 2758 sn
211 2705 356 2773 Apotopia
384 2707 503 2769 confess.
531 2707 649 2772 August
677 2714 732 2761 art.
760 2710 803 2758 13.
825 2706 896 2757 eutis
923 2715 949 2760 ιι
966 2708 1046 2776 ipsae
1061 2715 1125 2760 ment
1150 2708 1244 2775 muna,
1272 2709 1371 2776 qssibru
1398 2709 1516 2761 addidit
1535 2711 1615 2761 Deus
1633 2705 1756 2775 promis-

10 2770 34 2852 ι.,
56 2800 155 2860 aperte
172 2793 282 2857 docere,
301 2791 507 2844 ordinationem
527 2807 586 2844 cese
607 2799 812 2844 sacramentum
825 2808 896 2859 pro·
922 2794 1014 2845 aiones
1037 2798 1089 2846 etc
1109 2793 1184 2846 unde
1207 2792 1247 2846 sic
1264 2794 1429 2864 colligimus.
1468 2793 1639 2850 sacrementi
1656 2806 1757 2846 nomen

52 2879 120 2947 ιιι-ιι
138 2877 254 2945 dictum
270 2878 346 2929 unde
364 2875 551 2930 citemnicium
566 2885 691 2942 accurat,
709 2878 810 2945 quod
798 2895 827 2928 m
843 2878 896 2929 tac
923 2877 1202 2948 Apolcgreeomodo
1213 2878 1323 2948 accipit,
1341 2885 1373 2933 ut
1385 2879 1584 2949 complectatur
1596 2877 1757 2945 orationem,

55 2962 252 3017 contererem
280 2969 415 3031 repugnet
434 2963 600 3030 praecipuis
617 2964 789 3016 Lutiercnir
813 2979 896 3032 seqare
923 2962 1111 3033 eleemosynas
1140 2969 1169 3017 ct
1194 2963 1303 3032 piorum
1336 2963 1512 3019 afflictiones.
1548 2963 1636 3034 Atqui
1667 2978 1757 3016 sacra·

56 3050 201 3117 adiunpat
224 3049 432 3102 obscurioribus
455 3056 481 3100 ιι
497 3049 691 3116 paucioribus.
734 3048 896 3119 Responde·
922 3048 1006 3102 menti
1032 3066 1131 3103 nomen
1157 3065 1189 3102 ιο
1216 3050 1297 3103 modo
1325 3055 1471 3120 acceptum
1493 3050 1618 3103 nondum
1648 3048 1758 3103 obtinet

56 3153 133 3189 mus:
164 3140 187 3189 t.
214 3134 251 3187 de
273 3132 389 3188 Calvino
413 3134 526 3203 quidem
552 3151 652 3204 parum
672 3134 773 3188 soliciti
791 3152 894 3203 sumus,
922 3133 1137 3204 propriissimum
1151 3139 1180 3188 et
1192 3135 1418 3204 specialissimam
1431 3135 1669 3207 significationem,
1681 3133 1756 3205 quod

56 3220 170 3276 interim
195 3226 289 3274 tamen
311 3220 529 3288 praetermittere
551 3235 607 3274 non
637 3237 796 3290 possumus,
827 3222 893 3291 quin
920 3237 956 3274 nc
981 3220 1041 3290 ipse
1068 3220 1180 3291 quidem
1204 3219 1388 3274 Bellarminus
1412 3236 1517 3291 negare
1534 3221 1643 3291 poterit.
1682 3221 1757 3290 Ergo

55 3317 232 3372 moneamus,
261 3304 430 3360 luculentam
457 3305 509 3375 ipsi
534 3305 587 3360 hoc
615 3307 644 3359 in
669 3307 730 3360 loco
755 3324 773 3359 a
789 3306 894 3361 Bellar-
921 3307 1062 3377 Apologia
1079 3322 1134 3359 non
1154 3306 1257 3375 accipit
1276 3323 1375 3360 nomen
1393 3306 1558 3360 sacramenti
1580 3308 1608 3359 in
1627 3305 1756 3375 propriis·

55 3392 133 3446 mino
151 3390 213 3446 fieri
230 3390 377 3460 injuriam,
400 3407 462 3444 cam
491 3395 612 3445 mentem
633 3408 713 3445 suam
741 3393 893 3447 clarissime
921 3393 992 3445 sima
1009 3397 1038 3446 et
1064 3392 1265 3461 specialissima
1289 3390 1497 3462 significatione.
1533 3389 1672 3444 Pontificii
1691 3406 1756 3444 vcro

54 3477 225 3550 exposuerit,
244 3477 285 3530 sic
302 3476 376 3531 enim
395 3476 492 3530 scribit
510 3477 537 3531 d.
556 3476 589 3531 l.:
612 3479 822 3544 impositionem
834 3495 893 3529 ma·
920 3477 1031 3547 quaudo
1051 3477 1173 3530 ordinem
1187 3493 1247 3531 esee
1265 3481 1467 3530 sacramentum
1486 3477 1638 3544 disputant,
1660 3480 1681 3529 1.
1700 3490 1756 3527 non

53 3582 158 3632 ιιιιιιιιι,
181 3581 239 3631 qua
263 3562 396 3615 ecciesiae
413 3563 537 3615 ministri
553 3564 584 3614 in
602 3581 680 3615 suum
701 3581 798 3615 rannus
817 3564 893 3615 initi·
921 3563 956 3617 de
974 3562 1050 3616 verbi
1070 3562 1229 3629 nsinisterio,
1250 3562 1299 3615 sed
1318 3562 1353 3615 de
1371 3567 1485 3615 externo
1498 3560 1679 3616 ordinationis
1699 3561 1756 3613 ritu

54 3659 156 3715 asur,
173 3656 205 3701 ut
223 3666 279 3700 non
296 3648 399 3700 incites
413 3648 512 3716 patior
529 3647 629 3701 occari
645 3651 738 3717 (nota,
757 3666 813 3703 non
833 3665 893 3703 esse
920 3649 1086 3718 loquentum
1114 3654 1137 3703 1.
1162 3664 1213 3701 nec
1237 3650 1267 3700 ts
1290 3646 1398 3716 alise,
1422 3648 1471 3701 sed
1497 3647 1594 3701 stricte
1611 3647 1664 3701 hoc
1681 3645 1758 3700 intel·

53 3735 168 3808 proprie
192 3733 306 3800 dictum)
331 3741 544 3801 sacamentum,
570 3735 613 3786 ita
642 3734 714 3786 inter
742 3735 893 3787 ordinaria
920 3735 1022 3788 lectum
1046 3733 1157 3795 volunt,
1190 3750 1281 3803 neque
1313 3734 1387 3788 enim
1417 3734 1521 3804 gradm
1552 3740 1581 3787 et
1609 3732 1759 3786 discrimen

53 3828 237 3877 ιιιινιιιιιιιιι
255 3837 312 3873 nen
330 3836 454 3875 nummo.
488 3825 512 3874 1.
533 3819 595 3874 Vox
613 3820 780 3873 sacramenti
798 3820 892 3874 aPhi·
920 3825 1153 3873 sacramentorum
1178 3818 1364 3886 constituunt,
1393 3819 1442 3873 sed
1461 3825 1527 3879 icus
1545 3825 1573 3873 et
1591 3817 1760 3891 συνωνύμως

52 3909 134 3979 lippo
160 3907 190 3960 in
207 3905 289 3961 Locis
316 3911 345 3959 et
370 3905 400 3958 in
424 3904 565 3974 Apologia
589 3904 706 3958 sumitur
732 3904 761 3958 in
789 3905 893 3976 signifi·
922 3907 956 3958 de
981 3905 1036 3957 ritu
1064 3904 1245 3958 ordinationis
1270 3920 1304 3958 ec
1328 3904 1444 3975 reliquis
1469 3903 1657 3974 propriissime
1676 3903 1758 3956 dictis

53 3994 168 4050 ιιιίοιιι
185 3991 291 4047 laxiori
325 3990 511 4045 Bellarminus
531 3991 646 4060 regerit,
675 3994 837 4044 munerari
854 3993 896 4044 ibi
921 3990 1110 4053 sacramentis,
1124 3990 1264 4060 baptismo
1273 3989 1381 4044 scilicet
1389 3995 1418 4044 ιι
1427 4005 1514 4044 coena
1522 3989 1643 4057 Domini,
1657 4004 1757 4047 nomen

53 4086 236 4178 ncrammta
267 4078 385 4145 proprie
413 4078 506 4140 dicta.
538 4078 579 4130 ad
608 4094 680 4145 quae
712 4079 895 4145 requirantur
921 4076 1085 4131 sacramenti
1103 4075 1257 4146 praedicari
1275 4082 1408 4130 statuunt

54 4164 244 4230 ιιιαινιιιιι,
261 4163 411 4231 mammea
431 4163 543 4231 qratiae
564 4170 591 4215 ct
607 4165 785 4224 mondoum,
810 4171 894 4231 atque
959 4168 1014 4217 150.
1035 4161 1103 4230 Cap
1123 4167 1145 4216 1.
1163 4177 1196 4214 ex
1216 4160 1317 4214 divinis
1335 4160 1421 4214 literis
1440 4159 1625 4214 Bellarminus
1644 4160 1756 4214 demon·
1768 4164 1788 4205 2
1802 4165 1835 4204 2¹
1852 4169 1885 4204 n-

54 4268 89 4306 ee
109 4267 143 4304 ee
159 4251 348 4316 fundamento
360 4250 494 4317 protam,
519 4249 577 4301 tric
598 4265 658 4301 csse
670 4249 792 4317 proprie
818 4250 895 4302 dicta
922 4254 1010 4302 strare
1027 4248 1188 4315 conatur,
1176 4265 1205 4299 cn
1226 4246 1406 4299 ordinatione
1425 4245 1523 4298 haberi
1539 4242 1691 4312 symbolum
1712 4263 1755 4299 ec-
1769 4216 1886 4306 iiiiii-¹¹⁸

53 4343 251 4403 nemean,
279 4335 454 4404 baptismum,
476 4335 677 4388 eucharistiam
695 4342 720 4387 et
745 4335 895 4388 absolutio·
922 4342 1044 4400 ternum,
1069 4333 1285 4400 promseriouem
1316 4332 1429 4398 cratiae
1457 4338 1484 4384 et
1513 4334 1677 4384 mandatum
1706 4347 1756 4383 eeu
1769 4328 1883 4408 {ffiffig‘

54 4441 136 4488 nem5
168 4420 273 4474 deinde
299 4436 333 4474 cc
356 4422 451 4474 eodem
474 4422 659 4485 fundamento
684 4421 770 4487 rejici
795 4423 896 4484 confir·
922 4419 1121 4475 institutionem
1140 4418 1274 4477 divinam,
1293 4434 1327 4470 ac
1339 4418 1464 4485 proinde
1477 4418 1682 4470 ordinationem
1700 4432 1759 4469 esse
1772 4422 1899 4469 sinuum.

55 4508 217 4569 men,
235 4514 385 4560 ιιιιιιιιαιι
401 4508 558 4561 unctionem
575 4514 602 4559 et
619 4507 841 4574 matrimonium,
860 4509 896 4560 de
922 4511 1129 4559 armamentum
1144 4519 1207 4556 cere
1226 4511 1252 4555 ct
1265 4504 1384 4571 proprie
1403 4505 1444 4556 sic
1464 4504 1580 4570 dictum,
1603 4502 1711 4572 quade
1729 4518 1759 4555 rc

56 4594 160 4650 ordine
182 4600 277 4646 aedem
301 4592 432 4646 dr'etincte
451 4593 652 4661 pronuntiari:
684 4592 720 4645 Si
737 4594 897 4661 accipimur
925 4591 992 4662 quid
1013 4588 1189 4643 statuendum
1209 4588 1259 4655 sit,
1284 4595 1380 4658 patere
1398 4594 1490 4659 potest
1510 4606 1542 4644 ex
1562 4585 1758 4655 superioribus.

52 4698 111 4750 pro
126 4678 296 4742 ιιιιιάιιιι,
314 4693 347 4731 ιι
364 4679 547 4731 sacramentis
564 4679 684 4742 excludi,
701 4679 729 4730 si
744 4697 798 4747 pro
814 4680 896 4732 musi·
923 4677 991 4746 Cap.
1010 4681 1034 4730 3.
1054 4678 1187 4744 provocat
1205 4675 1240 4728 ed
1258 4675 1419 4729 testimonia
1431 4674 1605 4742 pontificum,
1626 4671 1758 4725 concitio-

58 4774 182 4820 strorum
202 4763 394 4829 ordinatione,
410 4781 466 4816 non
484 4772 601 4832 pacate
619 4765 740 4817 admitti.
772 4763 896 4834 Respon·
922 4780 1002 4829 rum,
1028 4768 1147 4830 patrum
1177 4768 1203 4813 ιι
1233 4760 1479 4814 διιιιαιιιιοιιιιι.
1531 4757 1758 4827 Respondemus:

60 4851 172 4907 demus:
199 4848 287 4904 verba
310 4848 465 4920 Apologiae
488 4849 528 4902 sic
551 4848 668 4904 habent:
702 4848 897 4902 Sacerdotium
926 4856 947 4904 1.
978 4848 1219 4904 sacramentorum
1252 4847 1363 4915 proprie
1392 4845 1527 4898 dictorum
1563 4843 1700 4899 institutio
1732 4849 1761 4899 et

13 4937 221 5005 tenuaicum
248 4935 412 4988 aduersarii
440 4953 496 4988 non
520 4937 556 4988 de
584 4935 740 4989 ministerio
765 4935 844 4988 uerti
872 4943 897 4988 et
924 4932 1084 4989 essentialia
1109 4933 1243 5002 requisita
1268 4951 1300 4988 ex
1325 4931 1411 4985 sacris
1436 4929 1523 4983 literis
1547 4929 1762 4985 demonstranda

62 5030 301 5078 monacorum
319 5021 387 5075 aliie
401 5022 656 5090 porriyendorum‚
679 5023 731 5074 sed
755 5023 791 5073 de
808 5021 897 5072 sacri-
925 5027 999 5074 sunt.
1040 5024 1063 5073 2.
1083 5017 1227 5088 Epistulae
1246 5016 1408 5087 pontificum
1429 5015 1518 5086 primo
1542 5015 1603 5071 loco
1623 5016 1761 5070 adductae

63 5110 132 5178 ficio,
152 5107 239 5178 quasi
250 5114 379 5177 oporteat
391 5108 421 5160 in
432 5108 469 5162 N.
486 5108 518 5161 Τ.
537 5124 595 5160 esse
606 5108 795 5160 sacedotium
807 5106 898 5159 simite
924 5106 1073 5176 pleraeque
1103 5111 1168 5158 sunt
1195 5103 1403 5174 supposititiae,
1434 5108 1466 5156 ut
1485 5118 1519 5156 ex
1539 5102 1602 5156 stilo
1626 5107 1655 5155 et
1678 5101 1761 5155 rebus

64 5195 197 5257 Ιιιιιιίιι,
229 5195 306 5262 quod
326 5210 382 5262 pro
403 5193 510 5263 populo
538 5193 679 5260 sacn'ficet
702 5199 727 5244 ct
758 5201 899 5246 mereatur
926 5191 992 5261 ipsis
1018 5189 1149 5243 Erasmus
1173 5190 1349 5243 demonstrat.
1386 5189 1469 5243 Adde
1494 5189 1569 5260 quod
1595 5187 1761 5256 nequidem

64 5280 129 5334 aiic’e
146 5279 341 5334 rerumeioncm
358 5287 536 5346 peccatorum
554 5284 605 5331 etc.
621 5292 692 5345 quae
709 5277 847 5332 sententia
865 5292 899 5330 ex
926 5295 959 5332 ex
978 5275 1033 5329 illis
1051 5274 1233 5344 supposititiis
1251 5274 1369 5343 probare
1386 5276 1474 5345 possit
1485 5274 1670 5329 Bellarminus
1686 5273 1760 5342 quod

64 5363 380 5438 epistolaedHebraeos
395 5362 535 5417 refutatur
552 5368 580 5417 et
592 5369 689 5432 postea
708 5363 900 5432 subjungitur:
926 5362 1051 5418 intendit.
1079 5361 1257 5414 Innocentius
1283 5361 1305 5416 1.
1330 5361 1358 5413 in
1380 5362 1460 5431 epist
1492 5367 1530 5416 18.
1556 5360 1592 5414 ad
1609 5359 1760 5413 Alexandr.

66 5453 99 5508 et
115 5454 187 5507 mdo
205 5454 242 5505 de
259 5450 415 5505 ministerio
429 5450 507 5502 serbi
519 5449 702 5516 intelligatur,
721 5466 778 5501 non
796 5465 897 5516 paca·
925 5447 1054 5503 Antioch.
1074 5446 1274 5501 ordinationem
1286 5462 1349 5500 oum
1361 5452 1534 5501 sacramento
1547 5443 1657 5515 proprie
1676 5444 1760 5511 dicto,

66 5539 113 5593 tim
130 5537 323 5595 macerinus
341 5536 471 5623 ordinem
482 5543 694 5591 ιιιιιιιιιιιιιιιιι.
723 5535 800 5588 Nom
818 5535 898 5589 mini·
927 5533 1058 5589 videlicet
1074 5531 1222 5602 baptistae
1239 5530 1355 5601 confert,
1371 5532 1421 5588 sod
1439 5550 1473 5588 ex
1484 5549 1518 5587 cc
1528 5531 1654 5586 nondum
1666 5529 1762 5586 inferri
