<?xml version="1.0" encoding="UTF-8"?>
<!DOCTYPE html PUBLIC "-//W3C//DTD XHTML 1.0 Transitional//EN"
    "http://www.w3.org/TR/xhtml1/DTD/xhtml1-transitional.dtd">
<html xmlns="http://www.w3.org/1999/xhtml" xml:lang="en" lang="en">
 <head>
  <title>
</title>
<meta http-equiv="Content-Type" content="text/html;charset=utf-8" />
  <meta name='ocr-system' content='tesseract 3.04.00' />
  <meta name='ocr-capabilities' content='ocr_page ocr_carea ocr_par ocr_line ocrx_word'/>
</head>
<body>
  <div class='ocr_page' id='page_1' title='image "./locitheologicic01gerhgoog/locitheologicic01gerhgoog_0205.png"; bbox 0 0 4020 6014; ppageno 0'>
   <div class='ocr_carea' id='block_1_1' title="bbox 212 188 1318 287">
    <p class='ocr_par' dir='ltr' id='par_1_1' title="bbox 212 188 1318 287">
     <span class='ocr_line' id='line_1_1' title="bbox 212 188 1318 287; baseline -0.021 -20"><span class='ocrx_word' id='word_1_1' title='bbox 212 210 270 267; x_wconf 77' lang='lat' dir='ltr'><strong>ltu</strong></span> <span class='ocrx_word' id='word_1_2' title='bbox 782 191 913 287; x_wconf 40' lang='lat' dir='ltr'><strong>&#39;Locus</strong></span> <span class='ocrx_word' id='word_1_3' title='bbox 931 189 1136 248; x_wconf 79' lang='lat' dir='ltr'>VICESIMUS</span> <span class='ocrx_word' id='word_1_4' title='bbox 1153 188 1318 245; x_wconf 77' lang='lat' dir='ltr'>TERTIUS</span> 
     </span>
    </p>
   </div>
   <div class='ocr_carea' id='block_1_2' title="bbox 81 333 1961 5478">
    <p class='ocr_par' dir='ltr' id='par_1_2' title="bbox 81 333 1961 5478">
     <span class='ocr_line' id='line_1_2' title="bbox 210 333 1959 423; baseline -0.015 -14"><span class='ocrx_word' id='word_1_5' title='bbox 210 355 297 423; x_wconf 81' lang='lat' dir='ltr'><strong>(nota)</strong></span> <span class='ocrx_word' id='word_1_6' title='bbox 315 352 431 421; x_wconf 68' lang='lat' dir='ltr'><strong>beiudeu</strong></span> <span class='ocrx_word' id='word_1_7' title='bbox 449 351 504 406; x_wconf 77' lang='lat' dir='ltr'><strong>unt</strong></span> <span class='ocrx_word' id='word_1_8' title='bbox 521 348 626 419; x_wconf 69' lang='lat' dir='ltr'><strong>tritten,</strong></span> <span class='ocrx_word' id='word_1_9' title='bbox 645 348 699 403; x_wconf 82' lang='lat' dir='ltr'><strong>unt</strong></span> <span class='ocrx_word' id='word_1_10' title='bbox 720 347 851 415; x_wconf 73' lang='lat' dir='ltr'><strong>traicitur</strong></span> <span class='ocrx_word' id='word_1_11' title='bbox 864 346 912 414; x_wconf 77' lang='lat' dir='ltr'><strong>oui</strong></span> <span class='ocrx_word' id='word_1_12' title='bbox 931 345 972 414; x_wconf 71' lang='lat' dir='ltr'><strong>ibt</strong></span> <span class='ocrx_word' id='word_1_13' title='bbox 993 343 1042 399; x_wconf 75' lang='lat' dir='ltr'><strong>us·</strong></span> <span class='ocrx_word' id='word_1_14' title='bbox 1070 343 1198 397; x_wconf 70' lang='lat' dir='ltr'><strong>retorsero</strong></span> <span class='ocrx_word' id='word_1_15' title='bbox 1229 340 1363 396; x_wconf 74' lang='lat' dir='ltr'><strong>occheim</strong></span> <span class='ocrx_word' id='word_1_16' title='bbox 1392 338 1480 394; x_wconf 83' lang='lat' dir='ltr'><strong>licent</strong></span> <span class='ocrx_word' id='word_1_17' title='bbox 1502 338 1611 406; x_wconf 79' lang='lat' dir='ltr'><strong>supere</strong></span> <span class='ocrx_word' id='word_1_18' title='bbox 1645 343 1768 404; x_wconf 80' lang='lat' dir='ltr'><strong>tempore</strong></span> <span class='ocrx_word' id='word_1_19' title='bbox 1798 333 1959 403; x_wconf 78' lang='lat' dir='ltr'><strong>peses‘stos</strong></span> 
     </span>
     <span class='ocr_line' id='line_1_3' title="bbox 209 397 1959 510; baseline -0.012 -15"><span class='ocrx_word' id='word_1_20' title='bbox 209 441 302 510; x_wconf 72' lang='lat' dir='ltr'><strong>gebest</strong></span> <span class='ocrx_word' id='word_1_21' title='bbox 327 440 377 494; x_wconf 75' lang='lat' dir='ltr'><strong>but</strong></span> <span class='ocrx_word' id='word_1_22' title='bbox 405 436 587 507; x_wconf 71' lang='lat' dir='ltr'><strong>promeritus</strong></span> <span class='ocrx_word' id='word_1_23' title='bbox 614 435 776 491; x_wconf 63' lang='lat' dir='ltr'><strong>&amp;errarunt</strong></span> <span class='ocrx_word' id='word_1_24' title='bbox 800 433 845 486; x_wconf 78' lang='lat' dir='ltr'><strong>bes</strong></span> <span class='ocrx_word' id='word_1_25' title='bbox 873 431 963 488; x_wconf 71' lang='lat' dir='ltr'><strong>tribes</strong></span> <span class='ocrx_word' id='word_1_26' title='bbox 990 429 1043 485; x_wconf 84' lang='lat' dir='ltr'><strong>urb</strong></span> <span class='ocrx_word' id='word_1_27' title='bbox 1070 428 1219 501; x_wconf 76' lang='lat' dir='ltr'><strong>Negamus.</strong></span> <span class='ocrx_word' id='word_1_28' title='bbox 1250 434 1273 483; x_wconf 89' lang='lat'><strong>1.</strong></span> <span class='ocrx_word' id='word_1_29' title='bbox 1292 425 1358 496; x_wconf 89' lang='lat' dir='ltr'><strong>quia</strong></span> <span class='ocrx_word' id='word_1_30' title='bbox 1377 425 1517 479; x_wconf 75' lang='lat' dir='ltr'>auditores</span> <span class='ocrx_word' id='word_1_31' title='bbox 1536 439 1569 478; x_wconf 92' lang='lat' dir='ltr'><strong>eo</strong></span> <span class='ocrx_word' id='word_1_32' title='bbox 1585 429 1709 492; x_wconf 85' lang='lat' dir='ltr'><strong>tempore</strong></span> <span class='ocrx_word' id='word_1_33' title='bbox 1727 420 1771 474; x_wconf 84' lang='lat' dir='ltr'><strong>vel</strong></span> <span class='ocrx_word' id='word_1_34' title='bbox 1789 419 1911 474; x_wconf 90' lang='lat' dir='ltr'><strong>maxime</strong></span> <span class='ocrx_word' id='word_1_35' title='bbox 1924 397 1959 486; x_wconf 56' lang='lat' dir='ltr'><strong>iii</strong></span> 
     </span>
     <span class='ocr_line' id='line_1_4' title="bbox 210 498 1959 594; baseline -0.014 -11"><span class='ocrx_word' id='word_1_36' title='bbox 210 527 308 583; x_wconf 76' lang='lat' dir='ltr'><strong>utores</strong></span> <span class='ocrx_word' id='word_1_37' title='bbox 330 524 425 594; x_wconf 70' lang='lat' dir='ltr'><strong>distiti</strong></span> <span class='ocrx_word' id='word_1_38' title='bbox 450 523 558 591; x_wconf 75' lang='lat' dir='ltr'><strong>rsidptu,</strong></span> <span class='ocrx_word' id='word_1_39' title='bbox 593 521 728 590; x_wconf 72' lang='lat' dir='ltr'><strong>bittinum</strong></span> <span class='ocrx_word' id='word_1_40' title='bbox 753 517 834 587; x_wconf 75' lang='lat' dir='ltr'><strong>miiiig</strong></span> <span class='ocrx_word' id='word_1_41' title='bbox 864 517 918 572; x_wconf 77' lang='lat' dir='ltr'><strong>unt</strong></span> <span class='ocrx_word' id='word_1_42' title='bbox 950 525 1045 572; x_wconf 57' lang='lat' dir='ltr'><strong>uubrts</strong></span> <span class='ocrx_word' id='word_1_43' title='bbox 1072 515 1160 586; x_wconf 88' lang='lat' dir='ltr'><strong>ipsius</strong></span> <span class='ocrx_word' id='word_1_44' title='bbox 1187 528 1272 584; x_wconf 87' lang='lat' dir='ltr'><strong>opera</strong></span> <span class='ocrx_word' id='word_1_45' title='bbox 1298 518 1326 567; x_wconf 86' lang='lat' dir='ltr'><strong>et</strong></span> <span class='ocrx_word' id='word_1_46' title='bbox 1354 509 1505 566; x_wconf 83' lang='lat' dir='ltr'><strong>ministerio</strong></span> <span class='ocrx_word' id='word_1_47' title='bbox 1524 509 1664 578; x_wconf 79' lang='lat' dir='ltr'><strong>indigent,</strong></span> <span class='ocrx_word' id='word_1_48' title='bbox 1693 513 1725 562; x_wconf 90' lang='lat' dir='ltr'><strong>ut</strong></span> <span class='ocrx_word' id='word_1_49' title='bbox 1742 506 1778 561; x_wconf 87' lang='lat' dir='ltr'><strong>de</strong></span> <span class='ocrx_word' id='word_1_50' title='bbox 1796 505 1911 576; x_wconf 81' lang='lat' dir='ltr'><strong>agenda</strong></span> <span class='ocrx_word' id='word_1_51' title='bbox 1922 498 1959 590; x_wconf 50' lang='grc' dir='ltr'><strong>ἒξ</strong></span> 
     </span>
     <span class='ocr_line' id='line_1_5' title="bbox 211 591 1959 682; baseline -0.015 -15"><span class='ocrx_word' id='word_1_52' title='bbox 211 614 312 682; x_wconf 71' lang='lat' dir='ltr'><strong>troiim</strong></span> <span class='ocrx_word' id='word_1_53' title='bbox 331 610 390 679; x_wconf 79' lang='lat' dir='ltr'><strong>lein,</strong></span> <span class='ocrx_word' id='word_1_54' title='bbox 411 611 465 666; x_wconf 85' lang='lat' dir='ltr'><strong>uub</strong></span> <span class='ocrx_word' id='word_1_55' title='bbox 485 610 579 679; x_wconf 72' lang='lat' dir='ltr'><strong>loideu</strong></span> <span class='ocrx_word' id='word_1_56' title='bbox 599 607 692 676; x_wconf 56' lang='lat' dir='ltr'><strong>micuit</strong></span> <span class='ocrx_word' id='word_1_57' title='bbox 711 605 795 660; x_wconf 82' lang='lat' dir='ltr'><strong>trium</strong></span> <span class='ocrx_word' id='word_1_58' title='bbox 816 608 869 660; x_wconf 75' lang='lat' dir='ltr'><strong>tub</strong></span> <span class='ocrx_word' id='word_1_59' title='bbox 888 602 1046 672; x_wconf 66' lang='lat' dir='ltr'><strong>htudldlstpc</strong></span> <span class='ocrx_word' id='word_1_60' title='bbox 1070 615 1137 654; x_wconf 84' lang='lat' dir='ltr'><strong>vcra</strong></span> <span class='ocrx_word' id='word_1_61' title='bbox 1155 616 1186 653; x_wconf 88' lang='lat' dir='ltr'><strong>ac</strong></span> <span class='ocrx_word' id='word_1_62' title='bbox 1201 599 1309 654; x_wconf 90' lang='lat' dir='ltr'><strong>sincera</strong></span> <span class='ocrx_word' id='word_1_63' title='bbox 1325 596 1495 667; x_wconf 86' lang='lat' dir='ltr'><strong>poenitentia</strong></span> <span class='ocrx_word' id='word_1_64' title='bbox 1511 595 1712 649; x_wconf 89' lang='lat' dir='ltr'><strong>admoneantur</strong></span> <span class='ocrx_word' id='word_1_65' title='bbox 1729 598 1758 648; x_wconf 90' lang='lat' dir='ltr'><strong>et</strong></span> <span class='ocrx_word' id='word_1_66' title='bbox 1776 592 1812 646; x_wconf 90' lang='lat' dir='ltr'><strong>de</strong></span> <span class='ocrx_word' id='word_1_67' title='bbox 1825 591 1911 647; x_wconf 88' lang='lat' dir='ltr'><strong>beata</strong></span> <span class='ocrx_word' id='word_1_68' title='bbox 1922 612 1959 651; x_wconf 76' lang='lat' dir='ltr'><strong>pu</strong></span> 
     </span>
     <span class='ocr_line' id='line_1_6' title="bbox 210 677 1910 765; baseline -0.014 -11"><span class='ocrx_word' id='word_1_69' title='bbox 210 698 256 754; x_wconf 77' lang='lat' dir='ltr'><strong>trit</strong></span> <span class='ocrx_word' id='word_1_70' title='bbox 275 698 334 753; x_wconf 80' lang='lat' dir='ltr'><strong>obst</strong></span> <span class='ocrx_word' id='word_1_71' title='bbox 352 696 476 765; x_wconf 67' lang='lat' dir='ltr'><strong>dabutur</strong></span> <span class='ocrx_word' id='word_1_72' title='bbox 495 695 549 750; x_wconf 86' lang='lat' dir='ltr'><strong>uub</strong></span> <span class='ocrx_word' id='word_1_73' title='bbox 567 691 743 749; x_wconf 73' lang='lat' dir='ltr'><strong>iiitertriiteu</strong></span> <span class='ocrx_word' id='word_1_74' title='bbox 762 703 839 759; x_wconf 70' lang='lat' dir='ltr'><strong>espen</strong></span> <span class='ocrx_word' id='word_1_75' title='bbox 864 689 953 758; x_wconf 72' lang='lat' dir='ltr'><strong>irpeub</strong></span> <span class='ocrx_word' id='word_1_76' title='bbox 976 688 1046 743; x_wconf 81' lang='lat' dir='ltr'><strong>siuet</strong></span> <span class='ocrx_word' id='word_1_77' title='bbox 1073 684 1228 752; x_wconf 66' lang='lat' dir='ltr'><strong>retroacto</strong></span> <span class='ocrx_word' id='word_1_78' title='bbox 1245 690 1320 738; x_wconf 86' lang='lat' dir='ltr'><strong>recte</strong></span> <span class='ocrx_word' id='word_1_79' title='bbox 1338 683 1526 738; x_wconf 87' lang='lat' dir='ltr'><strong>instituantur.</strong></span> <span class='ocrx_word' id='word_1_80' title='bbox 1565 686 1589 736; x_wconf 82' lang='lat'><strong>2.</strong></span> <span class='ocrx_word' id='word_1_81' title='bbox 1610 680 1680 735; x_wconf 83' lang='lat' dir='ltr'><strong>Cum</strong></span> <span class='ocrx_word' id='word_1_82' title='bbox 1692 678 1788 733; x_wconf 78' lang='lat' dir='ltr'><strong>clades</strong></span> <span class='ocrx_word' id='word_1_83' title='bbox 1808 677 1910 732; x_wconf 86' lang='lat' dir='ltr'><strong>divini-</strong></span> 
     </span>
     <span class='ocr_line' id='line_1_7' title="bbox 139 762 1909 854; baseline -0.014 -13"><span class='ocrx_word' id='word_1_84' title='bbox 139 816 143 824; x_wconf 81' lang='lat'><em>=</em></span> <span class='ocrx_word' id='word_1_85' title='bbox 210 783 311 854; x_wconf 73' lang='lat' dir='ltr'><strong>tissimi</strong></span> <span class='ocrx_word' id='word_1_86' title='bbox 340 782 513 850; x_wconf 61' lang='lat' dir='ltr'><strong>ustulatur,</strong></span> <span class='ocrx_word' id='word_1_87' title='bbox 544 778 606 848; x_wconf 69' lang='lat' dir='ltr'><strong>oud</strong></span> <span class='ocrx_word' id='word_1_88' title='bbox 634 780 693 834; x_wconf 82' lang='lat' dir='ltr'><strong>ebert</strong></span> <span class='ocrx_word' id='word_1_89' title='bbox 720 774 795 844; x_wconf 72' lang='lat' dir='ltr'><strong>pisid</strong></span> <span class='ocrx_word' id='word_1_90' title='bbox 820 774 899 829; x_wconf 76' lang='lat' dir='ltr'><strong>barrit</strong></span> <span class='ocrx_word' id='word_1_91' title='bbox 926 773 978 841; x_wconf 73' lang='lat' dir='ltr'><strong>idn</strong></span> <span class='ocrx_word' id='word_1_92' title='bbox 998 773 1046 826; x_wconf 82' lang='lat' dir='ltr'><strong>tut</strong></span> <span class='ocrx_word' id='word_1_93' title='bbox 1072 776 1118 825; x_wconf 91' lang='lat' dir='ltr'><strong>tus</strong></span> <span class='ocrx_word' id='word_1_94' title='bbox 1143 771 1266 825; x_wconf 88' lang='lat' dir='ltr'><strong>immissa</strong></span> <span class='ocrx_word' id='word_1_95' title='bbox 1290 768 1347 822; x_wconf 89' lang='lat' dir='ltr'><strong>sive</strong></span> <span class='ocrx_word' id='word_1_96' title='bbox 1375 767 1460 838; x_wconf 87' lang='lat' dir='ltr'><strong>pestis</strong></span> <span class='ocrx_word' id='word_1_97' title='bbox 1481 771 1595 837; x_wconf 88' lang='lat' dir='ltr'><strong>repente</strong></span> <span class='ocrx_word' id='word_1_98' title='bbox 1618 764 1737 820; x_wconf 74' lang='lat' dir='ltr'><strong>saevust</strong></span> <span class='ocrx_word' id='word_1_99' title='bbox 1761 779 1795 817; x_wconf 89' lang='lat' dir='ltr'><strong>ac</strong></span> <span class='ocrx_word' id='word_1_100' title='bbox 1824 762 1909 818; x_wconf 89' lang='lat' dir='ltr'><strong>celeri</strong></span> 
     </span>
     <span class='ocr_line' id='line_1_8' title="bbox 211 848 1910 937; baseline -0.014 -11"><span class='ocrx_word' id='word_1_101' title='bbox 211 872 309 926; x_wconf 75' lang='lat' dir='ltr'><strong>iterum</strong></span> <span class='ocrx_word' id='word_1_102' title='bbox 326 869 355 922; x_wconf 83' lang='lat' dir='ltr'><strong>iu</strong></span> <span class='ocrx_word' id='word_1_103' title='bbox 376 867 471 937; x_wconf 71' lang='lat' dir='ltr'><strong>toldus</strong></span> <span class='ocrx_word' id='word_1_104' title='bbox 491 867 583 936; x_wconf 54' lang='lat' dir='ltr'><strong>&amp;tileo</strong></span> <span class='ocrx_word' id='word_1_105' title='bbox 602 879 632 933; x_wconf 67' lang='lat' dir='ltr'><strong>au</strong></span> <span class='ocrx_word' id='word_1_106' title='bbox 659 863 764 930; x_wconf 82' lang='lat' dir='ltr'><strong>bimur,</strong></span> <span class='ocrx_word' id='word_1_107' title='bbox 791 863 834 917; x_wconf 72' lang='lat' dir='ltr'><strong>uli</strong></span> <span class='ocrx_word' id='word_1_108' title='bbox 860 861 908 917; x_wconf 84' lang='lat' dir='ltr'><strong>ben</strong></span> <span class='ocrx_word' id='word_1_109' title='bbox 932 858 1046 928; x_wconf 67' lang='lat' dir='ltr'><strong>iterim,</strong></span> <span class='ocrx_word' id='word_1_110' title='bbox 1071 873 1219 928; x_wconf 80' lang='lat' dir='ltr'><strong>progressa</strong></span> <span class='ocrx_word' id='word_1_111' title='bbox 1235 871 1318 910; x_wconf 92' lang='lat' dir='ltr'><strong>cursu</strong></span> <span class='ocrx_word' id='word_1_112' title='bbox 1338 853 1546 925; x_wconf 88' lang='lat' dir='ltr'><strong>quatuordecim</strong></span> <span class='ocrx_word' id='word_1_113' title='bbox 1564 851 1652 906; x_wconf 91' lang='lat' dir='ltr'><strong>millia</strong></span> <span class='ocrx_word' id='word_1_114' title='bbox 1672 857 1700 907; x_wconf 91' lang='lat' dir='ltr'><strong>et</strong></span> <span class='ocrx_word' id='word_1_115' title='bbox 1717 848 1910 921; x_wconf 80' lang='lat' dir='ltr'><strong>septingentos</strong></span> 
     </span>
     <span class='ocr_line' id='line_1_9' title="bbox 211 937 1909 1022; baseline -0.014 -11"><span class='ocrx_word' id='word_1_116' title='bbox 211 957 265 1012; x_wconf 82' lang='lat' dir='ltr'><strong>cub</strong></span> <span class='ocrx_word' id='word_1_117' title='bbox 286 956 319 1010; x_wconf 85' lang='lat' dir='ltr'><strong>bo</strong></span> <span class='ocrx_word' id='word_1_118' title='bbox 338 955 371 1022; x_wconf 79' lang='lat' dir='ltr'><strong>lit</strong></span> <span class='ocrx_word' id='word_1_119' title='bbox 389 953 427 1008; x_wconf 87' lang='lat' dir='ltr'><strong>bei</strong></span> <span class='ocrx_word' id='word_1_120' title='bbox 448 952 624 1008; x_wconf 69' lang='lat' dir='ltr'><strong>terirentur</strong></span> <span class='ocrx_word' id='word_1_121' title='bbox 643 949 671 1004; x_wconf 85' lang='lat' dir='ltr'><strong>iu</strong></span> <span class='ocrx_word' id='word_1_122' title='bbox 691 948 808 1018; x_wconf 70' lang='lat' dir='ltr'><strong>t&#39;pdulsrn</strong></span> <span class='ocrx_word' id='word_1_123' title='bbox 827 946 904 1015; x_wconf 72' lang='lat' dir='ltr'><strong>prote</strong></span> <span class='ocrx_word' id='word_1_124' title='bbox 923 944 1045 1012; x_wconf 73' lang='lat' dir='ltr'><strong>iitmutb,</strong></span> <span class='ocrx_word' id='word_1_125' title='bbox 1072 943 1197 998; x_wconf 90' lang='lat' dir='ltr'><strong>homines</strong></span> <span class='ocrx_word' id='word_1_126' title='bbox 1217 940 1385 1009; x_wconf 77' lang='lat' dir='ltr'><strong>absumeret,</strong></span> <span class='ocrx_word' id='word_1_127' title='bbox 1403 942 1504 995; x_wconf 79' lang='lat' dir='ltr'><strong>Aaron</strong></span> <span class='ocrx_word' id='word_1_128' title='bbox 1522 939 1596 991; x_wconf 79' lang='lat' dir='ltr'><strong>stetit</strong></span> <span class='ocrx_word' id='word_1_129' title='bbox 1614 938 1688 990; x_wconf 80' lang='lat' dir='ltr'><strong>inter</strong></span> <span class='ocrx_word' id='word_1_130' title='bbox 1703 937 1780 989; x_wconf 81' lang='lat' dir='ltr'><strong>eicos</strong></span> <span class='ocrx_word' id='word_1_131' title='bbox 1792 942 1818 988; x_wconf 83' lang='lat' dir='ltr'><strong>et</strong></span> <span class='ocrx_word' id='word_1_132' title='bbox 1836 953 1909 988; x_wconf 84' lang='lat' dir='ltr'><strong>mor-</strong></span> 
     </span>
     <span class='ocr_line' id='line_1_10' title="bbox 212 1023 1910 1111; baseline -0.012 -15"><span class='ocrx_word' id='word_1_133' title='bbox 212 1045 317 1111; x_wconf 67' lang='lat' dir='ltr'><strong>punper</strong></span> <span class='ocrx_word' id='word_1_134' title='bbox 348 1040 401 1095; x_wconf 80' lang='lat' dir='ltr'><strong>urst</strong></span> <span class='ocrx_word' id='word_1_135' title='bbox 437 1038 530 1092; x_wconf 74' lang='lat' dir='ltr'><strong>subus</strong></span> <span class='ocrx_word' id='word_1_136' title='bbox 558 1036 700 1104; x_wconf 75' lang='lat' dir='ltr'><strong>ustrsdpn</strong></span> <span class='ocrx_word' id='word_1_137' title='bbox 724 1047 760 1088; x_wconf 86' lang='lat' dir='ltr'><strong>ou</strong></span> <span class='ocrx_word' id='word_1_138' title='bbox 787 1031 912 1101; x_wconf 71' lang='lat' dir='ltr'><strong>stibium</strong></span> <span class='ocrx_word' id='word_1_139' title='bbox 939 1029 1046 1097; x_wconf 62' lang='lat' dir='ltr'><strong>minoen</strong></span> <span class='ocrx_word' id='word_1_140' title='bbox 1071 1037 1134 1083; x_wconf 81' lang='lat' dir='ltr'><strong>tuos</strong></span> <span class='ocrx_word' id='word_1_141' title='bbox 1159 1029 1271 1082; x_wconf 88' lang='lat' dir='ltr'><strong>incenso</strong></span> <span class='ocrx_word' id='word_1_142' title='bbox 1297 1043 1347 1082; x_wconf 88' lang='lat' dir='ltr'><strong>suo</strong></span> <span class='ocrx_word' id='word_1_143' title='bbox 1370 1025 1460 1080; x_wconf 86' lang='lat' dir='ltr'><strong>Deum</strong></span> <span class='ocrx_word' id='word_1_144' title='bbox 1484 1023 1724 1094; x_wconf 85' lang='lat' dir='ltr'><strong>placans,·Num.</strong></span> <span class='ocrx_word' id='word_1_145' title='bbox 1747 1027 1792 1087; x_wconf 83' lang='lat' dir='ltr'><strong>tt,</strong></span> <span class='ocrx_word' id='word_1_146' title='bbox 1820 1039 1846 1074; x_wconf 86' lang='lat' dir='ltr'><strong>v.</strong></span> <span class='ocrx_word' id='word_1_147' title='bbox 1867 1025 1910 1077; x_wconf 79' lang='lat'><strong>48.</strong></span> 
     </span>
     <span class='ocr_line' id='line_1_11' title="bbox 81 1109 1911 1194; baseline -0.01 -16"><span class='ocrx_word' id='word_1_148' title='bbox 81 1127 307 1194; x_wconf 67' lang='lat' dir='ltr'><strong>aristophon</strong></span> <span class='ocrx_word' id='word_1_149' title='bbox 327 1125 447 1188; x_wconf 82' lang='lat' dir='ltr'><strong>trilrbeu,</strong></span> <span class='ocrx_word' id='word_1_150' title='bbox 476 1123 555 1188; x_wconf 75' lang='lat' dir='ltr'><strong>luder</strong></span> <span class='ocrx_word' id='word_1_151' title='bbox 579 1122 612 1190; x_wconf 75' lang='lat' dir='ltr'><strong>stt</strong></span> <span class='ocrx_word' id='word_1_152' title='bbox 637 1120 741 1187; x_wconf 79' lang='lat' dir='ltr'><strong>bieltlbe</strong></span> <span class='ocrx_word' id='word_1_153' title='bbox 764 1119 811 1173; x_wconf 77' lang='lat' dir='ltr'><strong>beu</strong></span> <span class='ocrx_word' id='word_1_154' title='bbox 827 1116 981 1186; x_wconf 70' lang='lat' dir='ltr'><strong>ttoritslperu</strong></span> <span class='ocrx_word' id='word_1_155' title='bbox 999 1115 1045 1168; x_wconf 73' lang='lat' dir='ltr'><strong>bet</strong></span> <span class='ocrx_word' id='word_1_156' title='bbox 1073 1115 1113 1168; x_wconf 89' lang='lat' dir='ltr'><strong>sic</strong></span> <span class='ocrx_word' id='word_1_157' title='bbox 1135 1113 1266 1168; x_wconf 78' lang='lat' dir='ltr'>ministris</span> <span class='ocrx_word' id='word_1_158' title='bbox 1284 1111 1413 1168; x_wconf 84' lang='lat' dir='ltr'><strong>convenit</strong></span> <span class='ocrx_word' id='word_1_159' title='bbox 1434 1114 1558 1180; x_wconf 87' lang='lat' dir='ltr'><strong>tempore</strong></span> <span class='ocrx_word' id='word_1_160' title='bbox 1582 1109 1669 1179; x_wconf 89' lang='lat' dir='ltr'><strong>pestis</strong></span> <span class='ocrx_word' id='word_1_161' title='bbox 1696 1113 1828 1180; x_wconf 72' lang='grc' dir='ltr'><strong><em>θυμίαμα</em></strong></span> <span class='ocrx_word' id='word_1_162' title='bbox 1849 1122 1911 1176; x_wconf 79' lang='lat' dir='ltr'><strong>pre</strong></span> 
     </span>
     <span class='ocr_line' id='line_1_12' title="bbox 213 1191 1911 1280; baseline -0.014 -12"><span class='ocrx_word' id='word_1_163' title='bbox 213 1209 417 1280; x_wconf 74' lang='lat' dir='ltr'><strong>titrtbmloiteus</strong></span> <span class='ocrx_word' id='word_1_164' title='bbox 437 1209 570 1277; x_wconf 65' lang='lat' dir='ltr'><strong>crastum,</strong></span> <span class='ocrx_word' id='word_1_165' title='bbox 598 1206 649 1275; x_wconf 69' lang='lat' dir='ltr'><strong>but</strong></span> <span class='ocrx_word' id='word_1_166' title='bbox 669 1204 765 1274; x_wconf 75' lang='lat' dir='ltr'><strong>loldpeu</strong></span> <span class='ocrx_word' id='word_1_167' title='bbox 789 1202 935 1274; x_wconf 68' lang='lat' dir='ltr'><strong>puntiaco</strong></span> <span class='ocrx_word' id='word_1_168' title='bbox 956 1213 1046 1255; x_wconf 79' lang='lat' dir='ltr'><strong>crustu</strong></span> <span class='ocrx_word' id='word_1_169' title='bbox 1073 1216 1135 1253; x_wconf 90' lang='lat' dir='ltr'><strong>cum</strong></span> <span class='ocrx_word' id='word_1_170' title='bbox 1155 1198 1304 1254; x_wconf 79' lang='lat' dir='ltr'><strong>accendere</strong></span> <span class='ocrx_word' id='word_1_171' title='bbox 1322 1213 1372 1252; x_wconf 90' lang='lat' dir='ltr'><strong>nec</strong></span> <span class='ocrx_word' id='word_1_172' title='bbox 1392 1195 1480 1249; x_wconf 87' lang='lat' dir='ltr'><strong>ullum</strong></span> <span class='ocrx_word' id='word_1_173' title='bbox 1498 1194 1533 1250; x_wconf 88' lang='lat' dir='ltr'><strong>ab</strong></span> <span class='ocrx_word' id='word_1_174' title='bbox 1555 1209 1701 1266; x_wconf 79' lang='lat' dir='ltr'><strong>aegrorum</strong></span> <span class='ocrx_word' id='word_1_175' title='bbox 1725 1191 1771 1246; x_wconf 87' lang='lat' dir='ltr'><strong>rel</strong></span> <span class='ocrx_word' id='word_1_176' title='bbox 1788 1197 1911 1247; x_wconf 80' lang='lat' dir='ltr'><strong>mortuo</strong></span> 
     </span>
     <span class='ocr_line' id='line_1_13' title="bbox 211 1277 1910 1364; baseline -0.014 -10"><span class='ocrx_word' id='word_1_177' title='bbox 211 1299 316 1363; x_wconf 68' lang='lat' dir='ltr'><strong>deuter,</strong></span> <span class='ocrx_word' id='word_1_178' title='bbox 337 1288 934 1364; x_wconf 56' lang='grc' dir='ltr'><strong>11111111Ἦοτῆδιιτῇαιιὸῦῴαιηπίεηιαηδ</strong></span> <span class='ocrx_word' id='word_1_179' title='bbox 954 1287 1046 1353; x_wconf 80' lang='lat' dir='ltr'><strong>ttlrieu</strong></span> <span class='ocrx_word' id='word_1_180' title='bbox 1073 1302 1133 1338; x_wconf 91' lang='lat' dir='ltr'><strong>rum</strong></span> <span class='ocrx_word' id='word_1_181' title='bbox 1162 1284 1263 1338; x_wconf 84' lang='lat' dir='ltr'><strong>vicinia</strong></span> <span class='ocrx_word' id='word_1_182' title='bbox 1289 1283 1443 1354; x_wconf 91' lang='lat' dir='ltr'><strong>periculum</strong></span> <span class='ocrx_word' id='word_1_183' title='bbox 1474 1280 1660 1335; x_wconf 78' lang='lat' dir='ltr'><strong>extimescere</strong></span> <span class='ocrx_word' id='word_1_184' title='bbox 1704 1277 1803 1332; x_wconf 86' lang='lat' dir='ltr'><strong>Esaias</strong></span> <span class='ocrx_word' id='word_1_185' title='bbox 1828 1279 1910 1347; x_wconf 90' lang='lat' dir='ltr'><strong>jussu</strong></span> 
     </span>
     <span class='ocr_line' id='line_1_14' title="bbox 211 1362 1911 1448; baseline -0.01 -15"><span class='ocrx_word' id='word_1_186' title='bbox 211 1378 314 1448; x_wconf 72' lang='lat' dir='ltr'><strong>liugan,</strong></span> <span class='ocrx_word' id='word_1_187' title='bbox 339 1378 461 1448; x_wconf 74' lang='lat' dir='ltr'><strong>paratim</strong></span> <span class='ocrx_word' id='word_1_188' title='bbox 487 1377 541 1432; x_wconf 81' lang='lat' dir='ltr'><strong>tub</strong></span> <span class='ocrx_word' id='word_1_189' title='bbox 561 1376 679 1446; x_wconf 69' lang='lat' dir='ltr'><strong>estotim</strong></span> <span class='ocrx_word' id='word_1_190' title='bbox 705 1376 794 1431; x_wconf 77' lang='lat' dir='ltr'><strong>tuerit.</strong></span> <span class='ocrx_word' id='word_1_191' title='bbox 829 1374 898 1441; x_wconf 71' lang='lat' dir='ltr'><strong>ituci</strong></span> <span class='ocrx_word' id='word_1_192' title='bbox 918 1373 996 1441; x_wconf 75' lang='lat' dir='ltr'><strong>inlisu</strong></span> <span class='ocrx_word' id='word_1_193' title='bbox 1014 1372 1048 1441; x_wconf 75' lang='lat' dir='ltr'><strong>[te</strong></span> <span class='ocrx_word' id='word_1_194' title='bbox 1073 1369 1185 1424; x_wconf 89' lang='lat' dir='ltr'>Domini</span> <span class='ocrx_word' id='word_1_195' title='bbox 1204 1369 1240 1423; x_wconf 89' lang='lat' dir='ltr'><strong>ad</strong></span> <span class='ocrx_word' id='word_1_196' title='bbox 1261 1384 1354 1440; x_wconf 77' lang='lat' dir='ltr'><strong>regem</strong></span> <span class='ocrx_word' id='word_1_197' title='bbox 1374 1365 1521 1421; x_wconf 78' lang='lat' dir='ltr'><strong>Ezechiam</strong></span> <span class='ocrx_word' id='word_1_198' title='bbox 1540 1372 1617 1435; x_wconf 80' lang='lat' dir='ltr'><strong>pecte</strong></span> <span class='ocrx_word' id='word_1_199' title='bbox 1640 1368 1797 1434; x_wconf 89' lang='lat' dir='ltr'><strong>correptum</strong></span> <span class='ocrx_word' id='word_1_200' title='bbox 1814 1362 1911 1419; x_wconf 66' lang='lat' dir='ltr'><strong>‚iuuat</strong></span> 
     </span>
     <span class='ocr_line' id='line_1_15' title="bbox 211 1447 1912 1534; baseline -0.011 -14"><span class='ocrx_word' id='word_1_201' title='bbox 211 1464 394 1534; x_wconf 75' lang='lat' dir='ltr'><strong>tuoblptbsrrbe</strong></span> <span class='ocrx_word' id='word_1_202' title='bbox 409 1464 513 1531; x_wconf 66' lang='lat' dir='ltr'><strong>bitrem</strong></span> <span class='ocrx_word' id='word_1_203' title='bbox 533 1460 786 1528; x_wconf 68' lang='lat' dir='ltr'><strong>submurmurare</strong></span> <span class='ocrx_word' id='word_1_204' title='bbox 805 1456 978 1526; x_wconf 74' lang='lat' dir='ltr'><strong>tuiouberbelt</strong></span> <span class='ocrx_word' id='word_1_205' title='bbox 999 1470 1047 1511; x_wconf 55' lang='lat' dir='ltr'><strong>ons</strong></span> <span class='ocrx_word' id='word_1_206' title='bbox 1073 1461 1102 1511; x_wconf 88' lang='lat' dir='ltr'><strong>et</strong></span> <span class='ocrx_word' id='word_1_207' title='bbox 1120 1455 1292 1526; x_wconf 75' lang='lat' dir='ltr'><strong>cataplasma</strong></span> <span class='ocrx_word' id='word_1_208' title='bbox 1311 1471 1344 1509; x_wconf 92' lang='lat' dir='ltr'><strong>ex</strong></span> <span class='ocrx_word' id='word_1_209' title='bbox 1361 1452 1470 1508; x_wconf 90' lang='lat' dir='ltr'><strong>ficubus</strong></span> <span class='ocrx_word' id='word_1_210' title='bbox 1488 1452 1574 1507; x_wconf 87' lang='lat' dir='ltr'><strong>ulceri</strong></span> <span class='ocrx_word' id='word_1_211' title='bbox 1592 1451 1678 1522; x_wconf 89' lang='lat' dir='ltr'><strong>ipsius</strong></span> <span class='ocrx_word' id='word_1_212' title='bbox 1699 1448 1805 1520; x_wconf 90' lang='lat' dir='ltr'><strong>imponi</strong></span> <span class='ocrx_word' id='word_1_213' title='bbox 1826 1447 1912 1518; x_wconf 89' lang='lat' dir='ltr'><strong>jubet</strong></span> 
     </span>
     <span class='ocr_line' id='line_1_16' title="bbox 211 1536 1910 1619; baseline -0.01 -13"><span class='ocrx_word' id='word_1_214' title='bbox 211 1551 332 1619; x_wconf 66' lang='lat' dir='ltr'><strong>ipsemet,</strong></span> <span class='ocrx_word' id='word_1_215' title='bbox 351 1549 405 1603; x_wconf 82' lang='lat' dir='ltr'><strong>unt</strong></span> <span class='ocrx_word' id='word_1_216' title='bbox 422 1545 538 1617; x_wconf 69' lang='lat' dir='ltr'><strong>delitiidp</strong></span> <span class='ocrx_word' id='word_1_217' title='bbox 549 1545 717 1614; x_wconf 68' lang='lat' dir='ltr'><strong>bermetum,</strong></span> <span class='ocrx_word' id='word_1_218' title='bbox 737 1544 788 1614; x_wconf 67' lang='lat' dir='ltr'><strong>bot</strong></span> <span class='ocrx_word' id='word_1_219' title='bbox 801 1545 834 1614; x_wconf 75' lang='lat' dir='ltr'><strong>[te</strong></span> <span class='ocrx_word' id='word_1_220' title='bbox 848 1544 943 1614; x_wconf 71' lang='lat' dir='ltr'><strong>{uidet</strong></span> <span class='ocrx_word' id='word_1_221' title='bbox 956 1554 1047 1598; x_wconf 81' lang='lat' dir='ltr'><strong>ermen</strong></span> <span class='ocrx_word' id='word_1_222' title='bbox 1074 1559 1098 1597; x_wconf 91' lang='lat' dir='ltr'><strong>c.</strong></span> <span class='ocrx_word' id='word_1_223' title='bbox 1115 1547 1166 1604; x_wconf 87' lang='grc'><strong>38,</strong></span> <span class='ocrx_word' id='word_1_224' title='bbox 1192 1559 1217 1598; x_wconf 85' lang='lat' dir='ltr'><strong>v.</strong></span> <span class='ocrx_word' id='word_1_225' title='bbox 1238 1547 1279 1597; x_wconf 82' lang='lat'><strong>21.</strong></span> <span class='ocrx_word' id='word_1_226' title='bbox 1302 1557 1354 1595; x_wconf 90' lang='lat' dir='ltr'><strong>nec</strong></span> <span class='ocrx_word' id='word_1_227' title='bbox 1378 1539 1465 1594; x_wconf 90' lang='lat' dir='ltr'><strong>ullum</strong></span> <span class='ocrx_word' id='word_1_228' title='bbox 1489 1555 1523 1595; x_wconf 84' lang='lat' dir='ltr'><strong>ex</strong></span> <span class='ocrx_word' id='word_1_229' title='bbox 1542 1554 1575 1593; x_wconf 91' lang='lat' dir='ltr'><strong>eo</strong></span> <span class='ocrx_word' id='word_1_230' title='bbox 1602 1536 1686 1592; x_wconf 89' lang='lat' dir='ltr'><strong>sentit</strong></span> <span class='ocrx_word' id='word_1_231' title='bbox 1703 1541 1910 1591; x_wconf 83' lang='lat' dir='ltr'><strong>nocumentum.</strong></span> 
     </span>
     <span class='ocr_line' id='line_1_17' title="bbox 210 1620 1909 1705; baseline -0.01 -15"><span class='ocrx_word' id='word_1_232' title='bbox 210 1636 285 1705; x_wconf 60' lang='lat' dir='ltr'><strong>billi-1</strong></span> <span class='ocrx_word' id='word_1_233' title='bbox 305 1636 358 1691; x_wconf 77' lang='lat' dir='ltr'><strong>turb</strong></span> <span class='ocrx_word' id='word_1_234' title='bbox 371 1631 515 1702; x_wconf 70' lang='lat' dir='ltr'><strong>uetustos</strong></span> <span class='ocrx_word' id='word_1_235' title='bbox 534 1631 583 1686; x_wconf 86' lang='lat' dir='ltr'><strong>mit</strong></span> <span class='ocrx_word' id='word_1_236' title='bbox 596 1631 684 1698; x_wconf 70' lang='lat' dir='ltr'><strong>(belbe,</strong></span> <span class='ocrx_word' id='word_1_237' title='bbox 706 1630 806 1700; x_wconf 58' lang='lat' dir='ltr'><strong>&amp;teile</strong></span> <span class='ocrx_word' id='word_1_238' title='bbox 824 1630 941 1698; x_wconf 72' lang='lat' dir='ltr'><strong>dobuug,</strong></span> <span class='ocrx_word' id='word_1_239' title='bbox 962 1628 1046 1683; x_wconf 82' lang='lat' dir='ltr'><strong>leiuttt</strong></span> <span class='ocrx_word' id='word_1_240' title='bbox 1059 1658 1062 1677; x_wconf 85' lang='lat'>·</span> <span class='ocrx_word' id='word_1_241' title='bbox 1075 1633 1099 1683; x_wconf 84' lang='lat'><strong>3.</strong></span> <span class='ocrx_word' id='word_1_242' title='bbox 1116 1628 1300 1697; x_wconf 89' lang='lat' dir='ltr'><strong>Praepostera</strong></span> <span class='ocrx_word' id='word_1_243' title='bbox 1316 1624 1450 1679; x_wconf 88' lang='lat' dir='ltr'><strong>timiditas</strong></span> <span class='ocrx_word' id='word_1_244' title='bbox 1466 1624 1653 1679; x_wconf 89' lang='lat' dir='ltr'><strong>ministrorum</strong></span> <span class='ocrx_word' id='word_1_245' title='bbox 1676 1620 1845 1692; x_wconf 76' lang='lat' dir='ltr'><strong>fugientium</strong></span> <span class='ocrx_word' id='word_1_246' title='bbox 1870 1620 1909 1674; x_wconf 90' lang='lat' dir='ltr'><strong>in·</strong></span> 
     </span>
     <span class='ocr_line' id='line_1_18' title="bbox 211 1706 1911 1790; baseline -0.01 -13"><span class='ocrx_word' id='word_1_247' title='bbox 211 1720 312 1790; x_wconf 68' lang='lat' dir='ltr'><strong>(berith</strong></span> <span class='ocrx_word' id='word_1_248' title='bbox 341 1721 394 1774; x_wconf 82' lang='lat' dir='ltr'><strong>unt</strong></span> <span class='ocrx_word' id='word_1_249' title='bbox 422 1717 573 1788; x_wconf 72' lang='lat' dir='ltr'><strong>berpisirbeu</strong></span> <span class='ocrx_word' id='word_1_250' title='bbox 603 1715 734 1785; x_wconf 72' lang='lat' dir='ltr'><strong>behtlflirb</strong></span> <span class='ocrx_word' id='word_1_251' title='bbox 765 1717 819 1771; x_wconf 81' lang='lat' dir='ltr'><strong>urb</strong></span> <span class='ocrx_word' id='word_1_252' title='bbox 853 1714 958 1783; x_wconf 74' lang='lat' dir='ltr'><strong>retblidp</strong></span> <span class='ocrx_word' id='word_1_253' title='bbox 986 1713 1046 1781; x_wconf 76' lang='lat' dir='ltr'><strong>itin.</strong></span> <span class='ocrx_word' id='word_1_254' title='bbox 1073 1713 1158 1768; x_wconf 89' lang='lat' dir='ltr'><strong>firmia</strong></span> <span class='ocrx_word' id='word_1_255' title='bbox 1171 1711 1332 1767; x_wconf 87' lang='lat' dir='ltr'><strong>scandalum</strong></span> <span class='ocrx_word' id='word_1_256' title='bbox 1351 1710 1467 1780; x_wconf 89' lang='lat' dir='ltr'><strong>praebet</strong></span> <span class='ocrx_word' id='word_1_257' title='bbox 1484 1714 1512 1764; x_wconf 91' lang='lat' dir='ltr'><strong>et</strong></span> <span class='ocrx_word' id='word_1_258' title='bbox 1529 1709 1623 1779; x_wconf 83' lang='lat' dir='ltr'><strong>arguit</strong></span> <span class='ocrx_word' id='word_1_259' title='bbox 1641 1706 1825 1764; x_wconf 83' lang='lat' dir='ltr'><strong>diffidentiam</strong></span> <span class='ocrx_word' id='word_1_260' title='bbox 1843 1722 1911 1776; x_wconf 79' lang='lat' dir='ltr'><strong>erga</strong></span> 
     </span>
     <span class='ocr_line' id='line_1_19' title="bbox 213 1793 1910 1873; baseline -0.01 -10"><span class='ocrx_word' id='word_1_261' title='bbox 213 1808 251 1863; x_wconf 60' lang='lat' dir='ltr'><strong>di</strong></span> <span class='ocrx_word' id='word_1_262' title='bbox 270 1807 347 1873; x_wconf 75' lang='lat' dir='ltr'><strong>inlitu</strong></span> <span class='ocrx_word' id='word_1_263' title='bbox 368 1805 429 1859; x_wconf 81' lang='lat' dir='ltr'><strong>ubet</strong></span> <span class='ocrx_word' id='word_1_264' title='bbox 448 1803 487 1858; x_wconf 80' lang='lat' dir='ltr'><strong>tir</strong></span> <span class='ocrx_word' id='word_1_265' title='bbox 506 1803 617 1870; x_wconf 70' lang='lat' dir='ltr'><strong>iiiuttet</strong></span> <span class='ocrx_word' id='word_1_266' title='bbox 635 1802 687 1858; x_wconf 77' lang='lat' dir='ltr'><strong>turb</strong></span> <span class='ocrx_word' id='word_1_267' title='bbox 707 1801 900 1872; x_wconf 65' lang='lat' dir='ltr'><strong>ditmmbitutt</strong></span> <span class='ocrx_word' id='word_1_268' title='bbox 927 1802 975 1856; x_wconf 80' lang='lat' dir='ltr'><strong>bert</strong></span> <span class='ocrx_word' id='word_1_269' title='bbox 992 1799 1046 1853; x_wconf 80' lang='lat' dir='ltr'><strong>un·</strong></span> <span class='ocrx_word' id='word_1_270' title='bbox 1074 1799 1267 1871; x_wconf 78' lang='lat' dir='ltr'><strong>promissiones</strong></span> <span class='ocrx_word' id='word_1_271' title='bbox 1287 1797 1404 1862; x_wconf 86' lang='lat' dir='ltr'><strong>divinas,</strong></span> <span class='ocrx_word' id='word_1_272' title='bbox 1422 1795 1525 1851; x_wconf 85' lang='lat' dir='ltr'><strong>Psalm.</strong></span> <span class='ocrx_word' id='word_1_273' title='bbox 1548 1801 1589 1861; x_wconf 82' lang='lat'><strong>91,</strong></span> <span class='ocrx_word' id='word_1_274' title='bbox 1607 1813 1631 1851; x_wconf 84' lang='lat' dir='ltr'><strong>v.</strong></span> <span class='ocrx_word' id='word_1_275' title='bbox 1648 1802 1676 1851; x_wconf 83' lang='lat' dir='ltr'><strong>l:</strong></span> <span class='ocrx_word' id='word_1_276' title='bbox 1697 1793 1806 1849; x_wconf 81' lang='lat' dir='ltr'><strong>Cadent</strong></span> <span class='ocrx_word' id='word_1_277' title='bbox 1828 1812 1846 1847; x_wconf 86' lang='lat' dir='ltr'><strong>u</strong></span> <span class='ocrx_word' id='word_1_278' title='bbox 1867 1795 1910 1847; x_wconf 83' lang='lat' dir='ltr'><strong>lc·</strong></span> 
     </span>
     <span class='ocr_line' id='line_1_20' title="bbox 192 1880 1910 1960; baseline -0.006 -19"><span class='ocrx_word' id='word_1_279' title='bbox 192 1890 327 1960; x_wconf 71' lang='lat' dir='ltr'><strong>,tetldpteb</strong></span> <span class='ocrx_word' id='word_1_280' title='bbox 352 1891 406 1946; x_wconf 77' lang='lat' dir='ltr'><strong>unt</strong></span> <span class='ocrx_word' id='word_1_281' title='bbox 433 1888 600 1957; x_wconf 70' lang='lat' dir='ltr'><strong>(triturabat</strong></span> <span class='ocrx_word' id='word_1_282' title='bbox 623 1888 692 1954; x_wconf 81' lang='lat' dir='ltr'><strong>ister</strong></span> <span class='ocrx_word' id='word_1_283' title='bbox 715 1888 815 1955; x_wconf 69' lang='lat' dir='ltr'><strong>iterius</strong></span> <span class='ocrx_word' id='word_1_284' title='bbox 842 1886 912 1955; x_wconf 73' lang='lat' dir='ltr'><strong>troil</strong></span> <span class='ocrx_word' id='word_1_285' title='bbox 941 1885 970 1940; x_wconf 83' lang='lat' dir='ltr'><strong>iu</strong></span> <span class='ocrx_word' id='word_1_286' title='bbox 994 1885 1047 1953; x_wconf 78' lang='lat' dir='ltr'><strong>adp</strong></span> <span class='ocrx_word' id='word_1_287' title='bbox 1074 1896 1131 1940; x_wconf 84' lang='lat' dir='ltr'><strong>tere</strong></span> <span class='ocrx_word' id='word_1_288' title='bbox 1149 1893 1196 1939; x_wconf 81' lang='lat' dir='ltr'><strong>too</strong></span> <span class='ocrx_word' id='word_1_289' title='bbox 1214 1885 1292 1938; x_wconf 81' lang='lat' dir='ltr'><strong>mille</strong></span> <span class='ocrx_word' id='word_1_290' title='bbox 1310 1892 1336 1937; x_wconf 84' lang='lat' dir='ltr'><strong>et</strong></span> <span class='ocrx_word' id='word_1_291' title='bbox 1355 1885 1448 1936; x_wconf 82' lang='lat' dir='ltr'><strong>decom</strong></span> <span class='ocrx_word' id='word_1_292' title='bbox 1467 1883 1561 1936; x_wconf 80' lang='lat' dir='ltr'><strong>millio</strong></span> <span class='ocrx_word' id='word_1_293' title='bbox 1580 1900 1599 1934; x_wconf 85' lang='lat' dir='ltr'><strong>a</strong></span> <span class='ocrx_word' id='word_1_294' title='bbox 1616 1881 1722 1935; x_wconf 78' lang='lat' dir='ltr'><strong>demris</strong></span> <span class='ocrx_word' id='word_1_295' title='bbox 1738 1880 1809 1944; x_wconf 85' lang='lat' dir='ltr'><strong>tois,</strong></span> <span class='ocrx_word' id='word_1_296' title='bbox 1826 1882 1868 1932; x_wconf 87' lang='lat' dir='ltr'><strong>od</strong></span> <span class='ocrx_word' id='word_1_297' title='bbox 1884 1886 1910 1930; x_wconf 82' lang='lat' dir='ltr'><strong>es</strong></span> 
     </span>
     <span class='ocr_line' id='line_1_21' title="bbox 213 1965 1912 2045; baseline -0.009 -14"><span class='ocrx_word' id='word_1_298' title='bbox 213 1977 335 2045; x_wconf 73' lang='lat' dir='ltr'><strong>nahmen,</strong></span> <span class='ocrx_word' id='word_1_299' title='bbox 362 1974 416 2029; x_wconf 78' lang='lat' dir='ltr'><strong>unt</strong></span> <span class='ocrx_word' id='word_1_300' title='bbox 442 1972 481 2028; x_wconf 84' lang='lat' dir='ltr'><strong>bie</strong></span> <span class='ocrx_word' id='word_1_301' title='bbox 505 1972 622 2029; x_wconf 78' lang='lat' dir='ltr'><strong>tironiae</strong></span> <span class='ocrx_word' id='word_1_302' title='bbox 648 1973 697 2027; x_wconf 87' lang='lat' dir='ltr'><strong>urit</strong></span> <span class='ocrx_word' id='word_1_303' title='bbox 727 1974 822 2042; x_wconf 70' lang='lat' dir='ltr'><strong>turgeu</strong></span> <span class='ocrx_word' id='word_1_304' title='bbox 851 1971 1048 2041; x_wconf 59' lang='lat' dir='ltr'><strong>uerisimilem</strong></span> <span class='ocrx_word' id='word_1_305' title='bbox 1074 1981 1166 2026; x_wconf 80' lang='lat' dir='ltr'><strong>aorem</strong></span> <span class='ocrx_word' id='word_1_306' title='bbox 1184 1989 1240 2025; x_wconf 79' lang='lat' dir='ltr'><strong>noo</strong></span> <span class='ocrx_word' id='word_1_307' title='bbox 1254 1968 1499 2042; x_wconf 73' lang='lat' dir='ltr'><strong>appropinquabit.</strong></span> <span class='ocrx_word' id='word_1_308' title='bbox 1534 1967 1632 2022; x_wconf 83' lang='lat' dir='ltr'><strong>hlettb.</strong></span> <span class='ocrx_word' id='word_1_309' title='bbox 1650 1973 1690 2033; x_wconf 89' lang='grc' dir='ltr'><strong>1ο,</strong></span> <span class='ocrx_word' id='word_1_310' title='bbox 1709 1985 1734 2019; x_wconf 88' lang='lat' dir='ltr'><strong>v.</strong></span> <span class='ocrx_word' id='word_1_311' title='bbox 1752 1970 1800 2021; x_wconf 83' lang='lat'><strong>³0:</strong></span> <span class='ocrx_word' id='word_1_312' title='bbox 1815 1965 1912 2022; x_wconf 77' lang='lat' dir='ltr'><strong>Vestri</strong></span> 
     </span>
     <span class='ocr_line' id='line_1_22' title="bbox 213 2049 1910 2130; baseline -0.008 -12"><span class='ocrx_word' id='word_1_313' title='bbox 213 2063 322 2118; x_wconf 72' lang='lat' dir='ltr'><strong>tiburtes</strong></span> <span class='ocrx_word' id='word_1_314' title='bbox 345 2060 411 2130; x_wconf 71' lang='lat' dir='ltr'><strong>nidi</strong></span> <span class='ocrx_word' id='word_1_315' title='bbox 435 2060 598 2128; x_wconf 75' lang='lat' dir='ltr'><strong>tsidmsrsu,</strong></span> <span class='ocrx_word' id='word_1_316' title='bbox 624 2059 733 2126; x_wconf 73' lang='lat' dir='ltr'><strong>tonitru</strong></span> <span class='ocrx_word' id='word_1_317' title='bbox 755 2059 788 2127; x_wconf 76' lang='lat' dir='ltr'><strong>lie</strong></span> <span class='ocrx_word' id='word_1_318' title='bbox 812 2058 869 2126; x_wconf 68' lang='lat' dir='ltr'><strong>lurp</strong></span> <span class='ocrx_word' id='word_1_319' title='bbox 901 2058 954 2112; x_wconf 85' lang='lat' dir='ltr'><strong>uub</strong></span> <span class='ocrx_word' id='word_1_320' title='bbox 979 2057 1047 2111; x_wconf 79' lang='lat' dir='ltr'><strong>runt</strong></span> <span class='ocrx_word' id='word_1_321' title='bbox 1075 2067 1165 2112; x_wconf 80' lang='lat' dir='ltr'><strong>ostem</strong></span> <span class='ocrx_word' id='word_1_322' title='bbox 1183 2057 1284 2128; x_wconf 81' lang='lat' dir='ltr'><strong>capilli</strong></span> <span class='ocrx_word' id='word_1_323' title='bbox 1303 2056 1404 2127; x_wconf 78' lang='lat' dir='ltr'><strong>sopitis</strong></span> <span class='ocrx_word' id='word_1_324' title='bbox 1420 2071 1512 2108; x_wconf 81' lang='lat' dir='ltr'><strong>omnes</strong></span> <span class='ocrx_word' id='word_1_325' title='bbox 1521 2053 1662 2107; x_wconf 67' lang='lat' dir='ltr'><strong>assuesti</strong></span> <span class='ocrx_word' id='word_1_326' title='bbox 1671 2060 1743 2106; x_wconf 83' lang='lat' dir='ltr'><strong>sum.</strong></span> <span class='ocrx_word' id='word_1_327' title='bbox 1767 2049 1854 2107; x_wconf 87' lang='lat' dir='ltr'><strong>Hebr.</strong></span> <span class='ocrx_word' id='word_1_328' title='bbox 1869 2055 1910 2119; x_wconf 87' lang='grc'><strong>13,</strong></span> 
     </span>
     <span class='ocr_line' id='line_1_23' title="bbox 213 2139 1909 2215; baseline -0.008 -12"><span class='ocrx_word' id='word_1_329' title='bbox 213 2148 264 2204; x_wconf 83' lang='lat' dir='ltr'><strong>ortt</strong></span> <span class='ocrx_word' id='word_1_330' title='bbox 277 2146 377 2213; x_wconf 68' lang='lat' dir='ltr'><strong>tilidttn</strong></span> <span class='ocrx_word' id='word_1_331' title='bbox 393 2145 508 2215; x_wconf 69' lang='lat' dir='ltr'><strong>turrigeri</strong></span> <span class='ocrx_word' id='word_1_332' title='bbox 523 2145 663 2214; x_wconf 70' lang='lat' dir='ltr'><strong>ltditlitbttt</strong></span> <span class='ocrx_word' id='word_1_333' title='bbox 679 2144 815 2212; x_wconf 57' lang='lat' dir='ltr'><strong>&amp;patititur</strong></span> <span class='ocrx_word' id='word_1_334' title='bbox 828 2143 934 2213; x_wconf 68' lang='lat' dir='ltr'><strong>btiiifltt</strong></span> <span class='ocrx_word' id='word_1_335' title='bbox 947 2141 1048 2212; x_wconf 66' lang='lat' dir='ltr'><strong>mortu</strong></span> <span class='ocrx_word' id='word_1_336' title='bbox 1075 2163 1100 2198; x_wconf 84' lang='lat' dir='ltr'><strong>v.</strong></span> <span class='ocrx_word' id='word_1_337' title='bbox 1121 2151 1150 2198; x_wconf 83' lang='lat'><strong>5:</strong></span> <span class='ocrx_word' id='word_1_338' title='bbox 1170 2145 1237 2211; x_wconf 82' lang='lat' dir='ltr'><strong>Ipse</strong></span> <span class='ocrx_word' id='word_1_339' title='bbox 1257 2142 1343 2209; x_wconf 71' lang='lat' dir='ltr'><strong>simil,</strong></span> <span class='ocrx_word' id='word_1_340' title='bbox 1362 2159 1419 2195; x_wconf 79' lang='lat' dir='ltr'><strong>non</strong></span> <span class='ocrx_word' id='word_1_341' title='bbox 1437 2140 1630 2208; x_wconf 80' lang='lat' dir='ltr'><strong>derelinquam</strong></span> <span class='ocrx_word' id='word_1_342' title='bbox 1648 2146 1688 2206; x_wconf 84' lang='lat' dir='ltr'><strong>te,</strong></span> <span class='ocrx_word' id='word_1_343' title='bbox 1713 2154 1763 2191; x_wconf 81' lang='lat' dir='ltr'><strong>nee</strong></span> <span class='ocrx_word' id='word_1_344' title='bbox 1782 2139 1909 2190; x_wconf 79' lang='lat' dir='ltr'><strong>deseram</strong></span> 
     </span>
     <span class='ocr_line' id='line_1_24' title="bbox 216 2221 1908 2302; baseline -0.009 -13"><span class='ocrx_word' id='word_1_345' title='bbox 216 2233 352 2301; x_wconf 79' lang='lat' dir='ltr'><strong>etiuutttt,</strong></span> <span class='ocrx_word' id='word_1_346' title='bbox 374 2233 460 2302; x_wconf 68' lang='lat' dir='ltr'><strong>lebret</strong></span> <span class='ocrx_word' id='word_1_347' title='bbox 478 2232 532 2287; x_wconf 82' lang='lat' dir='ltr'><strong>turb</strong></span> <span class='ocrx_word' id='word_1_348' title='bbox 551 2231 659 2300; x_wconf 66' lang='lat' dir='ltr'><strong>tritten,</strong></span> <span class='ocrx_word' id='word_1_349' title='bbox 680 2230 818 2298; x_wconf 72' lang='lat' dir='ltr'><strong>beinubttb</strong></span> <span class='ocrx_word' id='word_1_350' title='bbox 838 2239 913 2285; x_wconf 77' lang='grc'><strong>11111111</strong></span> <span class='ocrx_word' id='word_1_351' title='bbox 933 2231 963 2296; x_wconf 73' lang='lat' dir='ltr'><strong>lle</strong></span> <span class='ocrx_word' id='word_1_352' title='bbox 984 2240 1048 2297; x_wconf 70' lang='lat' dir='ltr'><strong>gunt</strong></span> <span class='ocrx_word' id='word_1_353' title='bbox 1075 2239 1109 2285; x_wconf 85' lang='lat' dir='ltr'><strong>te.</strong></span> <span class='ocrx_word' id='word_1_354' title='bbox 1145 2229 1252 2283; x_wconf 88' lang='lat' dir='ltr'><strong>Harum</strong></span> <span class='ocrx_word' id='word_1_355' title='bbox 1279 2226 1490 2297; x_wconf 88' lang='lat' dir='ltr'><strong>promissionum</strong></span> <span class='ocrx_word' id='word_1_356' title='bbox 1516 2224 1659 2279; x_wconf 85' lang='lat' dir='ltr'><strong>veritatem</strong></span> <span class='ocrx_word' id='word_1_357' title='bbox 1687 2221 1813 2293; x_wconf 87' lang='lat' dir='ltr'><strong>exempla</strong></span> <span class='ocrx_word' id='word_1_358' title='bbox 1838 2222 1908 2292; x_wconf 90' lang='lat' dir='ltr'><strong>peri-</strong></span> 
     </span>
     <span class='ocr_line' id='line_1_25' title="bbox 215 2308 1909 2388; baseline -0.006 -16"><span class='ocrx_word' id='word_1_359' title='bbox 215 2319 318 2388; x_wconf 72' lang='lat' dir='ltr'><strong>ldptsudp</strong></span> <span class='ocrx_word' id='word_1_360' title='bbox 332 2317 393 2385; x_wconf 79' lang='lat' dir='ltr'><strong>lein.</strong></span> <span class='ocrx_word' id='word_1_361' title='bbox 427 2318 482 2373; x_wconf 70' lang='lat' dir='ltr'><strong>iter</strong></span> <span class='ocrx_word' id='word_1_362' title='bbox 498 2317 598 2386; x_wconf 75' lang='lat' dir='ltr'><strong>urlaub,</strong></span> <span class='ocrx_word' id='word_1_363' title='bbox 617 2325 693 2372; x_wconf 79' lang='lat' dir='ltr'><strong>tutuo</strong></span> <span class='ocrx_word' id='word_1_364' title='bbox 706 2316 748 2371; x_wconf 83' lang='lat' dir='ltr'><strong>eiu</strong></span> <span class='ocrx_word' id='word_1_365' title='bbox 763 2315 958 2385; x_wconf 65' lang='lat' dir='ltr'><strong>dispecturum</strong></span> <span class='ocrx_word' id='word_1_366' title='bbox 970 2317 1048 2369; x_wconf 79' lang='lat' dir='ltr'><strong>untes</strong></span> <span class='ocrx_word' id='word_1_367' title='bbox 1074 2315 1238 2370; x_wconf 89' lang='lat' dir='ltr'><strong>culossimas</strong></span> <span class='ocrx_word' id='word_1_368' title='bbox 1256 2312 1431 2384; x_wconf 81' lang='lat' dir='ltr'><strong>pestilentiae</strong></span> <span class='ocrx_word' id='word_1_369' title='bbox 1450 2317 1574 2380; x_wconf 89' lang='lat' dir='ltr'><strong>tempore</strong></span> <span class='ocrx_word' id='word_1_370' title='bbox 1593 2309 1670 2364; x_wconf 90' lang='lat' dir='ltr'><strong>edita</strong></span> <span class='ocrx_word' id='word_1_371' title='bbox 1685 2308 1909 2379; x_wconf 81' lang='lat' dir='ltr'><strong>comprobarunt,</strong></span> 
     </span>
     <span class='ocr_line' id='line_1_26' title="bbox 214 2394 1907 2474; baseline -0.005 -15"><span class='ocrx_word' id='word_1_372' title='bbox 214 2404 300 2474; x_wconf 68' lang='lat' dir='ltr'><strong>leuen</strong></span> <span class='ocrx_word' id='word_1_373' title='bbox 329 2403 468 2474; x_wconf 67' lang='lat' dir='ltr'><strong>guittarit</strong></span> <span class='ocrx_word' id='word_1_374' title='bbox 498 2402 527 2456; x_wconf 82' lang='lat' dir='ltr'><strong>itt</strong></span> <span class='ocrx_word' id='word_1_375' title='bbox 560 2400 739 2471; x_wconf 73' lang='lat' dir='ltr'><strong>beidptoerltdpe</strong></span> <span class='ocrx_word' id='word_1_376' title='bbox 761 2401 902 2471; x_wconf 60' lang='lat' dir='ltr'><strong>attribuit</strong></span> <span class='ocrx_word' id='word_1_377' title='bbox 927 2400 1047 2469; x_wconf 65' lang='lat' dir='ltr'><strong>putten,</strong></span> <span class='ocrx_word' id='word_1_378' title='bbox 1075 2401 1139 2455; x_wconf 82' lang='lat' dir='ltr'><strong>aido</strong></span> <span class='ocrx_word' id='word_1_379' title='bbox 1160 2400 1246 2455; x_wconf 77' lang='lat' dir='ltr'><strong>uxori.</strong></span> <span class='ocrx_word' id='word_1_380' title='bbox 1260 2407 1283 2455; x_wconf 79' lang='grc'><strong>8.</strong></span> <span class='ocrx_word' id='word_1_381' title='bbox 1302 2406 1331 2454; x_wconf 89' lang='lat' dir='ltr'><strong>et</strong></span> <span class='ocrx_word' id='word_1_382' title='bbox 1350 2404 1374 2454; x_wconf 84' lang='grc'><strong>6.</strong></span> <span class='ocrx_word' id='word_1_383' title='bbox 1394 2397 1495 2452; x_wconf 81' lang='lat' dir='ltr'><strong>Euseb.</strong></span> <span class='ocrx_word' id='word_1_384' title='bbox 1514 2395 1561 2452; x_wconf 90' lang='lat' dir='ltr'><strong>lib.</strong></span> <span class='ocrx_word' id='word_1_385' title='bbox 1580 2402 1602 2450; x_wconf 81' lang='lat' dir='ltr'><strong>t.</strong></span> <span class='ocrx_word' id='word_1_386' title='bbox 1622 2394 1716 2448; x_wconf 87' lang='lat' dir='ltr'><strong>histor.</strong></span> <span class='ocrx_word' id='word_1_387' title='bbox 1735 2394 1802 2450; x_wconf 86' lang='lat' dir='ltr'><strong>eccl.</strong></span> <span class='ocrx_word' id='word_1_388' title='bbox 1820 2411 1844 2448; x_wconf 94' lang='lat' dir='ltr'><strong>c.</strong></span> <span class='ocrx_word' id='word_1_389' title='bbox 1866 2400 1907 2450; x_wconf 83' lang='lat' dir='ltr'><strong>at.</strong></span> 
     </span>
     <span class='ocr_line' id='line_1_27' title="bbox 214 2479 1908 2558; baseline -0.008 -13"><span class='ocrx_word' id='word_1_390' title='bbox 214 2490 263 2545; x_wconf 84' lang='lat' dir='ltr'><strong>mit</strong></span> <span class='ocrx_word' id='word_1_391' title='bbox 282 2491 337 2545; x_wconf 82' lang='lat' dir='ltr'><strong>bem</strong></span> <span class='ocrx_word' id='word_1_392' title='bbox 356 2491 399 2544; x_wconf 83' lang='lat' dir='ltr'><strong>ber</strong></span> <span class='ocrx_word' id='word_1_393' title='bbox 417 2489 528 2558; x_wconf 53' lang='lat' dir='ltr'><strong>pierres</strong></span> <span class='ocrx_word' id='word_1_394' title='bbox 545 2488 591 2543; x_wconf 72' lang='lat' dir='ltr'><strong>bet</strong></span> <span class='ocrx_word' id='word_1_395' title='bbox 609 2487 727 2544; x_wconf 67' lang='lat' dir='ltr'><strong>monitu</strong></span> <span class='ocrx_word' id='word_1_396' title='bbox 749 2489 845 2545; x_wconf 68' lang='lat' dir='ltr'><strong>&amp;edet</strong></span> <span class='ocrx_word' id='word_1_397' title='bbox 866 2486 991 2556; x_wconf 66' lang='lat' dir='ltr'><strong>&amp;siluisti</strong></span> <span class='ocrx_word' id='word_1_398' title='bbox 1016 2499 1047 2555; x_wconf 64' lang='lat' dir='ltr'><strong>au</strong></span> <span class='ocrx_word' id='word_1_399' title='bbox 1074 2486 1226 2557; x_wconf 79' lang='lat' dir='ltr'><strong>Evagrium</strong></span> <span class='ocrx_word' id='word_1_400' title='bbox 1242 2485 1292 2539; x_wconf 95' lang='lat' dir='ltr'><strong>lib.</strong></span> <span class='ocrx_word' id='word_1_401' title='bbox 1309 2492 1334 2539; x_wconf 79' lang='lat' dir='ltr'><strong>t.</strong></span> <span class='ocrx_word' id='word_1_402' title='bbox 1355 2483 1450 2539; x_wconf 86' lang='lat' dir='ltr'><strong>histor.</strong></span> <span class='ocrx_word' id='word_1_403' title='bbox 1471 2499 1496 2537; x_wconf 87' lang='lat' dir='ltr'><strong>c.</strong></span> <span class='ocrx_word' id='word_1_404' title='bbox 1509 2487 1551 2538; x_wconf 82' lang='grc'><strong>23.</strong></span> <span class='ocrx_word' id='word_1_405' title='bbox 1587 2480 1707 2546; x_wconf 85' lang='lat' dir='ltr'><strong>Quidam</strong></span> <span class='ocrx_word' id='word_1_406' title='bbox 1717 2479 1908 2535; x_wconf 89' lang='lat' dir='ltr'><strong>adduutlimi-</strong></span> 
     </span>
     <span class='ocr_line' id='line_1_28' title="bbox 214 2567 1961 2645; baseline -0.004 -15"><span class='ocrx_word' id='word_1_407' title='bbox 214 2580 262 2645; x_wconf 71' lang='lat' dir='ltr'><strong>put</strong></span> <span class='ocrx_word' id='word_1_408' title='bbox 282 2579 367 2632; x_wconf 75' lang='lat' dir='ltr'><strong>tttuui</strong></span> <span class='ocrx_word' id='word_1_409' title='bbox 383 2589 414 2644; x_wconf 64' lang='lat' dir='ltr'><strong>pu</strong></span> <span class='ocrx_word' id='word_1_410' title='bbox 436 2575 526 2639; x_wconf 75' lang='lat' dir='ltr'><strong>tebet,</strong></span> <span class='ocrx_word' id='word_1_411' title='bbox 553 2573 601 2643; x_wconf 75' lang='lat' dir='ltr'><strong>loll</strong></span> <span class='ocrx_word' id='word_1_412' title='bbox 623 2575 792 2643; x_wconf 67' lang='lat' dir='ltr'><strong>herilitatem</strong></span> <span class='ocrx_word' id='word_1_413' title='bbox 809 2574 902 2642; x_wconf 64' lang='lat' dir='ltr'><strong>[timei</strong></span> <span class='ocrx_word' id='word_1_414' title='bbox 920 2573 987 2643; x_wconf 68' lang='lat' dir='ltr'><strong>uicit</strong></span> <span class='ocrx_word' id='word_1_415' title='bbox 1006 2571 1048 2627; x_wconf 80' lang='lat' dir='ltr'><strong>bis</strong></span> <span class='ocrx_word' id='word_1_416' title='bbox 1075 2572 1221 2636; x_wconf 82' lang='lat' dir='ltr'><strong>tationem,</strong></span> <span class='ocrx_word' id='word_1_417' title='bbox 1253 2569 1327 2642; x_wconf 88' lang='lat' dir='ltr'><strong>quod</strong></span> <span class='ocrx_word' id='word_1_418' title='bbox 1356 2569 1440 2625; x_wconf 88' lang='lat' dir='ltr'><strong>liceat</strong></span> <span class='ocrx_word' id='word_1_419' title='bbox 1465 2567 1596 2623; x_wconf 85' lang='lat' dir='ltr'><strong>ministris</strong></span> <span class='ocrx_word' id='word_1_420' title='bbox 1624 2567 1757 2622; x_wconf 87' lang='lat' dir='ltr'><strong>ecclesiae</strong></span> <span class='ocrx_word' id='word_1_421' title='bbox 1784 2573 1908 2637; x_wconf 84' lang='lat' dir='ltr'><strong>tempore</strong></span> <span class='ocrx_word' id='word_1_422' title='bbox 1923 2582 1961 2623; x_wconf 83' lang='grc'><strong>1111</strong></span> 
     </span>
     <span class='ocr_line' id='line_1_29' title="bbox 215 2653 1909 2730; baseline -0.006 -13"><span class='ocrx_word' id='word_1_423' title='bbox 215 2662 264 2729; x_wconf 74' lang='lat' dir='ltr'><strong>auf</strong></span> <span class='ocrx_word' id='word_1_424' title='bbox 287 2661 326 2716; x_wconf 85' lang='lat' dir='ltr'><strong>bit</strong></span> <span class='ocrx_word' id='word_1_425' title='bbox 348 2663 410 2729; x_wconf 76' lang='lat' dir='ltr'><strong>sest</strong></span> <span class='ocrx_word' id='word_1_426' title='bbox 433 2661 538 2728; x_wconf 73' lang='lat' dir='ltr'><strong>iperet,</strong></span> <span class='ocrx_word' id='word_1_427' title='bbox 561 2660 671 2724; x_wconf 81' lang='lat' dir='ltr'><strong>ioubttrr</strong></span> <span class='ocrx_word' id='word_1_428' title='bbox 696 2660 757 2728; x_wconf 75' lang='lat' dir='ltr'><strong>eud)</strong></span> <span class='ocrx_word' id='word_1_429' title='bbox 789 2659 932 2725; x_wconf 77' lang='lat' dir='ltr'><strong>unietuitn</strong></span> <span class='ocrx_word' id='word_1_430' title='bbox 961 2662 1048 2726; x_wconf 79' lang='lat' dir='ltr'><strong>(nota)</strong></span> <span class='ocrx_word' id='word_1_431' title='bbox 1075 2658 1161 2730; x_wconf 87' lang='lat' dir='ltr'><strong>pestis</strong></span> <span class='ocrx_word' id='word_1_432' title='bbox 1181 2674 1305 2713; x_wconf 91' lang='lat' dir='ltr'><strong>secessus</strong></span> <span class='ocrx_word' id='word_1_433' title='bbox 1319 2672 1460 2728; x_wconf 88' lang='lat' dir='ltr'><strong>quaerere,</strong></span> <span class='ocrx_word' id='word_1_434' title='bbox 1477 2656 1500 2709; x_wconf 95' lang='lat' dir='ltr'><strong>si</strong></span> <span class='ocrx_word' id='word_1_435' title='bbox 1519 2654 1720 2710; x_wconf 89' lang='lat' dir='ltr'><strong>aliosinsuum</strong></span> <span class='ocrx_word' id='word_1_436' title='bbox 1736 2653 1909 2708; x_wconf 85' lang='lat' dir='ltr'><strong>substituant</strong></span> 
     </span>
     <span class='ocr_line' id='line_1_30' title="bbox 214 2738 1909 2817; baseline -0.006 -14"><span class='ocrx_word' id='word_1_437' title='bbox 214 2749 259 2817; x_wconf 70' lang='lat' dir='ltr'><strong>siclt</strong></span> <span class='ocrx_word' id='word_1_438' title='bbox 277 2747 411 2816; x_wconf 70' lang='lat' dir='ltr'><strong>idtbttlid</strong></span> <span class='ocrx_word' id='word_1_439' title='bbox 433 2760 463 2816; x_wconf 68' lang='lat' dir='ltr'><strong>pu</strong></span> <span class='ocrx_word' id='word_1_440' title='bbox 481 2748 528 2802; x_wconf 79' lang='lat' dir='ltr'><strong>um</strong></span> <span class='ocrx_word' id='word_1_441' title='bbox 547 2745 662 2802; x_wconf 79' lang='lat' dir='ltr'><strong>tituuittt</strong></span> <span class='ocrx_word' id='word_1_442' title='bbox 686 2745 789 2814; x_wconf 73' lang='lat' dir='ltr'><strong>flattu,</strong></span> <span class='ocrx_word' id='word_1_443' title='bbox 811 2744 859 2803; x_wconf 86' lang='lat' dir='ltr'><strong>tuit</strong></span> <span class='ocrx_word' id='word_1_444' title='bbox 883 2746 948 2800; x_wconf 74' lang='lat' dir='ltr'><strong>ader</strong></span> <span class='ocrx_word' id='word_1_445' title='bbox 967 2743 1049 2816; x_wconf 73' lang='lat' dir='ltr'><strong>dpriit·</strong></span> <span class='ocrx_word' id='word_1_446' title='bbox 1075 2746 1183 2808; x_wconf 90' lang='lat' dir='ltr'><strong>locum,</strong></span> <span class='ocrx_word' id='word_1_447' title='bbox 1213 2743 1261 2814; x_wconf 88' lang='lat' dir='ltr'><strong>qui</strong></span> <span class='ocrx_word' id='word_1_448' title='bbox 1286 2760 1341 2797; x_wconf 88' lang='lat' dir='ltr'><strong>non</strong></span> <span class='ocrx_word' id='word_1_449' title='bbox 1362 2742 1468 2795; x_wconf 87' lang='lat' dir='ltr'><strong>minore</strong></span> <span class='ocrx_word' id='word_1_450' title='bbox 1493 2740 1670 2809; x_wconf 83' lang='lat' dir='ltr'><strong>dexteritate,</strong></span> <span class='ocrx_word' id='word_1_451' title='bbox 1703 2738 1851 2810; x_wconf 83' lang='lat' dir='ltr'><strong>diligentia</strong></span> <span class='ocrx_word' id='word_1_452' title='bbox 1876 2755 1909 2792; x_wconf 91' lang='lat' dir='ltr'><strong>ac</strong></span> 
     </span>
     <span class='ocr_line' id='line_1_31' title="bbox 215 2825 1907 2903; baseline -0.005 -15"><span class='ocrx_word' id='word_1_453' title='bbox 215 2833 292 2903; x_wconf 71' lang='lat' dir='ltr'><strong>lidpeu</strong></span> <span class='ocrx_word' id='word_1_454' title='bbox 306 2834 467 2903; x_wconf 61' lang='lat' dir='ltr'><strong>&amp;anttmutb</strong></span> <span class='ocrx_word' id='word_1_455' title='bbox 488 2835 542 2887; x_wconf 81' lang='lat' dir='ltr'><strong>cub</strong></span> <span class='ocrx_word' id='word_1_456' title='bbox 564 2831 765 2901; x_wconf 66' lang='lat' dir='ltr'><strong>beldeibenbstt</strong></span> <span class='ocrx_word' id='word_1_457' title='bbox 786 2833 944 2902; x_wconf 75' lang='lat' dir='ltr'><strong>pebltlprenbe</strong></span> <span class='ocrx_word' id='word_1_458' title='bbox 970 2831 1048 2887; x_wconf 67' lang='lat' dir='ltr'><strong>driu·</strong></span> <span class='ocrx_word' id='word_1_459' title='bbox 1075 2830 1131 2886; x_wconf 87' lang='lat' dir='ltr'><strong>fide</strong></span> <span class='ocrx_word' id='word_1_460' title='bbox 1149 2846 1230 2901; x_wconf 89' lang='lat' dir='ltr'><strong>quam</strong></span> <span class='ocrx_word' id='word_1_461' title='bbox 1244 2829 1354 2900; x_wconf 89' lang='lat' dir='ltr'><strong>ipsimet</strong></span> <span class='ocrx_word' id='word_1_462' title='bbox 1365 2827 1546 2884; x_wconf 87' lang='lat' dir='ltr'><strong>ecclesiastici</strong></span> <span class='ocrx_word' id='word_1_463' title='bbox 1558 2825 1784 2895; x_wconf 89' lang='lat' dir='ltr'><strong>munerispartes</strong></span> <span class='ocrx_word' id='word_1_464' title='bbox 1798 2825 1907 2880; x_wconf 84' lang='lat' dir='ltr'><strong>obeant.</strong></span> 
     </span>
     <span class='ocr_line' id='line_1_32' title="bbox 215 2912 1910 2989; baseline -0.005 -15"><span class='ocrx_word' id='word_1_465' title='bbox 215 2933 316 2988; x_wconf 73' lang='lat' dir='ltr'><strong>uuum</strong></span> <span class='ocrx_word' id='word_1_466' title='bbox 328 2919 404 2988; x_wconf 74' lang='lat' dir='ltr'><strong>itrolt</strong></span> <span class='ocrx_word' id='word_1_467' title='bbox 416 2920 470 2974; x_wconf 82' lang='lat' dir='ltr'><strong>unt</strong></span> <span class='ocrx_word' id='word_1_468' title='bbox 486 2919 674 2987; x_wconf 67' lang='lat' dir='ltr'><strong>bremetense</strong></span> <span class='ocrx_word' id='word_1_469' title='bbox 690 2933 720 2987; x_wconf 61' lang='lat' dir='ltr'><strong>uu</strong></span> <span class='ocrx_word' id='word_1_470' title='bbox 732 2919 809 2989; x_wconf 75' lang='lat' dir='ltr'><strong>tbuu,</strong></span> <span class='ocrx_word' id='word_1_471' title='bbox 822 2917 881 2974; x_wconf 81' lang='lat' dir='ltr'><strong>meti</strong></span> <span class='ocrx_word' id='word_1_472' title='bbox 896 2917 1049 2974; x_wconf 36' lang='lat' dir='ltr'><strong>terrereris</strong></span> <span class='ocrx_word' id='word_1_473' title='bbox 1075 2917 1131 2973; x_wconf 88' lang='lat' dir='ltr'><strong>Sed</strong></span> <span class='ocrx_word' id='word_1_474' title='bbox 1160 2916 1314 2972; x_wconf 82' lang='lat' dir='ltr'><strong>cavendum</strong></span> <span class='ocrx_word' id='word_1_475' title='bbox 1346 2914 1457 2978; x_wconf 85' lang='lat' dir='ltr'><strong>sedulo,</strong></span> <span class='ocrx_word' id='word_1_476' title='bbox 1488 2931 1523 2969; x_wconf 89' lang='lat' dir='ltr'><strong>ne</strong></span> <span class='ocrx_word' id='word_1_477' title='bbox 1553 2912 1714 2967; x_wconf 89' lang='lat' dir='ltr'><strong>scandalum</strong></span> <span class='ocrx_word' id='word_1_478' title='bbox 1741 2912 1910 2983; x_wconf 85' lang='lat' dir='ltr'><strong>praebeatur</strong></span> 
     </span>
     <span class='ocr_line' id='line_1_33' title="bbox 216 2998 1909 3074; baseline -0.004 -16"><span class='ocrx_word' id='word_1_479' title='bbox 216 3005 310 3074; x_wconf 70' lang='lat' dir='ltr'><strong>loldped</strong></span> <span class='ocrx_word' id='word_1_480' title='bbox 340 3006 399 3074; x_wconf 69' lang='lat' dir='ltr'><strong>uod</strong></span> <span class='ocrx_word' id='word_1_481' title='bbox 424 3005 518 3073; x_wconf 69' lang='lat' dir='ltr'><strong>inlitu,</strong></span> <span class='ocrx_word' id='word_1_482' title='bbox 549 3004 603 3058; x_wconf 82' lang='lat' dir='ltr'><strong>turb</strong></span> <span class='ocrx_word' id='word_1_483' title='bbox 626 3005 670 3073; x_wconf 73' lang='lat' dir='ltr'><strong>lid)</strong></span> <span class='ocrx_word' id='word_1_484' title='bbox 697 3003 813 3074; x_wconf 63' lang='lat' dir='ltr'><strong>curtiliis,</strong></span> <span class='ocrx_word' id='word_1_485' title='bbox 837 3018 867 3072; x_wconf 61' lang='grc'><strong>111</strong></span> <span class='ocrx_word' id='word_1_486' title='bbox 886 3004 978 3071; x_wconf 74' lang='lat' dir='ltr'><strong>[ciuem</strong></span> <span class='ocrx_word' id='word_1_487' title='bbox 997 3003 1048 3058; x_wconf 74' lang='lat' dir='ltr'><strong>tlt·</strong></span> <span class='ocrx_word' id='word_1_488' title='bbox 1077 3003 1200 3072; x_wconf 89' lang='lat' dir='ltr'><strong>infirmis,</strong></span> <span class='ocrx_word' id='word_1_489' title='bbox 1221 3002 1295 3074; x_wconf 88' lang='lat' dir='ltr'><strong>quod</strong></span> <span class='ocrx_word' id='word_1_490' title='bbox 1311 3003 1356 3056; x_wconf 84' lang='lat' dir='ltr'><strong>vix</strong></span> <span class='ocrx_word' id='word_1_491' title='bbox 1373 2999 1532 3072; x_wconf 87' lang='lat' dir='ltr'><strong>praecaveri</strong></span> <span class='ocrx_word' id='word_1_492' title='bbox 1551 3005 1655 3068; x_wconf 86' lang='lat' dir='ltr'><strong>potest,</strong></span> <span class='ocrx_word' id='word_1_493' title='bbox 1675 2998 1699 3052; x_wconf 91' lang='lat' dir='ltr'><strong>si</strong></span> <span class='ocrx_word' id='word_1_494' title='bbox 1719 3003 1844 3068; x_wconf 87' lang='lat' dir='ltr'><strong>tempore</strong></span> <span class='ocrx_word' id='word_1_495' title='bbox 1862 3014 1909 3068; x_wconf 88' lang='lat' dir='ltr'><strong>pe·</strong></span> 
     </span>
     <span class='ocr_line' id='line_1_34' title="bbox 216 3083 1910 3160; baseline -0.004 -16"><span class='ocrx_word' id='word_1_496' title='bbox 216 3090 312 3158; x_wconf 71' lang='lat' dir='ltr'><strong>derben</strong></span> <span class='ocrx_word' id='word_1_497' title='bbox 338 3089 435 3158; x_wconf 68' lang='lat' dir='ltr'><strong>ididem</strong></span> <span class='ocrx_word' id='word_1_498' title='bbox 460 3089 536 3144; x_wconf 79' lang='lat' dir='ltr'><strong>lanu.</strong></span> <span class='ocrx_word' id='word_1_499' title='bbox 573 3089 734 3152; x_wconf 78' lang='lat' dir='ltr'><strong>Quaerere</strong></span> <span class='ocrx_word' id='word_1_500' title='bbox 756 3089 829 3143; x_wconf 87' lang='lat' dir='ltr'><strong>illius</strong></span> <span class='ocrx_word' id='word_1_501' title='bbox 854 3089 1049 3143; x_wconf 82' lang='lat' dir='ltr'><strong>admonitionis</strong></span> <span class='ocrx_word' id='word_1_502' title='bbox 1076 3090 1125 3145; x_wconf 90' lang='lat' dir='ltr'><strong>stis</strong></span> <span class='ocrx_word' id='word_1_503' title='bbox 1143 3091 1185 3145; x_wconf 92' lang='lat' dir='ltr'><strong>illi</strong></span> <span class='ocrx_word' id='word_1_504' title='bbox 1203 3088 1321 3160; x_wconf 82' lang='lat' dir='ltr'><strong>fugiant,</strong></span> <span class='ocrx_word' id='word_1_505' title='bbox 1339 3086 1534 3159; x_wconf 88' lang='lat' dir='ltr'><strong>quosrcliquia</strong></span> <span class='ocrx_word' id='word_1_506' title='bbox 1547 3083 1672 3154; x_wconf 83' lang='lat' dir='ltr'><strong>exemplo</strong></span> <span class='ocrx_word' id='word_1_507' title='bbox 1685 3100 1734 3137; x_wconf 91' lang='lat' dir='ltr'><strong>suo</strong></span> <span class='ocrx_word' id='word_1_508' title='bbox 1748 3083 1910 3154; x_wconf 85' lang='lat' dir='ltr'><strong>praelucere</strong></span> 
     </span>
     <span class='ocr_line' id='line_1_35' title="bbox 216 3168 1911 3244; baseline -0.003 -16"><span class='ocrx_word' id='word_1_509' title='bbox 216 3181 244 3228; x_wconf 90' lang='lat' dir='ltr'><strong>et</strong></span> <span class='ocrx_word' id='word_1_510' title='bbox 261 3172 458 3227; x_wconf 86' lang='lat' dir='ltr'><strong>consolationis</strong></span> <span class='ocrx_word' id='word_1_511' title='bbox 477 3173 629 3244; x_wconf 86' lang='lat' dir='ltr'><strong>praecipua</strong></span> <span class='ocrx_word' id='word_1_512' title='bbox 648 3174 769 3229; x_wconf 89' lang='lat' dir='ltr'><strong>debeant</strong></span> <span class='ocrx_word' id='word_1_513' title='bbox 786 3190 846 3228; x_wconf 87' lang='lat' dir='ltr'><strong>esse</strong></span> <span class='ocrx_word' id='word_1_514' title='bbox 864 3174 972 3243; x_wconf 85' lang='lat' dir='ltr'><strong>capite,</strong></span> <span class='ocrx_word' id='word_1_515' title='bbox 993 3173 1049 3228; x_wconf 88' lang='lat' dir='ltr'><strong>late</strong></span> <span class='ocrx_word' id='word_1_516' title='bbox 1076 3184 1104 3231; x_wconf 92' lang='lat' dir='ltr'><strong>et</strong></span> <span class='ocrx_word' id='word_1_517' title='bbox 1123 3175 1160 3230; x_wconf 89' lang='lat' dir='ltr'><strong>ad</strong></span> <span class='ocrx_word' id='word_1_518' title='bbox 1180 3174 1276 3241; x_wconf 89' lang='lat' dir='ltr'><strong>tidem,</strong></span> <span class='ocrx_word' id='word_1_519' title='bbox 1309 3173 1468 3235; x_wconf 84' lang='lat' dir='ltr'><strong>caritatem,</strong></span> <span class='ocrx_word' id='word_1_520' title='bbox 1496 3170 1674 3241; x_wconf 88' lang='lat' dir='ltr'><strong>patientiam,</strong></span> <span class='ocrx_word' id='word_1_521' title='bbox 1700 3168 1911 3225; x_wconf 87' lang='lat' dir='ltr'><strong>beneficentiam</strong></span> 
     </span>
     <span class='ocr_line' id='line_1_36' title="bbox 216 3255 1911 3329; baseline -0.003 -16"><span class='ocrx_word' id='word_1_522' title='bbox 216 3258 393 3328; x_wconf 86' lang='lat' dir='ltr'><strong>exposuimus</strong></span> <span class='ocrx_word' id='word_1_523' title='bbox 422 3258 449 3311; x_wconf 89' lang='lat' dir='ltr'><strong>in</strong></span> <span class='ocrx_word' id='word_1_524' title='bbox 483 3259 592 3315; x_wconf 89' lang='lat' dir='ltr'><strong>constit.</strong></span> <span class='ocrx_word' id='word_1_525' title='bbox 625 3259 692 3314; x_wconf 92' lang='lat' dir='ltr'><strong>eccl.</strong></span> <span class='ocrx_word' id='word_1_526' title='bbox 720 3259 757 3313; x_wconf 88' lang='lat' dir='ltr'><strong>ab</strong></span> <span class='ocrx_word' id='word_1_527' title='bbox 780 3259 866 3314; x_wconf 88' lang='lat' dir='ltr'><strong>illust.</strong></span> <span class='ocrx_word' id='word_1_528' title='bbox 892 3265 921 3312; x_wconf 90' lang='lat' dir='ltr'><strong>et</strong></span> <span class='ocrx_word' id='word_1_529' title='bbox 944 3259 1049 3313; x_wconf 88' lang='lat' dir='ltr'><strong>celsiss.</strong></span> <span class='ocrx_word' id='word_1_530' title='bbox 1076 3262 1145 3317; x_wconf 88' lang='lat' dir='ltr'><strong>alios</strong></span> <span class='ocrx_word' id='word_1_531' title='bbox 1163 3259 1300 3317; x_wconf 84' lang='lat' dir='ltr'><strong>exhortari</strong></span> <span class='ocrx_word' id='word_1_532' title='bbox 1318 3275 1438 3329; x_wconf 83' lang='lat' dir='ltr'><strong>aequum</strong></span> <span class='ocrx_word' id='word_1_533' title='bbox 1457 3264 1532 3327; x_wconf 85' lang='lat' dir='ltr'><strong>erat,</strong></span> <span class='ocrx_word' id='word_1_534' title='bbox 1561 3257 1668 3312; x_wconf 87' lang='lat' dir='ltr'><strong>etiamsi</strong></span> <span class='ocrx_word' id='word_1_535' title='bbox 1693 3256 1762 3311; x_wconf 89' lang='lat' dir='ltr'><strong>alios</strong></span> <span class='ocrx_word' id='word_1_536' title='bbox 1782 3255 1811 3309; x_wconf 93' lang='lat' dir='ltr'><strong>in</strong></span> <span class='ocrx_word' id='word_1_537' title='bbox 1831 3273 1911 3310; x_wconf 90' lang='lat' dir='ltr'><strong>suurn</strong></span> 
     </span>
     <span class='ocr_line' id='line_1_37' title="bbox 216 3341 1911 3415; baseline -0.002 -17"><span class='ocrx_word' id='word_1_538' title='bbox 216 3343 347 3415; x_wconf 88' lang='lat' dir='ltr'><strong>Principe</strong></span> <span class='ocrx_word' id='word_1_539' title='bbox 365 3361 398 3399; x_wconf 87' lang='lat' dir='ltr'><strong>ae</strong></span> <span class='ocrx_word' id='word_1_540' title='bbox 413 3342 540 3412; x_wconf 91' lang='lat' dir='ltr'><strong>Domino,</strong></span> <span class='ocrx_word' id='word_1_541' title='bbox 558 3343 678 3397; x_wconf 89' lang='lat' dir='ltr'><strong>Domino</strong></span> <span class='ocrx_word' id='word_1_542' title='bbox 690 3342 818 3398; x_wconf 88' lang='lat' dir='ltr'><strong>Johanue</strong></span> <span class='ocrx_word' id='word_1_543' title='bbox 830 3343 963 3399; x_wconf 84' lang='lat' dir='ltr'><strong>Caaimiro</strong></span> <span class='ocrx_word' id='word_1_544' title='bbox 980 3345 1050 3399; x_wconf 88' lang='lat' dir='ltr'><strong>duce</strong></span> <span class='ocrx_word' id='word_1_545' title='bbox 1076 3347 1167 3402; x_wconf 89' lang='lat' dir='ltr'><strong>locum</strong></span> <span class='ocrx_word' id='word_1_546' title='bbox 1194 3345 1379 3412; x_wconf 72' lang='lat' dir='ltr'><strong>substituant,</strong></span> <span class='ocrx_word' id='word_1_547' title='bbox 1404 3342 1513 3399; x_wconf 89' lang='lat' dir='ltr'><strong>interim</strong></span> <span class='ocrx_word' id='word_1_548' title='bbox 1537 3359 1592 3396; x_wconf 90' lang='lat' dir='ltr'><strong>non</strong></span> <span class='ocrx_word' id='word_1_549' title='bbox 1618 3343 1729 3396; x_wconf 90' lang='lat' dir='ltr'><strong>omnino</strong></span> <span class='ocrx_word' id='word_1_550' title='bbox 1754 3341 1911 3412; x_wconf 90' lang='lat' dir='ltr'><strong>improban-</strong></span> 
     </span>
     <span class='ocr_line' id='line_1_38' title="bbox 217 3428 1909 3501; baseline -0.002 -16"><span class='ocrx_word' id='word_1_551' title='bbox 217 3430 352 3485; x_wconf 87' lang='lat' dir='ltr'><strong>Saxoniae</strong></span> <span class='ocrx_word' id='word_1_552' title='bbox 368 3430 475 3485; x_wconf 90' lang='lat' dir='ltr'><strong>seniore</strong></span> <span class='ocrx_word' id='word_1_553' title='bbox 493 3435 545 3484; x_wconf 87' lang='lat' dir='ltr'><strong>etc.</strong></span> <span class='ocrx_word' id='word_1_554' title='bbox 565 3430 741 3499; x_wconf 88' lang='lat' dir='ltr'><strong>publicanda.</strong></span> <span class='ocrx_word' id='word_1_555' title='bbox 1078 3434 1143 3487; x_wconf 89' lang='lat' dir='ltr'><strong>dum</strong></span> <span class='ocrx_word' id='word_1_556' title='bbox 1166 3432 1291 3498; x_wconf 87' lang='lat' dir='ltr'><strong>videtur,</strong></span> <span class='ocrx_word' id='word_1_557' title='bbox 1320 3431 1344 3484; x_wconf 89' lang='lat' dir='ltr'><strong>si</strong></span> <span class='ocrx_word' id='word_1_558' title='bbox 1368 3447 1424 3501; x_wconf 88' lang='lat' dir='ltr'><strong>qua</strong></span> <span class='ocrx_word' id='word_1_559' title='bbox 1450 3429 1567 3485; x_wconf 87' lang='lat' dir='ltr'><strong>ecclesia</strong></span> <span class='ocrx_word' id='word_1_560' title='bbox 1586 3428 1718 3484; x_wconf 84' lang='lat' dir='ltr'><strong>ministris</strong></span> <span class='ocrx_word' id='word_1_561' title='bbox 1742 3429 1819 3483; x_wconf 87' lang='lat' dir='ltr'><strong>verbi</strong></span> <span class='ocrx_word' id='word_1_562' title='bbox 1838 3445 1909 3483; x_wconf 90' lang='lat' dir='ltr'><strong>com-</strong></span> 
     </span>
     <span class='ocr_line' id='line_1_39' title="bbox 252 3514 1910 3589; baseline -0.001 -17"><span class='ocrx_word' id='word_1_563' title='bbox 252 3522 310 3572; x_wconf 84' lang='lat'><strong>290.</strong></span> <span class='ocrx_word' id='word_1_564' title='bbox 352 3520 445 3586; x_wconf 84' lang='lat' dir='ltr'><strong>Atque</strong></span> <span class='ocrx_word' id='word_1_565' title='bbox 463 3515 532 3571; x_wconf 88' lang='lat' dir='ltr'><strong>haec</strong></span> <span class='ocrx_word' id='word_1_566' title='bbox 558 3522 623 3570; x_wconf 89' lang='lat' dir='ltr'><strong>sunt</strong></span> <span class='ocrx_word' id='word_1_567' title='bbox 650 3523 755 3587; x_wconf 90' lang='lat' dir='ltr'><strong>septem</strong></span> <span class='ocrx_word' id='word_1_568' title='bbox 782 3516 892 3586; x_wconf 89' lang='lat' dir='ltr'><strong>potiora</strong></span> <span class='ocrx_word' id='word_1_569' title='bbox 914 3517 1050 3571; x_wconf 89' lang='lat' dir='ltr'><strong>ministro·</strong></span> <span class='ocrx_word' id='word_1_570' title='bbox 1076 3518 1202 3589; x_wconf 92' lang='lat' dir='ltr'><strong>pluribus</strong></span> <span class='ocrx_word' id='word_1_571' title='bbox 1221 3517 1356 3574; x_wconf 70' lang='lat' dir='ltr'><strong>insuucta</strong></span> <span class='ocrx_word' id='word_1_572' title='bbox 1373 3515 1410 3570; x_wconf 84' lang='lat' dir='ltr'><strong>sit</strong></span> <span class='ocrx_word' id='word_1_573' title='bbox 1428 3522 1456 3571; x_wconf 92' lang='lat' dir='ltr'><strong>et</strong></span> <span class='ocrx_word' id='word_1_574' title='bbox 1475 3514 1621 3570; x_wconf 87' lang='lat' dir='ltr'><strong>conveniat</strong></span> <span class='ocrx_word' id='word_1_575' title='bbox 1647 3514 1718 3571; x_wconf 84' lang='lat' dir='ltr'><strong>inter</strong></span> <span class='ocrx_word' id='word_1_576' title='bbox 1738 3531 1785 3569; x_wconf 87' lang='lat' dir='ltr'><strong>eos</strong></span> <span class='ocrx_word' id='word_1_577' title='bbox 1803 3515 1910 3570; x_wconf 79' lang='lat' dir='ltr'><strong>uniret</strong></span> 
     </span>
     <span class='ocr_line' id='line_1_40' title="bbox 103 3600 1911 3676; baseline -0.002 -19"><span class='ocrx_word' id='word_1_578' title='bbox 103 3652 106 3657; x_wconf 88' lang='lat'><strong>.</strong></span> <span class='ocrx_word' id='word_1_579' title='bbox 217 3618 278 3654; x_wconf 90' lang='lat' dir='ltr'><strong>rum</strong></span> <span class='ocrx_word' id='word_1_580' title='bbox 295 3601 430 3656; x_wconf 88' lang='lat' dir='ltr'><strong>ecclesiae</strong></span> <span class='ocrx_word' id='word_1_581' title='bbox 447 3600 554 3672; x_wconf 84' lang='lat' dir='ltr'><strong>officia,</strong></span> <span class='ocrx_word' id='word_1_582' title='bbox 578 3602 613 3656; x_wconf 87' lang='lat' dir='ltr'><strong>ad</strong></span> <span class='ocrx_word' id='word_1_583' title='bbox 634 3619 706 3673; x_wconf 87' lang='lat' dir='ltr'><strong>quae</strong></span> <span class='ocrx_word' id='word_1_584' title='bbox 725 3601 832 3671; x_wconf 88' lang='lat' dir='ltr'><strong>reliqua</strong></span> <span class='ocrx_word' id='word_1_585' title='bbox 849 3602 992 3657; x_wconf 88' lang='lat' dir='ltr'><strong>commode</strong></span> <span class='ocrx_word' id='word_1_586' title='bbox 1010 3620 1050 3658; x_wconf 92' lang='lat' dir='ltr'><strong>re·</strong></span> <span class='ocrx_word' id='word_1_587' title='bbox 1077 3604 1203 3676; x_wconf 89' lang='lat' dir='ltr'><strong>pluribus</strong></span> <span class='ocrx_word' id='word_1_588' title='bbox 1224 3602 1345 3657; x_wconf 81' lang='lat' dir='ltr'><strong>officium</strong></span> <span class='ocrx_word' id='word_1_589' title='bbox 1363 3611 1492 3674; x_wconf 82' lang='lat' dir='ltr'><strong>aegrotos</strong></span> <span class='ocrx_word' id='word_1_590' title='bbox 1511 3600 1642 3655; x_wconf 86' lang='lat' dir='ltr'><strong>visitandi</strong></span> <span class='ocrx_word' id='word_1_591' title='bbox 1667 3601 1846 3669; x_wconf 87' lang='lat' dir='ltr'><strong>committere,</strong></span> <span class='ocrx_word' id='word_1_592' title='bbox 1867 3600 1911 3655; x_wconf 86' lang='lat' dir='ltr'><strong>vel</strong></span> 
     </span>
     <span class='ocr_line' id='line_1_41' title="bbox 216 3685 1911 3761; baseline 0.002 -22"><span class='ocrx_word' id='word_1_593' title='bbox 216 3685 282 3739; x_wconf 84' lang='lat' dir='ltr'><strong>ferri</strong></span> <span class='ocrx_word' id='word_1_594' title='bbox 301 3692 425 3756; x_wconf 89' lang='lat' dir='ltr'><strong>possunt.</strong></span> <span class='ocrx_word' id='word_1_595' title='bbox 456 3687 608 3757; x_wconf 84' lang='lat' dir='ltr'><strong>Apostolus</strong></span> <span class='ocrx_word' id='word_1_596' title='bbox 627 3705 660 3743; x_wconf 92' lang='lat' dir='ltr'><strong>ea</strong></span> <span class='ocrx_word' id='word_1_597' title='bbox 679 3688 772 3742; x_wconf 87' lang='lat' dir='ltr'><strong>omnia</strong></span> <span class='ocrx_word' id='word_1_598' title='bbox 798 3705 853 3742; x_wconf 91' lang='lat' dir='ltr'><strong>uno</strong></span> <span class='ocrx_word' id='word_1_599' title='bbox 875 3687 960 3743; x_wconf 85' lang='lat' dir='ltr'><strong>verbo</strong></span> <span class='ocrx_word' id='word_1_600' title='bbox 977 3705 1049 3742; x_wconf 90' lang='lat' dir='ltr'><strong>com·</strong></span> <span class='ocrx_word' id='word_1_601' title='bbox 1077 3690 1160 3745; x_wconf 89' lang='lat' dir='ltr'><strong>etiam</strong></span> <span class='ocrx_word' id='word_1_602' title='bbox 1180 3707 1265 3744; x_wconf 89' lang='lat' dir='ltr'><strong>unum</strong></span> <span class='ocrx_word' id='word_1_603' title='bbox 1283 3689 1328 3744; x_wconf 84' lang='lat' dir='ltr'><strong>vel</strong></span> <span class='ocrx_word' id='word_1_604' title='bbox 1346 3689 1454 3761; x_wconf 86' lang='lat' dir='ltr'><strong>plures,</strong></span> <span class='ocrx_word' id='word_1_605' title='bbox 1485 3705 1599 3760; x_wconf 90' lang='lat' dir='ltr'><strong>quorum</strong></span> <span class='ocrx_word' id='word_1_606' title='bbox 1619 3704 1704 3757; x_wconf 88' lang='lat' dir='ltr'><strong>opera</strong></span> <span class='ocrx_word' id='word_1_607' title='bbox 1720 3687 1853 3743; x_wconf 87' lang='lat' dir='ltr'><strong>ecclesiae</strong></span> <span class='ocrx_word' id='word_1_608' title='bbox 1871 3690 1911 3742; x_wconf 93' lang='lat' dir='ltr'><strong>in·</strong></span> 
     </span>
     <span class='ocr_line' id='line_1_42' title="bbox 217 3771 1909 3848; baseline 0.002 -24"><span class='ocrx_word' id='word_1_609' title='bbox 217 3772 347 3841; x_wconf 88' lang='lat' dir='ltr'><strong>plectitur</strong></span> <span class='ocrx_word' id='word_1_610' title='bbox 368 3779 389 3828; x_wconf 93' lang='lat' dir='ltr'><strong>l.</strong></span> <span class='ocrx_word' id='word_1_611' title='bbox 407 3771 469 3828; x_wconf 81' lang='lat' dir='ltr'><strong>Cor.</strong></span> <span class='ocrx_word' id='word_1_612' title='bbox 487 3779 517 3842; x_wconf 80' lang='lat' dir='ltr'><strong>t,</strong></span> <span class='ocrx_word' id='word_1_613' title='bbox 537 3792 561 3828; x_wconf 88' lang='lat' dir='ltr'><strong>v.</strong></span> <span class='ocrx_word' id='word_1_614' title='bbox 584 3780 612 3829; x_wconf 87' lang='lat' dir='ltr'><strong>l:</strong></span> <span class='ocrx_word' id='word_1_615' title='bbox 643 3775 692 3828; x_wconf 79' lang='lat' dir='ltr'><strong>Sic</strong></span> <span class='ocrx_word' id='word_1_616' title='bbox 708 3792 761 3829; x_wconf 79' lang='lat' dir='ltr'><strong>mos</strong></span> <span class='ocrx_word' id='word_1_617' title='bbox 780 3775 905 3828; x_wconf 81' lang='lat' dir='ltr'><strong>aestimet</strong></span> <span class='ocrx_word' id='word_1_618' title='bbox 922 3775 1003 3830; x_wconf 80' lang='lat' dir='ltr'><strong>horno</strong></span> <span class='ocrx_word' id='word_1_619' title='bbox 1021 3784 1051 3829; x_wconf 84' lang='lat' dir='ltr'><strong>oe</strong></span> <span class='ocrx_word' id='word_1_620' title='bbox 1077 3776 1193 3848; x_wconf 83' lang='lat' dir='ltr'><strong>signiter</strong></span> <span class='ocrx_word' id='word_1_621' title='bbox 1219 3775 1295 3829; x_wconf 91' lang='lat' dir='ltr'><strong>utilis</strong></span> <span class='ocrx_word' id='word_1_622' title='bbox 1314 3791 1373 3830; x_wconf 90' lang='lat' dir='ltr'><strong>esse</strong></span> <span class='ocrx_word' id='word_1_623' title='bbox 1393 3772 1493 3844; x_wconf 90' lang='lat' dir='ltr'><strong>possit,</strong></span> <span class='ocrx_word' id='word_1_624' title='bbox 1520 3790 1537 3828; x_wconf 89' lang='lat' dir='ltr'><strong>a</strong></span> <span class='ocrx_word' id='word_1_625' title='bbox 1563 3791 1592 3829; x_wconf 91' lang='lat' dir='ltr'><strong>se</strong></span> <span class='ocrx_word' id='word_1_626' title='bbox 1609 3774 1638 3827; x_wconf 92' lang='lat' dir='ltr'><strong>in</strong></span> <span class='ocrx_word' id='word_1_627' title='bbox 1657 3773 1720 3829; x_wconf 89' lang='lat' dir='ltr'><strong>loca</strong></span> <span class='ocrx_word' id='word_1_628' title='bbox 1736 3780 1798 3828; x_wconf 87' lang='lat' dir='ltr'><strong>tuta</strong></span> <span class='ocrx_word' id='word_1_629' title='bbox 1818 3775 1909 3829; x_wconf 88' lang='lat' dir='ltr'><strong>dimit·</strong></span> 
     </span>
     <span class='ocr_line' id='line_1_43' title="bbox 217 3858 1912 3931; baseline 0.002 -22"><span class='ocrx_word' id='word_1_630' title='bbox 217 3859 360 3911; x_wconf 83' lang='lat' dir='ltr'><strong>ms&#39;ns&#39;stros</strong></span> <span class='ocrx_word' id='word_1_631' title='bbox 380 3858 488 3912; x_wconf 76' lang='lat' dir='ltr'><strong>Christi</strong></span> <span class='ocrx_word' id='word_1_632' title='bbox 506 3867 531 3913; x_wconf 87' lang='lat' dir='ltr'><strong>et</strong></span> <span class='ocrx_word' id='word_1_633' title='bbox 549 3860 758 3928; x_wconf 49' lang='lat' dir='ltr'><strong>‹lamemotorcs</strong></span> <span class='ocrx_word' id='word_1_634' title='bbox 771 3861 964 3928; x_wconf 75' lang='lat' dir='ltr'><strong>mysteriorum</strong></span> <span class='ocrx_word' id='word_1_635' title='bbox 976 3862 1035 3916; x_wconf 83' lang='lat' dir='ltr'><strong>Dei</strong></span> <span class='ocrx_word' id='word_1_636' title='bbox 1038 3883 1049 3931; x_wconf 90' lang='lat'><strong>,·</strong></span> <span class='ocrx_word' id='word_1_637' title='bbox 1076 3869 1142 3918; x_wconf 85' lang='lat' dir='ltr'><strong>tere.</strong></span> <span class='ocrx_word' id='word_1_638' title='bbox 1168 3862 1196 3895; x_wconf 67' lang='lat'><strong>&#39;³‘</strong></span> <span class='ocrx_word' id='word_1_639' title='bbox 1204 3860 1260 3914; x_wconf 85' lang='lat' dir='ltr'><strong>Alii</strong></span> <span class='ocrx_word' id='word_1_640' title='bbox 1281 3861 1321 3914; x_wconf 86' lang='lat' dir='ltr'><strong>sic</strong></span> <span class='ocrx_word' id='word_1_641' title='bbox 1339 3860 1507 3930; x_wconf 87' lang='lat' dir='ltr'><strong>procedunt:</strong></span> <span class='ocrx_word' id='word_1_642' title='bbox 1529 3859 1610 3922; x_wconf 81' lang='lat' dir='ltr'><strong>Quod</strong></span> <span class='ocrx_word' id='word_1_643' title='bbox 1626 3878 1682 3914; x_wconf 81' lang='lat' dir='ltr'><strong>aon</strong></span> <span class='ocrx_word' id='word_1_644' title='bbox 1699 3861 1782 3913; x_wconf 80' lang='lat' dir='ltr'><strong>liceat</strong></span> <span class='ocrx_word' id='word_1_645' title='bbox 1796 3861 1912 3929; x_wconf 79' lang='lat' dir='ltr'><strong>pastori</strong></span> 
     </span>
     <span class='ocr_line' id='line_1_44' title="bbox 217 3945 1910 4016; baseline 0.001 -17"><span class='ocrx_word' id='word_1_646' title='bbox 217 3963 243 3999; x_wconf 86' lang='lat' dir='ltr'><strong>v.</strong></span> <span class='ocrx_word' id='word_1_647' title='bbox 264 3949 288 3999; x_wconf 82' lang='lat'><strong>2.</strong></span> <span class='ocrx_word' id='word_1_648' title='bbox 301 3945 367 4013; x_wconf 86' lang='lat' dir='ltr'><strong>jam</strong></span> <span class='ocrx_word' id='word_1_649' title='bbox 385 3962 449 3998; x_wconf 86' lang='lat' dir='ltr'><strong>vero</strong></span> <span class='ocrx_word' id='word_1_650' title='bbox 468 3947 500 3998; x_wconf 82' lang='lat' dir='ltr'><strong>id</strong></span> <span class='ocrx_word' id='word_1_651' title='bbox 518 3963 603 3998; x_wconf 82' lang='lat' dir='ltr'><strong>unum</strong></span> <span class='ocrx_word' id='word_1_652' title='bbox 629 3946 774 4013; x_wconf 76' lang='lat' dir='ltr'><strong>quaeritur</strong></span> <span class='ocrx_word' id='word_1_653' title='bbox 798 3947 828 3998; x_wconf 75' lang='lat' dir='ltr'><strong>io</strong></span> <span class='ocrx_word' id='word_1_654' title='bbox 847 3947 1049 4016; x_wconf 81' lang='lat' dir='ltr'><strong>dispensatori·</strong></span> <span class='ocrx_word' id='word_1_655' title='bbox 1076 3949 1120 4001; x_wconf 83' lang='lat' dir='ltr'><strong>oel</strong></span> <span class='ocrx_word' id='word_1_656' title='bbox 1137 3962 1232 4000; x_wconf 84' lang='lat' dir='ltr'><strong>omnes</strong></span> <span class='ocrx_word' id='word_1_657' title='bbox 1247 3946 1290 3999; x_wconf 86' lang='lat' dir='ltr'><strong>oei</strong></span> <span class='ocrx_word' id='word_1_658' title='bbox 1311 3947 1424 4016; x_wconf 82' lang='lat' dir='ltr'><strong>aliqrsos</strong></span> <span class='ocrx_word' id='word_1_659' title='bbox 1449 3946 1570 3999; x_wconf 77' lang='lat' dir='ltr'><strong>merseris</strong></span> <span class='ocrx_word' id='word_1_660' title='bbox 1597 3946 1644 3998; x_wconf 80' lang='lat' dir='ltr'><strong>sui</strong></span> <span class='ocrx_word' id='word_1_661' title='bbox 1663 3955 1760 4015; x_wconf 83' lang='lat' dir='ltr'><strong>portes</strong></span> <span class='ocrx_word' id='word_1_662' title='bbox 1786 3954 1910 4016; x_wconf 82' lang='lat' dir='ltr'><strong>tempore</strong></span> 
     </span>
     <span class='ocr_line' id='line_1_45' title="bbox 218 4031 1911 4114; baseline 0.003 -32"><span class='ocrx_word' id='word_1_663' title='bbox 218 4031 281 4096; x_wconf 83' lang='lat' dir='ltr'><strong>bus,</strong></span> <span class='ocrx_word' id='word_1_664' title='bbox 298 4039 337 4114; x_wconf 85' lang='lat' dir='ltr'><strong>¹ut</strong></span> <span class='ocrx_word' id='word_1_665' title='bbox 363 4031 458 4094; x_wconf 71' lang='lat' dir='ltr'><strong>fidelos</strong></span> <span class='ocrx_word' id='word_1_666' title='bbox 481 4032 543 4099; x_wconf 79' lang='lat' dir='ltr'><strong>quia</strong></span> <span class='ocrx_word' id='word_1_667' title='bbox 568 4031 736 4084; x_wconf 76' lang='lat' dir='ltr'><strong>invenimur.</strong></span> <span class='ocrx_word' id='word_1_668' title='bbox 773 4031 902 4096; x_wconf 83' lang='lat' dir='ltr'><strong>Quinimo</strong></span> <span class='ocrx_word' id='word_1_669' title='bbox 929 4032 1050 4088; x_wconf 88' lang='lat' dir='ltr'><strong>fidelitas</strong></span> <span class='ocrx_word' id='word_1_670' title='bbox 1073 4034 1162 4103; x_wconf 77' lang='lat' dir='ltr'><strong>pestis</strong></span> <span class='ocrx_word' id='word_1_671' title='bbox 1190 4031 1371 4085; x_wconf 72' lang='lat' dir='ltr'><strong>trasmittere</strong></span> <span class='ocrx_word' id='word_1_672' title='bbox 1399 4038 1425 4085; x_wconf 88' lang='lat' dir='ltr'><strong>et</strong></span> <span class='ocrx_word' id='word_1_673' title='bbox 1449 4048 1546 4086; x_wconf 70' lang='lat' dir='ltr'><strong>mum</strong></span> <span class='ocrx_word' id='word_1_674' title='bbox 1576 4049 1673 4084; x_wconf 82' lang='lat' dir='ltr'><strong>esrum</strong></span> <span class='ocrx_word' id='word_1_675' title='bbox 1700 4032 1800 4100; x_wconf 82' lang='lat' dir='ltr'><strong>alteri,</strong></span> <span class='ocrx_word' id='word_1_676' title='bbox 1831 4050 1911 4102; x_wconf 78' lang='lat' dir='ltr'><strong>quem</strong></span> 
     </span>
     <span class='ocr_line' id='line_1_46' title="bbox 217 4114 1911 4189; baseline 0.003 -21"><span class='ocrx_word' id='word_1_677' title='bbox 217 4115 266 4170; x_wconf 91' lang='lat' dir='ltr'><strong>illa</strong></span> <span class='ocrx_word' id='word_1_678' title='bbox 284 4132 339 4169; x_wconf 93' lang='lat' dir='ltr'><strong>non</strong></span> <span class='ocrx_word' id='word_1_679' title='bbox 359 4115 446 4169; x_wconf 86' lang='lat' dir='ltr'><strong>solum</strong></span> <span class='ocrx_word' id='word_1_680' title='bbox 467 4132 500 4171; x_wconf 90' lang='lat' dir='ltr'><strong>ea</strong></span> <span class='ocrx_word' id='word_1_681' title='bbox 518 4114 602 4169; x_wconf 85' lang='lat' dir='ltr'><strong>officii</strong></span> <span class='ocrx_word' id='word_1_682' title='bbox 620 4114 729 4184; x_wconf 90' lang='lat' dir='ltr'><strong>munia,</strong></span> <span class='ocrx_word' id='word_1_683' title='bbox 748 4131 819 4185; x_wconf 90' lang='lat' dir='ltr'><strong>quae</strong></span> <span class='ocrx_word' id='word_1_684' title='bbox 837 4116 866 4170; x_wconf 90' lang='lat' dir='ltr'><strong>in</strong></span> <span class='ocrx_word' id='word_1_685' title='bbox 884 4119 1049 4187; x_wconf 89' lang='lat' dir='ltr'><strong>praeceden-</strong></span> <span class='ocrx_word' id='word_1_686' title='bbox 1074 4118 1291 4189; x_wconf 67' lang='lat' dir='ltr'><strong>penitentialem</strong></span> <span class='ocrx_word' id='word_1_687' title='bbox 1326 4124 1440 4182; x_wconf 82' lang='lat' dir='ltr'><strong>uocant,</strong></span> <span class='ocrx_word' id='word_1_688' title='bbox 1483 4118 1704 4170; x_wconf 79' lang='lat' dir='ltr'><strong>commendando</strong></span> <span class='ocrx_word' id='word_1_689' title='bbox 1736 4120 1911 4187; x_wconf 78' lang='lat' dir='ltr'><strong>permittere,</strong></span> 
     </span>
     <span class='ocr_line' id='line_1_47' title="bbox 128 4198 1911 4276; baseline 0.003 -22"><span class='ocrx_word' id='word_1_690' title='bbox 128 4198 132 4211; x_wconf 87' lang='grc'><strong>“</strong></span> <span class='ocrx_word' id='word_1_691' title='bbox 218 4201 292 4255; x_wconf 86' lang='lat' dir='ltr'><strong>tibus</strong></span> <span class='ocrx_word' id='word_1_692' title='bbox 310 4201 519 4271; x_wconf 85' lang='lat' dir='ltr'><strong>expositasunt,</strong></span> <span class='ocrx_word' id='word_1_693' title='bbox 536 4201 711 4271; x_wconf 88' lang='lat' dir='ltr'><strong>aedinauper</strong></span> <span class='ocrx_word' id='word_1_694' title='bbox 729 4201 810 4256; x_wconf 87' lang='lat' dir='ltr'><strong>etiam</strong></span> <span class='ocrx_word' id='word_1_695' title='bbox 829 4203 884 4256; x_wconf 87' lang='lat' dir='ltr'><strong>duo</strong></span> <span class='ocrx_word' id='word_1_696' title='bbox 903 4203 959 4259; x_wconf 84' lang='lat' dir='ltr'><strong>alia</strong></span> <span class='ocrx_word' id='word_1_697' title='bbox 977 4221 1049 4258; x_wconf 88' lang='lat' dir='ltr'><strong>com·</strong></span> <span class='ocrx_word' id='word_1_698' title='bbox 1076 4205 1209 4276; x_wconf 89' lang='lat' dir='ltr'><strong>probatur</strong></span> <span class='ocrx_word' id='word_1_699' title='bbox 1239 4210 1258 4258; x_wconf 85' lang='lat' dir='ltr'><strong>l.</strong></span> <span class='ocrx_word' id='word_1_700' title='bbox 1287 4221 1320 4256; x_wconf 80' lang='lat' dir='ltr'><strong>ce</strong></span> <span class='ocrx_word' id='word_1_701' title='bbox 1341 4203 1507 4272; x_wconf 67' lang='lat' dir='ltr'><strong>Scripturas</strong></span> <span class='ocrx_word' id='word_1_702' title='bbox 1534 4204 1626 4256; x_wconf 82' lang='lat' dir='ltr'><strong>dictis.</strong></span> <span class='ocrx_word' id='word_1_703' title='bbox 1653 4203 1753 4258; x_wconf 80' lang='lat' dir='ltr'><strong>Erech.</strong></span> <span class='ocrx_word' id='word_1_704' title='bbox 1772 4210 1803 4268; x_wconf 89' lang='grc'><strong>3,</strong></span> <span class='ocrx_word' id='word_1_705' title='bbox 1822 4223 1848 4261; x_wconf 88' lang='lat' dir='ltr'><strong>v.</strong></span> <span class='ocrx_word' id='word_1_706' title='bbox 1870 4211 1911 4260; x_wconf 84' lang='lat' dir='ltr'><strong>tl.</strong></span> 
     </span>
     <span class='ocr_line' id='line_1_48' title="bbox 218 4285 1910 4359; baseline 0.003 -19"><span class='ocrx_word' id='word_1_707' title='bbox 218 4287 356 4356; x_wconf 87' lang='lat' dir='ltr'><strong>plectitur,</strong></span> <span class='ocrx_word' id='word_1_708' title='bbox 376 4285 507 4340; x_wconf 78' lang='lat' dir='ltr'><strong>videlicet</strong></span> <span class='ocrx_word' id='word_1_709' title='bbox 524 4287 612 4356; x_wconf 90' lang='lat' dir='ltr'><strong>primo</strong></span> <span class='ocrx_word' id='word_1_710' title='bbox 631 4288 660 4339; x_wconf 81' lang='lat' dir='ltr'><strong>in</strong></span> <span class='ocrx_word' id='word_1_711' title='bbox 678 4288 822 4342; x_wconf 85' lang='lat' dir='ltr'><strong>vocatione</strong></span> <span class='ocrx_word' id='word_1_712' title='bbox 842 4289 966 4356; x_wconf 79' lang='lat' dir='ltr'><strong>lepitimo</strong></span> <span class='ocrx_word' id='word_1_713' title='bbox 985 4309 1049 4345; x_wconf 83' lang='lat' dir='ltr'><strong>coo·</strong></span> <span class='ocrx_word' id='word_1_714' title='bbox 1077 4292 1170 4344; x_wconf 83' lang='lat' dir='ltr'><strong>Actor.</strong></span> <span class='ocrx_word' id='word_1_715' title='bbox 1190 4296 1230 4359; x_wconf 78' lang='lat'><strong>20,</strong></span> <span class='ocrx_word' id='word_1_716' title='bbox 1249 4307 1275 4343; x_wconf 89' lang='lat' dir='ltr'><strong>v.</strong></span> <span class='ocrx_word' id='word_1_717' title='bbox 1296 4294 1336 4346; x_wconf 79' lang='lat'><strong>28.</strong></span> <span class='ocrx_word' id='word_1_718' title='bbox 1363 4289 1450 4345; x_wconf 88' lang='lat' dir='ltr'><strong>Hebr.</strong></span> <span class='ocrx_word' id='word_1_719' title='bbox 1471 4294 1516 4356; x_wconf 88' lang='lat'><strong>13,</strong></span> <span class='ocrx_word' id='word_1_720' title='bbox 1537 4306 1561 4344; x_wconf 76' lang='lat' dir='ltr'><strong>r.</strong></span> <span class='ocrx_word' id='word_1_721' title='bbox 1586 4295 1625 4344; x_wconf 82' lang='lat' dir='ltr'><strong>ll.</strong></span> <span class='ocrx_word' id='word_1_722' title='bbox 1661 4288 1715 4353; x_wconf 82' lang='lat' dir='ltr'><strong>Qui</strong></span> <span class='ocrx_word' id='word_1_723' title='bbox 1736 4289 1806 4344; x_wconf 86' lang='lat' dir='ltr'><strong>citra</strong></span> <span class='ocrx_word' id='word_1_724' title='bbox 1823 4291 1910 4345; x_wconf 86' lang='lat' dir='ltr'><strong>ullam</strong></span> 
     </span>
     <span class='ocr_line' id='line_1_49' title="bbox 216 4370 1910 4447; baseline 0.004 -22"><span class='ocrx_word' id='word_1_725' title='bbox 216 4374 364 4440; x_wconf 79' lang='lat' dir='ltr'><strong>stantiam,</strong></span> <span class='ocrx_word' id='word_1_726' title='bbox 397 4387 433 4425; x_wconf 90' lang='lat' dir='ltr'><strong>ne</strong></span> <span class='ocrx_word' id='word_1_727' title='bbox 465 4370 571 4426; x_wconf 90' lang='lat' dir='ltr'><strong>scilicet</strong></span> <span class='ocrx_word' id='word_1_728' title='bbox 601 4371 751 4427; x_wconf 87' lang='lat' dir='ltr'><strong>desultoria</strong></span> <span class='ocrx_word' id='word_1_729' title='bbox 779 4374 898 4444; x_wconf 86' lang='lat' dir='ltr'><strong>quadam</strong></span> <span class='ocrx_word' id='word_1_730' title='bbox 936 4375 1050 4432; x_wconf 87' lang='lat' dir='ltr'><strong>levitate</strong></span> <span class='ocrx_word' id='word_1_731' title='bbox 1076 4376 1260 4431; x_wconf 89' lang='lat' dir='ltr'><strong>conditionem</strong></span> <span class='ocrx_word' id='word_1_732' title='bbox 1279 4375 1411 4446; x_wconf 89' lang='lat' dir='ltr'><strong>temporis</strong></span> <span class='ocrx_word' id='word_1_733' title='bbox 1432 4374 1578 4443; x_wconf 87' lang='lat' dir='ltr'><strong>periculosi</strong></span> <span class='ocrx_word' id='word_1_734' title='bbox 1598 4374 1741 4429; x_wconf 87' lang='lat' dir='ltr'><strong>constituti</strong></span> <span class='ocrx_word' id='word_1_735' title='bbox 1763 4382 1829 4431; x_wconf 89' lang='lat' dir='ltr'><strong>sunt</strong></span> <span class='ocrx_word' id='word_1_736' title='bbox 1848 4395 1910 4447; x_wconf 75' lang='lat' dir='ltr'><strong>gre·</strong></span> 
     </span>
     <span class='ocr_line' id='line_1_50' title="bbox 216 4456 1911 4533; baseline 0.004 -22"><span class='ocrx_word' id='word_1_737' title='bbox 216 4457 340 4511; x_wconf 89' lang='lat' dir='ltr'><strong>minister</strong></span> <span class='ocrx_word' id='word_1_738' title='bbox 358 4456 490 4512; x_wconf 88' lang='lat' dir='ltr'><strong>ecclesiae</strong></span> <span class='ocrx_word' id='word_1_739' title='bbox 510 4456 604 4511; x_wconf 85' lang='lat' dir='ltr'><strong>officia</strong></span> <span class='ocrx_word' id='word_1_740' title='bbox 621 4457 808 4513; x_wconf 85' lang='lat' dir='ltr'><strong>ecclesiastica</strong></span> <span class='ocrx_word' id='word_1_741' title='bbox 824 4467 976 4532; x_wconf 89' lang='lat' dir='ltr'><strong>permutet,</strong></span> <span class='ocrx_word' id='word_1_742' title='bbox 1000 4465 1049 4518; x_wconf 90' lang='lat' dir='ltr'><strong>sed</strong></span> <span class='ocrx_word' id='word_1_743' title='bbox 1076 4463 1120 4533; x_wconf 85' lang='lat' dir='ltr'><strong>gis</strong></span> <span class='ocrx_word' id='word_1_744' title='bbox 1140 4461 1276 4516; x_wconf 89' lang='lat' dir='ltr'><strong>Dominici</strong></span> <span class='ocrx_word' id='word_1_745' title='bbox 1298 4467 1435 4532; x_wconf 89' lang='lat' dir='ltr'><strong>pastores,</strong></span> <span class='ocrx_word' id='word_1_746' title='bbox 1460 4475 1506 4514; x_wconf 90' lang='lat' dir='ltr'><strong>eos</strong></span> <span class='ocrx_word' id='word_1_747' title='bbox 1527 4467 1635 4531; x_wconf 90' lang='lat' dir='ltr'><strong>oportet</strong></span> <span class='ocrx_word' id='word_1_748' title='bbox 1655 4461 1724 4515; x_wconf 90' lang='lat' dir='ltr'><strong>citra</strong></span> <span class='ocrx_word' id='word_1_749' title='bbox 1743 4462 1828 4516; x_wconf 88' lang='lat' dir='ltr'><strong>ullam</strong></span> <span class='ocrx_word' id='word_1_750' title='bbox 1846 4479 1911 4517; x_wconf 89' lang='lat' dir='ltr'><strong>con·</strong></span> 
     </span>
     <span class='ocr_line' id='line_1_51' title="bbox 216 4543 1912 4620; baseline 0.005 -25"><span class='ocrx_word' id='word_1_751' title='bbox 216 4544 245 4596; x_wconf 92' lang='lat' dir='ltr'><strong>in</strong></span> <span class='ocrx_word' id='word_1_752' title='bbox 271 4543 414 4598; x_wconf 84' lang='lat' dir='ltr'><strong>vocatione</strong></span> <span class='ocrx_word' id='word_1_753' title='bbox 439 4560 506 4610; x_wconf 88' lang='lat' dir='ltr'><strong>sua,</strong></span> <span class='ocrx_word' id='word_1_754' title='bbox 536 4543 572 4597; x_wconf 89' lang='lat' dir='ltr'><strong>ad</strong></span> <span class='ocrx_word' id='word_1_755' title='bbox 600 4560 683 4614; x_wconf 90' lang='lat' dir='ltr'><strong>quam</strong></span> <span class='ocrx_word' id='word_1_756' title='bbox 709 4543 840 4601; x_wconf 84' lang='lat' dir='ltr'><strong>divinitus</strong></span> <span class='ocrx_word' id='word_1_757' title='bbox 866 4548 1002 4605; x_wconf 88' lang='lat' dir='ltr'><strong>adscitum</strong></span> <span class='ocrx_word' id='word_1_758' title='bbox 1020 4568 1049 4605; x_wconf 88' lang='lat' dir='ltr'><strong>se</strong></span> <span class='ocrx_word' id='word_1_759' title='bbox 1077 4548 1207 4602; x_wconf 89' lang='lat' dir='ltr'><strong>ditionem</strong></span> <span class='ocrx_word' id='word_1_760' title='bbox 1232 4552 1281 4602; x_wconf 89' lang='lat' dir='ltr'><strong>aut</strong></span> <span class='ocrx_word' id='word_1_761' title='bbox 1299 4547 1487 4617; x_wconf 80' lang='lat' dir='ltr'><strong>exceptionem</strong></span> <span class='ocrx_word' id='word_1_762' title='bbox 1514 4564 1708 4618; x_wconf 86' lang='lat' dir='ltr'><strong>quamcunque</strong></span> <span class='ocrx_word' id='word_1_763' title='bbox 1732 4548 1771 4604; x_wconf 88' lang='lat' dir='ltr'><strong>itu</strong></span> <span class='ocrx_word' id='word_1_764' title='bbox 1795 4549 1912 4620; x_wconf 81' lang='lat' dir='ltr'><strong>vigilare</strong></span> 
     </span>
     <span class='ocr_line' id='line_1_52' title="bbox 216 4628 1912 4704; baseline 0.004 -22"><span class='ocrx_word' id='word_1_765' title='bbox 216 4646 277 4683; x_wconf 89' lang='lat' dir='ltr'><strong>esse</strong></span> <span class='ocrx_word' id='word_1_766' title='bbox 288 4629 400 4700; x_wconf 76' lang='lat' dir='ltr'><strong>cogitet,</strong></span> <span class='ocrx_word' id='word_1_767' title='bbox 413 4637 588 4701; x_wconf 81' lang='lat' dir='ltr'><strong>permaneat3</strong></span> <span class='ocrx_word' id='word_1_768' title='bbox 606 4628 707 4684; x_wconf 90' lang='lat' dir='ltr'><strong>deinde</strong></span> <span class='ocrx_word' id='word_1_769' title='bbox 722 4632 843 4686; x_wconf 72' lang='lat' dir='ltr'><strong>altorem</strong></span> <span class='ocrx_word' id='word_1_770' title='bbox 858 4635 1049 4689; x_wconf 76' lang='lat' dir='ltr'><strong>ministrorum</strong></span> <span class='ocrx_word' id='word_1_771' title='bbox 1076 4651 1125 4704; x_wconf 90' lang='lat' dir='ltr'><strong>pro</strong></span> <span class='ocrx_word' id='word_1_772' title='bbox 1143 4633 1288 4688; x_wconf 87' lang='lat' dir='ltr'><strong>animabus</strong></span> <span class='ocrx_word' id='word_1_773' title='bbox 1307 4633 1428 4686; x_wconf 88' lang='lat' dir='ltr'><strong>omnium</strong></span> <span class='ocrx_word' id='word_1_774' title='bbox 1443 4649 1553 4687; x_wconf 89' lang='lat' dir='ltr'><strong>suorum</strong></span> <span class='ocrx_word' id='word_1_775' title='bbox 1568 4635 1734 4702; x_wconf 90' lang='lat' dir='ltr'><strong>auditorum,</strong></span> <span class='ocrx_word' id='word_1_776' title='bbox 1755 4641 1786 4689; x_wconf 93' lang='lat' dir='ltr'><strong>ut</strong></span> <span class='ocrx_word' id='word_1_777' title='bbox 1803 4635 1912 4704; x_wconf 90' lang='lat' dir='ltr'><strong>possint</strong></span> 
     </span>
     <span class='ocr_line' id='line_1_53' title="bbox 215 4714 1911 4788; baseline 0.006 -22"><span class='ocrx_word' id='word_1_778' title='bbox 215 4716 454 4788; x_wconf 74' lang='lat' dir='ltr'><strong>srsrroputs&#39;oaem,</strong></span> <span class='ocrx_word' id='word_1_779' title='bbox 480 4733 543 4770; x_wconf 92' lang='lat' dir='ltr'><strong>cum</strong></span> <span class='ocrx_word' id='word_1_780' title='bbox 570 4714 642 4771; x_wconf 89' lang='lat' dir='ltr'><strong>enim</strong></span> <span class='ocrx_word' id='word_1_781' title='bbox 666 4715 797 4770; x_wconf 87' lang='lat' dir='ltr'><strong>ministris</strong></span> <span class='ocrx_word' id='word_1_782' title='bbox 828 4720 961 4776; x_wconf 86' lang='lat' dir='ltr'><strong>ecclesiae</strong></span> <span class='ocrx_word' id='word_1_783' title='bbox 986 4740 1048 4776; x_wconf 90' lang='lat' dir='ltr'><strong>cum</strong></span> <span class='ocrx_word' id='word_1_784' title='bbox 1076 4720 1137 4775; x_wconf 89' lang='lat' dir='ltr'><strong>Deo</strong></span> <span class='ocrx_word' id='word_1_785' title='bbox 1155 4719 1289 4773; x_wconf 89' lang='lat' dir='ltr'><strong>rationem</strong></span> <span class='ocrx_word' id='word_1_786' title='bbox 1307 4717 1350 4772; x_wconf 88' lang='lat' dir='ltr'><strong>sui</strong></span> <span class='ocrx_word' id='word_1_787' title='bbox 1369 4717 1452 4772; x_wconf 84' lang='lat' dir='ltr'><strong>officii</strong></span> <span class='ocrx_word' id='word_1_788' title='bbox 1479 4735 1512 4773; x_wconf 88' lang='lat' dir='ltr'><strong>eo</strong></span> <span class='ocrx_word' id='word_1_789' title='bbox 1537 4720 1619 4775; x_wconf 93' lang='lat' dir='ltr'><strong>modo</strong></span> <span class='ocrx_word' id='word_1_790' title='bbox 1639 4720 1822 4775; x_wconf 82' lang='lat' dir='ltr'><strong>administrati</strong></span> <span class='ocrx_word' id='word_1_791' title='bbox 1850 4722 1911 4776; x_wconf 88' lang='lat' dir='ltr'><strong>red-</strong></span> 
     </span>
     <span class='ocr_line' id='line_1_54' title="bbox 216 4799 1910 4878; baseline 0.006 -26"><span class='ocrx_word' id='word_1_792' title='bbox 216 4799 329 4869; x_wconf 86' lang='lat' dir='ltr'><strong>reliqnis</strong></span> <span class='ocrx_word' id='word_1_793' title='bbox 348 4800 507 4856; x_wconf 90' lang='lat' dir='ltr'><strong>hominibus</strong></span> <span class='ocrx_word' id='word_1_794' title='bbox 525 4801 678 4857; x_wconf 87' lang='lat' dir='ltr'><strong>mortalitas</strong></span> <span class='ocrx_word' id='word_1_795' title='bbox 697 4804 849 4858; x_wconf 91' lang='lat' dir='ltr'><strong>communis</strong></span> <span class='ocrx_word' id='word_1_796' title='bbox 868 4805 912 4874; x_wconf 91' lang='lat' dir='ltr'><strong>sit,</strong></span> <span class='ocrx_word' id='word_1_797' title='bbox 932 4824 965 4861; x_wconf 90' lang='lat' dir='ltr'><strong>ac</strong></span> <span class='ocrx_word' id='word_1_798' title='bbox 985 4808 1049 4862; x_wconf 90' lang='lat' dir='ltr'><strong>sub·</strong></span> <span class='ocrx_word' id='word_1_799' title='bbox 1076 4807 1149 4875; x_wconf 87' lang='lat' dir='ltr'><strong>dere,</strong></span> <span class='ocrx_word' id='word_1_800' title='bbox 1167 4805 1398 4877; x_wconf 88' lang='lat' dir='ltr'><strong>quemadmodum</strong></span> <span class='ocrx_word' id='word_1_801' title='bbox 1417 4804 1487 4859; x_wconf 90' lang='lat' dir='ltr'><strong>illud</strong></span> <span class='ocrx_word' id='word_1_802' title='bbox 1499 4815 1674 4878; x_wconf 82' lang='lat' dir='ltr'><strong>acceperuut.</strong></span> <span class='ocrx_word' id='word_1_803' title='bbox 1698 4806 1800 4862; x_wconf 90' lang='lat' dir='ltr'><strong>Omnes</strong></span> <span class='ocrx_word' id='word_1_804' title='bbox 1818 4816 1910 4877; x_wconf 88' lang='lat' dir='ltr'><strong>pasto·</strong></span> 
     </span>
     <span class='ocr_line' id='line_1_55' title="bbox 215 4885 1910 4964; baseline 0.006 -27"><span class='ocrx_word' id='word_1_805' title='bbox 215 4885 280 4940; x_wconf 90' lang='lat' dir='ltr'><strong>inde</strong></span> <span class='ocrx_word' id='word_1_806' title='bbox 297 4901 347 4955; x_wconf 90' lang='lat' dir='ltr'><strong>per</strong></span> <span class='ocrx_word' id='word_1_807' title='bbox 358 4885 469 4942; x_wconf 88' lang='lat' dir='ltr'><strong>beatum</strong></span> <span class='ocrx_word' id='word_1_808' title='bbox 488 4887 611 4943; x_wconf 85' lang='lat' dir='ltr'><strong>fidelium</strong></span> <span class='ocrx_word' id='word_1_809' title='bbox 627 4887 812 4944; x_wconf 90' lang='lat' dir='ltr'><strong>ministrorum</strong></span> <span class='ocrx_word' id='word_1_810' title='bbox 831 4890 938 4946; x_wconf 90' lang='lat' dir='ltr'><strong>obitum</strong></span> <span class='ocrx_word' id='word_1_811' title='bbox 957 4895 1051 4949; x_wconf 89' lang='lat' dir='ltr'><strong>munia</strong></span> <span class='ocrx_word' id='word_1_812' title='bbox 1077 4910 1120 4947; x_wconf 89' lang='lat' dir='ltr'><strong>res</strong></span> <span class='ocrx_word' id='word_1_813' title='bbox 1139 4897 1203 4947; x_wconf 89' lang='lat' dir='ltr'><strong>sunt</strong></span> <span class='ocrx_word' id='word_1_814' title='bbox 1224 4891 1294 4945; x_wconf 89' lang='lat' dir='ltr'><strong>citra</strong></span> <span class='ocrx_word' id='word_1_815' title='bbox 1312 4889 1396 4945; x_wconf 87' lang='lat' dir='ltr'><strong>ullam</strong></span> <span class='ocrx_word' id='word_1_816' title='bbox 1410 4892 1596 4948; x_wconf 86' lang='lat' dir='ltr'><strong>conditionem</strong></span> <span class='ocrx_word' id='word_1_817' title='bbox 1614 4892 1745 4964; x_wconf 87' lang='lat' dir='ltr'><strong>temporis</strong></span> <span class='ocrx_word' id='word_1_818' title='bbox 1762 4894 1910 4964; x_wconf 87' lang='lat' dir='ltr'><strong>periculosi</strong></span> 
     </span>
     <span class='ocr_line' id='line_1_56' title="bbox 215 4971 1911 5050; baseline 0.006 -25"><span class='ocrx_word' id='word_1_819' title='bbox 215 4971 403 5026; x_wconf 88' lang='lat' dir='ltr'><strong>ecclesiastica</strong></span> <span class='ocrx_word' id='word_1_820' title='bbox 425 4989 524 5028; x_wconf 84' lang='lat' dir='ltr'><strong>vacare</strong></span> <span class='ocrx_word' id='word_1_821' title='bbox 551 4975 698 5044; x_wconf 88' lang='lat' dir='ltr'><strong>incipiant,</strong></span> <span class='ocrx_word' id='word_1_822' title='bbox 724 4975 788 5029; x_wconf 88' lang='lat' dir='ltr'><strong>ideo</strong></span> <span class='ocrx_word' id='word_1_823' title='bbox 814 4975 881 5031; x_wconf 87' lang='lat' dir='ltr'><strong>alios</strong></span> <span class='ocrx_word' id='word_1_824' title='bbox 906 4977 935 5031; x_wconf 92' lang='lat' dir='ltr'><strong>in</strong></span> <span class='ocrx_word' id='word_1_825' title='bbox 955 4996 1049 5034; x_wconf 79' lang='lat' dir='ltr'><strong>eorsum</strong></span> <span class='ocrx_word' id='word_1_826' title='bbox 1077 4979 1209 5035; x_wconf 88' lang='lat' dir='ltr'><strong>acclesiae</strong></span> <span class='ocrx_word' id='word_1_827' title='bbox 1227 4976 1370 5031; x_wconf 89' lang='lat' dir='ltr'><strong>constituti</strong></span> <span class='ocrx_word' id='word_1_828' title='bbox 1388 4984 1439 5033; x_wconf 89' lang='lat' dir='ltr'><strong>etc.</strong></span> <span class='ocrx_word' id='word_1_829' title='bbox 1470 4979 1555 5050; x_wconf 85' lang='lat' dir='ltr'><strong>Ergo.</strong></span> <span class='ocrx_word' id='word_1_830' title='bbox 1582 4985 1608 5035; x_wconf 89' lang='lat'><strong>2.</strong></span> <span class='ocrx_word' id='word_1_831' title='bbox 1626 4982 1672 5034; x_wconf 84' lang='lat' dir='ltr'><strong>Ab</strong></span> <span class='ocrx_word' id='word_1_832' title='bbox 1689 4981 1911 5035; x_wconf 72' lang='lat' dir='ltr'><strong>orrotors‘totibos.</strong></span> 
     </span>
     <span class='ocr_line' id='line_1_57' title="bbox 215 5054 1911 5124; baseline 0.008 -15"><span class='ocrx_word' id='word_1_833' title='bbox 215 5054 305 5111; x_wconf 91' lang='lat' dir='ltr'><strong>locum</strong></span> <span class='ocrx_word' id='word_1_834' title='bbox 325 5056 452 5112; x_wconf 83' lang='lat' dir='ltr'><strong>ordinare</strong></span> <span class='ocrx_word' id='word_1_835' title='bbox 471 5074 526 5112; x_wconf 92' lang='lat' dir='ltr'><strong>non</strong></span> <span class='ocrx_word' id='word_1_836' title='bbox 545 5077 578 5115; x_wconf 93' lang='lat' dir='ltr'><strong>ex</strong></span> <span class='ocrx_word' id='word_1_837' title='bbox 597 5076 627 5114; x_wconf 92' lang='lat' dir='ltr'><strong>re</strong></span> <span class='ocrx_word' id='word_1_838' title='bbox 647 5059 751 5124; x_wconf 87' lang='lat' dir='ltr'><strong>solum,</strong></span> <span class='ocrx_word' id='word_1_839' title='bbox 778 5061 827 5114; x_wconf 88' lang='lat' dir='ltr'><strong>sed</strong></span> <span class='ocrx_word' id='word_1_840' title='bbox 855 5062 938 5116; x_wconf 88' lang='lat' dir='ltr'><strong>etiam</strong></span> <span class='ocrx_word' id='word_1_841' title='bbox 956 5081 1049 5119; x_wconf 89' lang='lat' dir='ltr'><strong>ncces·</strong></span> <span class='ocrx_word' id='word_1_842' title='bbox 1076 5064 1216 5119; x_wconf 88' lang='lat' dir='ltr'><strong>Lutherus</strong></span> <span class='ocrx_word' id='word_1_843' title='bbox 1236 5067 1301 5117; x_wconf 87' lang='lat' dir='ltr'><strong>tom.</strong></span> <span class='ocrx_word' id='word_1_844' title='bbox 1322 5068 1346 5117; x_wconf 89' lang='grc'><strong>3.</strong></span> <span class='ocrx_word' id='word_1_845' title='bbox 1367 5061 1497 5119; x_wconf 83' lang='lat' dir='ltr'><strong>German.</strong></span> <span class='ocrx_word' id='word_1_846' title='bbox 1518 5065 1647 5121; x_wconf 65' lang='lat' dir='ltr'><strong>,lenensis</strong></span> <span class='ocrx_word' id='word_1_847' title='bbox 1663 5065 1712 5121; x_wconf 85' lang='lat' dir='ltr'><strong>fol.</strong></span> <span class='ocrx_word' id='word_1_848' title='bbox 1734 5072 1793 5123; x_wconf 82' lang='grc'><strong>126.</strong></span> <span class='ocrx_word' id='word_1_849' title='bbox 1812 5067 1840 5121; x_wconf 91' lang='lat' dir='ltr'><strong>in</strong></span> <span class='ocrx_word' id='word_1_850' title='bbox 1858 5074 1911 5122; x_wconf 88' lang='lat' dir='ltr'><strong>tra·</strong></span> 
     </span>
     <span class='ocr_line' id='line_1_58' title="bbox 215 5142 1913 5224; baseline 0.008 -30"><span class='ocrx_word' id='word_1_851' title='bbox 215 5142 298 5195; x_wconf 81' lang='lat' dir='ltr'><strong>ritate</strong></span> <span class='ocrx_word' id='word_1_852' title='bbox 324 5142 457 5198; x_wconf 90' lang='lat' dir='ltr'><strong>ecclesiae</strong></span> <span class='ocrx_word' id='word_1_853' title='bbox 484 5144 703 5200; x_wconf 91' lang='lat' dir='ltr'><strong>existimandum.</strong></span> <span class='ocrx_word' id='word_1_854' title='bbox 739 5146 793 5202; x_wconf 90' lang='lat' dir='ltr'><strong>Sed</strong></span> <span class='ocrx_word' id='word_1_855' title='bbox 819 5146 854 5201; x_wconf 86' lang='lat' dir='ltr'><strong>ds</strong></span> <span class='ocrx_word' id='word_1_856' title='bbox 880 5147 933 5203; x_wconf 90' lang='lat' dir='ltr'><strong>hoc</strong></span> <span class='ocrx_word' id='word_1_857' title='bbox 958 5157 1048 5219; x_wconf 85' lang='lat' dir='ltr'><strong>poste-</strong></span> <span class='ocrx_word' id='word_1_858' title='bbox 1076 5156 1141 5204; x_wconf 82' lang='lat' dir='ltr'><strong>etat.</strong></span> <span class='ocrx_word' id='word_1_859' title='bbox 1177 5150 1219 5206; x_wconf 76' lang='lat' dir='ltr'><strong>ut</strong></span> <span class='ocrx_word' id='word_1_860' title='bbox 1237 5163 1300 5204; x_wconf 84' lang='lat' dir='ltr'><strong>mun</strong></span> <span class='ocrx_word' id='word_1_861' title='bbox 1320 5156 1368 5203; x_wconf 83' lang='lat' dir='ltr'><strong>bor</strong></span> <span class='ocrx_word' id='word_1_862' title='bbox 1386 5151 1502 5207; x_wconf 61' lang='lat' dir='ltr'><strong>&amp;tethea</strong></span> <span class='ocrx_word' id='word_1_863' title='bbox 1522 5151 1614 5220; x_wconf 70' lang='lat' dir='ltr'><strong>fitetur</strong></span> <span class='ocrx_word' id='word_1_864' title='bbox 1637 5151 1719 5219; x_wconf 72' lang='lat' dir='ltr'><strong>cripe.</strong></span> <span class='ocrx_word' id='word_1_865' title='bbox 1754 5152 1913 5224; x_wconf 85' lang='lat' dir='ltr'><strong>Wigandus</strong></span> 
     </span>
     <span class='ocr_line' id='line_1_59' title="bbox 215 5227 1911 5306; baseline 0.008 -26"><span class='ocrx_word' id='word_1_866' title='bbox 215 5227 299 5292; x_wconf 90' lang='lat' dir='ltr'><strong>riore,</strong></span> <span class='ocrx_word' id='word_1_867' title='bbox 317 5228 447 5283; x_wconf 75' lang='lat' dir='ltr'><strong>videlicet</strong></span> <span class='ocrx_word' id='word_1_868' title='bbox 463 5228 636 5285; x_wconf 84' lang='lat' dir='ltr'><strong>ordinatione</strong></span> <span class='ocrx_word' id='word_1_869' title='bbox 654 5231 719 5286; x_wconf 89' lang='lat' dir='ltr'><strong>solis</strong></span> <span class='ocrx_word' id='word_1_870' title='bbox 737 5231 874 5303; x_wconf 89' lang='lat' dir='ltr'><strong>episcopis</strong></span> <span class='ocrx_word' id='word_1_871' title='bbox 895 5250 945 5303; x_wconf 91' lang='lat' dir='ltr'><strong>per</strong></span> <span class='ocrx_word' id='word_1_872' title='bbox 962 5237 1049 5291; x_wconf 90' lang='lat' dir='ltr'><strong>eccle·</strong></span> <span class='ocrx_word' id='word_1_873' title='bbox 1075 5236 1137 5290; x_wconf 91' lang='lat' dir='ltr'><strong>libr.</strong></span> <span class='ocrx_word' id='word_1_874' title='bbox 1169 5235 1204 5289; x_wconf 87' lang='lat' dir='ltr'><strong>de</strong></span> <span class='ocrx_word' id='word_1_875' title='bbox 1229 5242 1365 5305; x_wconf 89' lang='lat' dir='ltr'><strong>persecut.</strong></span> <span class='ocrx_word' id='word_1_876' title='bbox 1385 5242 1413 5290; x_wconf 90' lang='lat' dir='ltr'><strong>ct</strong></span> <span class='ocrx_word' id='word_1_877' title='bbox 1431 5235 1526 5292; x_wconf 88' lang='lat' dir='ltr'><strong>exsilio</strong></span> <span class='ocrx_word' id='word_1_878' title='bbox 1544 5252 1609 5306; x_wconf 80' lang='lat' dir='ltr'><strong>pag.</strong></span> <span class='ocrx_word' id='word_1_879' title='bbox 1631 5241 1688 5290; x_wconf 79' lang='lat'><strong>270.</strong></span> <span class='ocrx_word' id='word_1_880' title='bbox 1725 5238 1864 5294; x_wconf 89' lang='lat' dir='ltr'><strong>Binderus</strong></span> <span class='ocrx_word' id='word_1_881' title='bbox 1884 5240 1911 5294; x_wconf 90' lang='lat' dir='ltr'><strong>in</strong></span> 
     </span>
     <span class='ocr_line' id='line_1_60' title="bbox 214 5313 1912 5395; baseline 0.004 -29"><span class='ocrx_word' id='word_1_882' title='bbox 214 5313 340 5368; x_wconf 87' lang='lat' dir='ltr'><strong>siasticas</strong></span> <span class='ocrx_word' id='word_1_883' title='bbox 358 5315 567 5370; x_wconf 89' lang='lat' dir='ltr'><strong>constitutiones</strong></span> <span class='ocrx_word' id='word_1_884' title='bbox 594 5317 742 5382; x_wconf 88' lang='lat' dir='ltr'><strong>attributa,</strong></span> <span class='ocrx_word' id='word_1_885' title='bbox 769 5319 895 5390; x_wconf 90' lang='lat' dir='ltr'><strong>superius</strong></span> <span class='ocrx_word' id='word_1_886' title='bbox 921 5319 1049 5391; x_wconf 81' lang='lat' dir='ltr'><strong>diximus,</strong></span> <span class='ocrx_word' id='word_1_887' title='bbox 1076 5324 1208 5393; x_wconf 81' lang='lat' dir='ltr'><strong>ulrmioy.</strong></span> <span class='ocrx_word' id='word_1_888' title='bbox 1243 5321 1363 5395; x_wconf 86' lang='lat' dir='ltr'><strong>theolog.</strong></span> <span class='ocrx_word' id='word_1_889' title='bbox 1388 5324 1423 5378; x_wconf 92' lang='lat' dir='ltr'><strong>de</strong></span> <span class='ocrx_word' id='word_1_890' title='bbox 1449 5321 1540 5376; x_wconf 70' lang='lat' dir='ltr'><strong>musis</strong></span> <span class='ocrx_word' id='word_1_891' title='bbox 1564 5320 1650 5390; x_wconf 84' lang='lat' dir='ltr'><strong>pestis</strong></span> <span class='ocrx_word' id='word_1_892' title='bbox 1668 5339 1733 5394; x_wconf 79' lang='lat' dir='ltr'><strong>pag,</strong></span> <span class='ocrx_word' id='word_1_893' title='bbox 1754 5330 1796 5382; x_wconf 81' lang='grc'><strong>96,</strong></span> <span class='ocrx_word' id='word_1_894' title='bbox 1833 5325 1912 5381; x_wconf 82' lang='lat' dir='ltr'><strong>Win-</strong></span> 
     </span>
     <span class='ocr_line' id='line_1_61' title="bbox 215 5400 1911 5478; baseline 0.008 -26"><span class='ocrx_word' id='word_1_895' title='bbox 215 5405 349 5470; x_wconf 90' lang='lat' dir='ltr'><strong>quautum</strong></span> <span class='ocrx_word' id='word_1_896' title='bbox 361 5400 472 5471; x_wconf 80' lang='lat' dir='ltr'><strong>sufficit,</strong></span> <span class='ocrx_word' id='word_1_897' title='bbox 486 5402 558 5457; x_wconf 84' lang='lat' dir='ltr'><strong>circa</strong></span> <span class='ocrx_word' id='word_1_898' title='bbox 572 5403 649 5473; x_wconf 87' lang='lat' dir='ltr'><strong>priua</strong></span> <span class='ocrx_word' id='word_1_899' title='bbox 664 5404 750 5475; x_wconf 83' lang='lat' dir='ltr'><strong>igitur</strong></span> <span class='ocrx_word' id='word_1_900' title='bbox 762 5422 936 5477; x_wconf 83' lang='lat' dir='ltr'><strong>quaeramus.</strong></span> <span class='ocrx_word' id='word_1_901' title='bbox 966 5412 986 5459; x_wconf 84' lang='lat'><strong>1.</strong></span> <span class='ocrx_word' id='word_1_902' title='bbox 1000 5408 1047 5461; x_wconf 83' lang='lat' dir='ltr'><strong>An</strong></span> <span class='ocrx_word' id='word_1_903' title='bbox 1076 5408 1238 5464; x_wconf 84' lang='lat' dir='ltr'><strong>okelruanus</strong></span> <span class='ocrx_word' id='word_1_904' title='bbox 1248 5413 1314 5463; x_wconf 88' lang='lat' dir='ltr'><strong>tom.</strong></span> <span class='ocrx_word' id='word_1_905' title='bbox 1325 5416 1350 5464; x_wconf 86' lang='lat'><strong>5.</strong></span> <span class='ocrx_word' id='word_1_906' title='bbox 1359 5405 1608 5478; x_wconf 83' lang='lat' dir='ltr'><strong>disputGissensis</strong></span> <span class='ocrx_word' id='word_1_907' title='bbox 1621 5406 1724 5477; x_wconf 87' lang='lat' dir='ltr'><strong>disput.</strong></span> <span class='ocrx_word' id='word_1_908' title='bbox 1735 5418 1773 5466; x_wconf 83' lang='grc'><strong>11.</strong></span> <span class='ocrx_word' id='word_1_909' title='bbox 1785 5411 1856 5467; x_wconf 89' lang='lat' dir='ltr'><strong>thes.</strong></span> <span class='ocrx_word' id='word_1_910' title='bbox 1870 5416 1911 5466; x_wconf 77' lang='lat'><strong>23.</strong></span> 
     </span>
    </p>
   </div>
   <div class='ocr_carea' id='block_1_3' title="bbox 0 0 2017 6004">
    <p class='ocr_par' dir='ltr' id='par_1_3' title="bbox 0 0 2017 6004">
     <span class='ocr_line' id='line_1_62' title="bbox 0 0 2017 6004; baseline 0 0"><span class='ocrx_word' id='word_1_911' title='bbox 0 0 2017 6004; x_wconf 95' lang='lat' dir='ltr'><strong> </strong></span> 
     </span>
    </p>
   </div>
  </div>
 </body>
</html>
