4020 6014
674 311 727 368 ne
746 309 969 369 mmsrnmo
987 307 1291 370 sccnssmsmoo.
1471 279 1476 287 ’
1778 320 1835 379 sos
1936 272 1943 297 ἱ

136 482 200 517 ram
211 464 398 532 formaliter,
415 473 507 519 tamen
524 467 626 521 labem
643 467 882 531 ministerialiter,
906 484 973 536 qno-
986 464 1143 534 :pertinere
1160 475 1195 544 *⁶⁶
1218 469 1329 536 positos
1354 468 1442 532 (sicut
1470 469 1543 522 idem
1570 466 1717 538 apostolus
1741 466 1801 535 ait)
1818 483 1838 520 a

136 551 221 605 modo
237 549 379 614 famulus,
407 552 559 622 pnisoeps
578 555 734 607 nonhabet
753 530 1113 621 nnnmobolnm,'=Spiritn
1140 570 1161 606 s.
1181 568 1281 623 repere
1303 554 1449 608 ecclesiam
1470 554 1529 607 Dei
1552 569 1652 622 sosque
1667 552 1839 621 presbyteris

136 642 228 688 tamen
246 636 343 700 defert
359 638 462 692 maltos
480 655 581 693 aurcos
600 657 620 692 a
637 641 762 693 Domino
786 657 836 693 sno
860 641 901 692 ad
921 639 973 691 ali·
987 638 1158 715 ,superiores
1177 656 1236 692 csse
1257 657 1292 692 ac
1311 648 1517 693 sacramentnm
1536 639 1756 703 confirmationis
1773 654 1837 693 con·

136 736 218 790 amm
248 720 346 774 alium
395 722 493 786 Adde,
527 724 754 793 distinpnendam
793 742 851 779 esse
883 722 1093 797 ipsumffcme,
1113 725 1257 779 ministros
1276 727 1413 781 eccleciae
1432 727 1570 780 ordinare
1588 732 1671 795 atque
1694 726 1755 778 alic
1777 723 1838 793 pls·

136 809 584 879 sacramentamabcffectnejns,
605 818 630 864 ct
649 812 721 864 inter
742 812 856 881 effectos
876 808 1090 877 distin-'raquo
1112 826 1251 878 percepere
1279 812 1356 881 ipms
1380 828 1479 882 posse,
1510 828 1628 880 aemam
1659 811 1839 875 functionum

137 894 278 960 mendam
290 909 349 946 esse
362 894 553 948 characterem
564 913 583 948 a
593 897 698 964 pratia,
713 896 784 949 lsaec
795 897 868 949 enim
880 897 974 950 omnia
986 885 989 923 .·
996 901 1162 962 potestatem
1180 897 1285 967 reliqui
1301 898 1454 962 inferiores
1468 897 1584 951 ordines
1602 895 1710 950 nullam
1728 896 1838 950 labem.

136 978 270 1048 separari
282 988 404 1048 possunt
423 980 604 1037 abinvicem.
640 980 729 1035 Paulo
746 987 823 1052 post:
844 971 1030 1061 Potestoslet
1046 998 1107 1036 cau.
1127 989 1159 1036 t:
1185 984 1219 1038 Si
1239 986 1303 1053 meis
1323 985 1434 1052 dicerit,
1453 982 1600 1056 episcopos
1613 999 1669 1037 non
1683 999 1742 1037 esse
1756 998 1837 1052 pres·

137 1064 298 1118 resns'ttendi
316 1073 436 1133 peccota
455 1073 551 1136 potest
574 1083 632 1119 esse
656 1069 715 1122 sins
743 1069 838 1137 pratia
862 1070 988 1137 pratnml
1001 1067 1103 1134 optaris
1128 1071 1287 1137 asperiores
1311 1071 1356 1123 ool
1380 1086 1437 1123 non
1463 1069 1564 1122 nalem
1588 1076 1755 1136 potestatem
1775 1084 1838 1122 con·

136 1150 269 1214 faciente.
306 1150 385 1206 Haec
413 1153 505 1207 amnia
529 1151 567 1206 ibi
589 1152 786 1222 Bellarminus,
818 1170 891 1225 qnae
910 1130 989 1237 cumi
1001 1153 1138 1215 firmandi
1153 1162 1179 1207 et
1199 1157 1364 1218 ordinandi,
1383 1156 1429 1208 sel
1447 1171 1525 1223 eam,
1545 1172 1630 1224 mam
1648 1155 1758 1221 labent,
1776 1153 1839 1229 illis

137 1237 177 1292 sis
190 1236 331 1292 conciliari
344 1243 494 1309 nequeunt,
514 1255 585 1309 quae
599 1237 652 1293 boc
670 1238 730 1292 loco
742 1239 855 1308 profert.
881 1245 903 1293 3.
915 1238 974 1295 Nec
986 1267 988 1307 5
1002 1254 1059 1290 esse
1084 1255 1145 1291 cnm
1165 1241 1339 1308 presbyteris
1364 1257 1533 1294 cosnmnncm
1555 1246 1607 1295 etc.
1625 1241 1776 1293 anatliema
1791 1240 1838 1296 sit.

137 1323 299 1394 Scriptum
318 1323 408 1390 dictis,
430 1340 480 1379 nec
503 1323 611 1379 idoneis
630 1325 801 1394 argumentis
819 1325 974 1381 confirmari
985 1315 988 1365 ἶ
1001 1322 1186 1379 Bellarminus
1205 1326 1222 1380 l.
1241 1326 1277 1380 de
1298 1342 1366 1381 sacr.
1391 1327 1450 1381 ord.
1469 1343 1492 1381 c.
1516 1332 1559 1380 11:
1578 1328 1624 1380 De
1645 1326 1774 1379 ministro
1793 1342 1838 1380 or·

136 1415 243 1482 potest,
270 1409 389 1481 gratiam
409 1410 578 1466 remissionis
598 1418 788 1481 peccatorum,
811 1412 888 1466 velut
913 1412 974 1468 Bel·
1001 1409 1157 1464 dinationis
1175 1429 1221 1466 rm
1234 1413 1391 1482 perspicua
1409 1421 1457 1481 est,
1475 1430 1536 1465 cam
1557 1428 1697 1481 nunquam
1719 1412 1839 1466 ecclesia

137 1495 272 1551 laminas
295 1496 433 1567 loquitur,
459 1498 577 1568 gratiam
602 1503 711 1569 gratum
734 1497 880 1554 facientem
910 1497 1144 1562 situi=a51nocsrit
1156 1500 1338 1566 presbyteros
1354 1498 1399 1552 osi
1418 1499 1555 1552 diaconae
1572 1498 1631 1550 nisi
1651 1497 1839 1568 abepiscopis

138 1581 321 1638 ordinationis
338 1582 434 1637 divina
452 1583 625 1639 institutione
651 1600 785 1640 annexam
813 1600 885 1652 esse,
911 1601 974 1640 cum
1002 1582 1158 1638 ordinatos.
1195 1584 1237 1637 Ex
1265 1584 1319 1638 hoc
1343 1583 1477 1655 principio
1494 1583 1616 1638 inferunt
1632 1581 1765 1653 ulterius,
1790 1598 1839 1638 uo-

137 1673 264 1741 potsstes
284 1667 389 1723 ordinis
407 1673 436 1723 et
453 1669 683 1725 reconciliationis
695 1670 787 1742 gratia
804 1671 860 1726 sint
879 1670 974 1725 distin·
1002 1675 1121 1722 strarum
1151 1670 1328 1725 ecclesiarum
1357 1670 1497 1724 ministros
1526 1686 1581 1724 non
1608 1684 1668 1724 esse
1701 1669 1839 1740 legitimos

137 1759 186 1810 cta
219 1760 247 1809 et
269 1770 356 1808 unam
380 1770 474 1809 sorum
498 1755 604 1828 absque
633 1756 720 1811 altero
759 1756 848 1826 possit
872 1716 989 1829 heberei
1001 1761 1134 1824 pastores,
1154 1771 1218 1809 cnm
1245 1772 1301 1810 non
1324 1757 1381 1810 sint
1405 1755 1524 1810 ordinati
1547 1755 1585 1810 ab
1609 1755 1759 1825 episcopis;
1786 1770 1839 1811 nso

138 1840 239 1895 locum.
274 1837 352 1896 Deus
369 1856 419 1910 per
435 1841 498 1910 pias
515 1857 612 1912 preces
630 1841 774 1897 invocatus
793 1842 912 1914 largitur
933 1861 976 1897 or·
987 1834 989 1839 ’
1002 1839 1156 1894 Lutherum
1174 1846 1203 1895 et
1225 1841 1312 1910 ipsius
1332 1847 1498 1912 symmystas
1520 1840 1650 1895 habuisse
1674 1845 1838 1910 potestaten

139 1924 271 1980 dinaudis
295 1925 415 1996 Spiritus
440 1944 462 1980 st
489 1926 562 1980 dona
586 1927 740 1999 eademque
764 1928 792 1982 in
817 1928 872 1983 illis
891 1935 977 1999 auget
1003 1924 1163 1989 ordinandi,
1194 1941 1257 1979 cnm
1274 1943 1330 1981 non
1347 1927 1451 1981 fuerint
1469 1926 1608 1997 episcopi,
1636 1925 1684 1981 sed
1703 1925 1840 1980 duntaxat

139 2018 168 2068 et
181 2010 339 2080 confirmat3
357 2011 405 2066 ssd
425 2027 458 2066 ex
478 2028 511 2067 eo
529 2030 584 2067 non
603 2019 696 2083 potest
712 2015 756 2068 vel
775 2013 858 2068 debet
872 2013 976 2084 inferri,
1002 2010 1172 2081 presbyteri;
1195 2017 1227 2064 ut
1252 2027 1285 2065 ex
1312 2010 1488 2080 Bellsrmino,
1507 2012 1618 2067 Bscsno
1643 2018 1672 2067 et
1691 2010 1839 2083 Reibingio

139 2099 259 2171 gratiam
273 2097 473 2168 justificantem
487 2113 547 2153 esse
560 2099 626 2153 ritui
644 2099 826 2155 ordinationis
841 2106 975 2171 tanquam
1002 2096 1172 2150 ostendimus
1186 2097 1433 2168 superirruente.
1469 2097 1588 2152 Addunt
1599 2098 1683 2152 etiam
1695 2112 1728 2152 ex
1741 2112 1800 2153 can.
1812 2102 1838 2154 4.

139 2183 232 2240 medio
251 2190 280 2240 st
298 2184 425 2254 symbolo
443 2186 636 2240 sacrementali
654 2192 800 2253 annexam,
815 2203 878 2241 cum
898 2193 975 2258 pote-
1003 2197 1082 2236 conc.
1100 2182 1195 2240 Nicen.
1213 2184 1288 2254 quod
1309 2185 1350 2237 ad
1366 2184 1508 2236 minimam
1527 2192 1584 2237 lm
1602 2184 1729 2255 Ψὺθθρῑ
1745 2184 1775 2236 s'n
1793 2200 1838 2238 θ’·-
1856 2200 1858 2205 ’

139 2278 198 2326 stas
218 2269 408 2325 ecclesiastica
430 2272 513 2326 stiam
534 2271 727 2342 peccatoribus
751 2272 870 2326 conferri
894 2278 921 2326 et
939 2272 975 2327 ab
1003 2268 1148 2324 dinatione
1166 2271 1293 2339 episcopi
1313 2271 1510 2340 requirantur,
1533 2271 1582 2340 4¹¹5
1602 2271 1630 2323 *ί
1653 2288 1710 2325 '⁸0¹¹
1733 2272 1839 2338 adiistis

140 2355 176 2410 iis
199 2356 318 2411 exerceri
342 2355 438 2427 possit
478 2363 502 2412 t.
524 2356 591 2411 lllss
617 2356 765 2412 facultates
785 2363 813 2413 et
837 2358 978 2428 potentias
1002 2356 1210 2412 ordinationem
1233 2375 1288 2411 non
1305 2375 1363 2411 esse
1387 2358 1509 2428 lepitime
1526 2358 1650 2425 factam,
1675 2373 1708 2410 ea
1726 2357 1840 2426 dispen-

138 2440 218 2496 Deus
236 2440 346 2496 confert
362 2442 391 2496 in
415 2441 563 2497 collatione
585 2443 704 2514 alicujus
730 2444 890 2513 potestatis,
918 2444 977 2500 sine
1002 2441 1112 2494 satione
1139 2451 1231 2497 tamen
1254 2444 1290 2496 ab
1315 2461 1371 2497 ano
1393 2445 1537 2516 episcopo,
1567 2445 1620 2497 ssd
1644 2443 1839 2498 assistentibus

139 2526 244 2599 quibus
261 2532 384 2598 potestas
403 2527 453 2582 illa
470 2528 547 2583 nullo
571 2528 653 2584 modo
672 2529 857 2584 administrari
878 2528 979 2599 potest.¹
1004 2528 1157 2598 abbatitio,
1176 2530 1383 2582 ordinationem
1402 2545 1488 2599 posse
1502 2531 1620 2599 percpi,
1646 2529 1711 2583 inde
1734 2527 1839 2584 Beller-

139 2613 181 2668 At
197 2619 321 2684 potestas
340 2613 444 2668 ordinis
464 2614 524 2669 sine
541 2615 632 2686 gratia
650 2621 761 2686 gratum
786 2615 907 2671 faciente
926 2616 974 2670 ad·
1002 2613 1093 2668 minus
1119 2614 1166 2670 lib.
1194 2622 1218 2669 t.
1244 2615 1419 2671 deecclesia
1442 2631 1465 2670 c.
1493 2622 1516 2670 8.
1537 2612 1565 2690 5.
1584 2615 1627 2670 Ex
1647 2633 1715 2687 quo,
1734 2613 1840 2685 profert

137 2699 288 2755 ministrari
307 2705 407 2772 potest,
426 2706 459 2755 ut
476 2701 577 2756 docent
593 2701 720 2772 exempla
738 2700 905 2772 Scripturas,
925 2719 977 2758 nec
1001 2699 1055 2753 boc
1084 2707 1294 2772 argumentum,
1332 2702 1407 2773 quod
1433 2701 1547 2766 jactitat
1587 2716 1648 2756 esse
1680 2700 1839 2756 insolubile:

139 2785 276 2842 diffitetur
301 2786 486 2842 Bellarminus
513 2787 587 2843 dicto
610 2788 680 2845 loco.
719 2788 793 2860 Ergo
818 2804 880 2842 cum
899 2793 976 2859 pots·
1003 2787 1136 2841 Ecclesia
1165 2805 1221 2841 non
1247 2796 1340 2857 potest
1369 2805 1426 2843 csse
1458 2790 1519 2842 sine
1552 2789 1699 2858 episcopis.
1750 2787 1841 2860 Apud

139 2877 213 2927 state
241 2871 345 2928 ordinis
370 2891 426 2928 non
456 2889 565 2944 semper
592 2873 700 2929 confert
722 2873 841 2945 gratiam
866 2880 976 2946 gratum
1005 2874 1181 2927 listleronos
1196 2892 1251 2930 non
1269 2882 1334 2928 snnt
1352 2876 1491 2944 episcopi,
1517 2891 1582 2928 nam
1602 2891 1658 2927 non
1676 2874 1777 2928 labem
1793 2891 1840 2929 or-

138 2957 288 3013 facientem
308 2963 336 3013 et
353 2974 403 3029 per
420 2973 591 3031 consequens
609 2965 731 3030 potestas
750 2959 854 3014 ordinis
871 2965 974 3031 etgra-
1003 2958 1176 3013 dimotionem
1200 2975 1251 3012 nec
1278 2962 1479 3016 recensionem
1504 2960 1540 3013 ab
1568 2960 1722 3029 apostolis,·
1753 2959 1841 3028 ipitur

137 3043 180 3098 tia
202 3051 313 3116 gratum
342 3043 447 3099 faciens
476 3061 530 3098 non
559 3051 623 3100 suut
647 3044 785 3099 indivulso
812 3062 884 3100 nexu
911 3062 975 3100 con-
1002 3046 1084 3113 apad
1106 3061 1152 3098 eos
1176 3063 1232 3099 non
1262 3053 1303 3098 est
1328 3046 1456 3101 ecclesia.
1491 3048 1530 3100 Et
1554 3048 1667 3117 quidem
1691 3048 1840 3117 oseod'ssc

135 3132 245 3202 Juncta.
275 3136 299 3185 5.
317 3129 441 3185 Effectus
460 3130 640 3185 ordinationis
657 3131 785 3202 proprius
804 3138 846 3187 est
865 3131 976 3186 collatio
1003 3131 1157 3198 Lntlerns,
1185 3149 1235 3186 nec
1259 3132 1315 3186 ulli
1341 3132 1397 3185 alii
1415 3134 1545 3187 ordinati
1561 3134 1618 3187 sint
1636 3149 1655 3186 a
1674 3133 1764 3186 intro
1783 3132 1840 3203 epi·

140 3216 289 3288 potestatis
314 3216 432 3272 docendi
456 3224 484 3272 et
509 3224 682 3273 sacramenta
703 3217 923 3287 administrandi,
940 3219 976 3272 ad
1003 3218 1109 3285 scopis,
1129 3234 1217 3287 names
1235 3232 1268 3271 sc
1286 3218 1498 3286 dispensatione
1516 3220 1553 3272 cl
1570 3235 1628 3272 ano
1647 3219 1842 3273 caenantibus

141 3301 221 3357 illum
240 3301 379 3358 ordinatio
397 3319 448 3374 per
472 3319 504 3358 se
527 3302 658 3375 dirigitur
681 3304 855 3374 eundemque
880 3319 977 3374 perpe-
1005 3302 1164 3372 coconem,
1188 3305 1360 3359 notissimam
1386 3312 1443 3372 est,
1470 3320 1520 3357 nec
1544 3305 1603 3373 ipsi
1619 3312 1731 3372 nepont.
1761 3305 1841 3372 Erpa

140 3383 191 3444 tuo
218 3394 247 3443 et
270 3387 453 3443 infallibiliter
478 3389 670 3460 consequitum
699 3390 748 3444 sed
774 3406 824 3460 per
848 3390 978 3444 accidens
1004 3389 1104 3443 samem
1126 3391 1259 3458 patribus
1282 3390 1387 3443 Niceni
1413 3398 1440 3442 et
1464 3388 1696 3459 Gamlapincnsis
1719 3387 1842 3455 concilii,

140 3490 203 3530 cnm
229 3480 367 3546 potestate
391 3475 494 3530 ordinis
527 3476 706 3547 conjungitur
731 3475 844 3530 collatio
870 3475 978 3546 gratiae
1005 3474 1061 3527 imo
1078 3482 1104 3527 ct
1120 3476 1192 3543 ipsis
1211 3475 1362 3543 apostolis,
1381 3475 1432 3543 cai
1451 3481 1622 3544 noroensis,
1645 3475 1805 3544 episcopum
1822 3490 1842 3526 a

141 3566 253 3634 gratnm
264 3559 402 3627 facientis,
420 3561 525 3632 quippe
537 3559 682 3616 deficiente
694 3561 864 3631 poenitentia
882 3566 910 3614 et
921 3559 978 3615 fide
1004 3561 1093 3613 tribas
1112 3562 1252 3630 episcopis
1269 3559 1403 3614 ordinari
1422 3561 1541 3627 dolorm
1559 3561 1609 3615 isti
1627 3578 1683 3615 non
1703 3567 1767 3613 sunt
1783 3561 1841 3630 sps·-

142 3646 172 3700 iu
190 3645 317 3700 ordinato
330 3661 392 3701 eam
409 3661 585 3717 nequequam
604 3646 791 3717 consequitur.
826 3646 890 3701 Jam
911 3662 977 3702 sero
1003 3647 1090 3715 scopi.

141 3749 175 3787 sx
200 3732 312 3802 pmprio
342 3730 444 3787 effectu
473 3731 507 3786 dc
536 3731 710 3786 ordinatione
733 3731 918 3802 judicandum
945 3748 978 3786 ac
1041 3737 1098 3788 15³.
1129 3731 1210 3786 Hanc
1241 3732 1451 3788 Pontificiorum
1484 3732 1649 3788 sententiam
1680 3731 1840 3788 examinans

140 3817 333 3887 statuendum,
363 3817 431 3871 alies
456 3819 569 3889 quasvis
593 3824 721 3872 externas
740 3819 909 3873 ceremonias
927 3836 978 3888 pro
1008 3818 1171 3875 Carietouus
1197 3817 1343 3889 theologus
1367 3817 1478 3889 Anglus
1504 3816 1731 3873 consuetudinem
1756 3817 1841 3888 illam,

140 3903 320 3959 mmeritis
337 3903 441 3959 habere
457 3920 609 3974 possemus,
651 3908 675 3957 6.
693 3902 735 3956 Er
753 3919 808 3974 qno
828 3904 910 3959 etiam
929 3921 977 3975 ap
1005 3920 1060 3974 qua
1092 3908 1212 3973 ponens
1247 3903 1394 3959 ordinandi
1428 3904 1493 3959 solis
1531 3903 1667 3975 episcopis
1700 3903 1841 3972 tribuitur,

139 3996 234 4063 paret,
260 3990 380 4062 gratiam
406 3990 602 4056 justificantem
622 3991 680 4044 sive
699 3995 809 4060 gratum
827 3990 976 4045 facientem
1005 3990 1041 4045 ad
1067 3989 1266 4046 institutionem
1292 3989 1479 4060 apostolorum
1505 3997 1534 4046 et
1560 4006 1724 4046 consensum
1753 3990 1838 4046 totius

141 4075 223 4131 aliter
242 4074 392 4130 rehabere
415 4076 451 4129 ad
470 4074 648 4146 baptismum,
676 4075 757 4131 aliter
775 4077 810 4129 ad
829 4076 978 4131 ordinatio-
1005 4076 1140 4132 ecclesiae
1160 4075 1320 4131 Catholicae
1337 4083 1458 4141 revocat,
1476 4077 1517 4131 sic
1536 4077 1610 4132 enim
1629 4075 1726 4132 scribit
1743 4077 1773 4131 in
1791 4076 1840 4132 lib.

141 4176 221 4228 nem3
250 4161 324 4216 illins
350 4168 392 4216 est
415 4160 531 4216 effectus
557 4163 699 4233 proprius,
727 4162 793 4233 quia
823 4162 978 4234 baptismus
1006 4162 1041 4218 de
1058 4178 1182 4218 consens.
1201 4162 1300 4218 coclea
1312 4168 1410 4217 contra
1420 4161 1600 4217 Tridentinus
1618 4162 1669 4219 loc.
1689 4163 1725 4216 ds
1743 4162 1841 4219 eccles.

141 4247 179 4301 ad
210 4247 407 4303 conferendam
437 4247 556 4320 gratiam
589 4245 797 4317 justificationis
835 4248 977 4303 institutus
1005 4266 1028 4304 c.
1053 4255 1090 4304 11.
1110 4265 1137 4319 p.
1158 4253 1223 4302 277:
1248 4249 1316 4301 Post
1332 4265 1480 4302 sacrarum
1500 4247 1712 4317 scripturaram
1728 4238 1867 4302 cosmi?

141 4336 199 4402 est,
223 4332 309 4404 hujus
333 4348 398 4386 vero
421 4333 623 4387 accidentarius
648 4333 797 4399 duntaxat,
820 4334 886 4404 quia
906 4334 976 4389 ritus
1005 4351 1068 4388 com
1100 4334 1294 4388 anctoritatem
1330 4334 1463 4387 ecclesiae
1493 4333 1656 4388 Oatlolicoe
1692 4347 1841 4388 consensu

140 4416 322 4474 ordinationis
339 4434 395 4472 non
416 4418 453 4472 ad
472 4418 647 4473 cossabonem
667 4418 775 4490 gratiae
788 4418 977 4490 justificantis,
1005 4428 1112 4474 tantum
1130 4420 1210 4488 apud
1228 4434 1272 4471 me
1290 4435 1398 4489 semper
1414 4419 1521 4488 colai,
1548 4428 1578 4472 at
1602 4432 1782 4488 momenque
1804 4418 1841 4470 al

139 4504 190 4559 sad
209 4504 246 4558 ad
263 4508 428 4574 potestatem
447 4505 550 4559 ordinis
568 4504 711 4560 institutus
734 4511 791 4574 est,
816 4506 891 4576 quod
916 4507 978 4561 Bel-
1004 4508 1056 4561 loc
1074 4522 1209 4560 consensa
1234 4507 1403 4575 confirmata
1425 4507 1550 4571 rideam,
1570 4505 1640 4558 mili
1657 4510 1842 4558 sacrosancta

140 4590 274 4644 larminm
304 4607 359 4644 nou
385 4596 477 4662 potest
503 4608 620 4663 negare,
651 4608 714 4646 cum
743 4592 872 4662 praeced.
901 4609 924 4647 c.
952 4598 976 4650 2.
1005 4599 1030 4646 et
1049 4591 1235 4645 immutabilia
1252 4591 1410 4646 rideantur.
1446 4591 1486 4646 At
1505 4592 1534 4645 in
1553 4606 1586 4645 eo
1605 4589 1734 4643 tabanos
1755 4588 1840 4645 scolc-

138 4677 276 4741 means,
304 4678 430 4730 ordinem
443 4693 497 4745 per
515 4694 545 4730 se
571 4680 612 4746 ad
631 4678 719 4730 dium
730 4678 817 4747 finem
835 4695 920 4747 qnam
938 4682 979 4733 ad
1004 4678 1066 4731 siae
1096 4678 1229 4746 andam
1256 4694 1434 4745 consennsm,
1468 4677 1614 4746 episcopos
1645 4675 1783 4728 ordinare
1815 4683 1841 4729 et

137 4764 252 4832 cratiae
268 4771 381 4831 pratum
398 4764 532 4827 facientes
545 4765 721 4818 coactionem
739 4765 893 4816 instinctum
909 4780 976 4820 esse.
1003 4763 1183 4831 presbyteros
1202 4763 1237 4816 ali
1250 4763 1391 4832 episcopis
1409 4761 1617 4815 ordinationem
1633 4777 1713 4814 snam
1730 4761 1841 4832 labere,
1925 4762 1928 4767 ’

139 4848 185 4903 De
200 4848 315 4920 reliquis
330 4848 467 4919 judicium
487 4856 580 4921 potest
597 4849 657 4904 fieri
676 4865 709 4904 ex
728 4850 924 4920 superioribus.
1006 4849 1150 4920 apostolos
1177 4851 1207 4903 in
1230 4850 1302 4903 tnnc
1326 4866 1406 4902 nsum
1429 4845 1575 4899 ecclesiam
1596 4847 1766 4902 commisisse
1783 4848 1841 4918 spi·

14 4963 102 5018 χρώ
178 4940 236 4991 152.
267 4934 418 5001 Quaeritur
442 4941 465 4991 3.
487 4935 521 4990 de
546 4937 676 4989 ministro
695 4937 898 5005 ordinationis,
929 4954 980 5008 per
1004 4935 1113 5006 scopis,
1138 4937 1281 5004 apostolos
1305 4947 1477 4988 successores
1500 4947 1566 4984 suos
1585 4934 1717 4988 statamse
1735 4935 1841 5003 episco-

10 5030 224 5092 anteaquam
249 5019 355 5074 scilicet
378 5036 412 5075 ea
434 5022 531 5092 peregi
557 5021 667 5078 debeat.
701 5021 839 5077 Pontificii
860 5023 978 5077 auctori·
1001 5040 1065 5092 pos,
1084 5039 1119 5075 ac
1133 5023 1258 5090 proinde
1277 5017 1537 5074 entraordinariam
1551 5021 1745 5088 apostoloram
1762 5027 1841 5089 pots·

18 5099 115 5193 2¹⁸⁶·
141 5111 229 5160 tatem
245 5104 355 5161 concilii
374 5104 529 5161 Tridentini
548 5107 635 5161 secuti
654 5113 795 5175 statuunt,
813 5107 901 5162 solum
922 5109 978 5179 epi·
1005 5115 1107 5163 statem
1133 5125 1193 5160 com
1217 5107 1289 5177 ipsis
1308 5106 1395 5175 finem
1422 5104 1565 5174 Minoes,
1592 5121 1642 5158 nec
1667 5105 1697 5157 in
1722 5104 1842 5158 ecclesia

19 5163 105 5246 effis-
142 5207 259 5262 scopum
277 5206 337 5247 esse
355 5189 507 5262 legitimum
533 5192 714 5246 ordinationis
739 5194 907 5263 ministrum,
940 5196 979 5249 sic
1007 5195 1137 5263 deinceps
1155 5194 1246 5246 locum
1263 5190 1399 5260 reperisse
1405 5211 1418 5255 ,·
1445 5191 1625 5245 ordinariam
1649 5206 1713 5244 cero
1731 5198 1841 5258 aposto·

20 5255 127 5350 “1⁸:225
141 5279 215 5334 enim
239 5277 364 5350 loquitur
385 5279 531 5332 concilium
561 5293 626 5331 sess.
659 5284 697 5333 ll.
725 5294 749 5334 c.
778 5285 809 5334 t:
846 5280 980 5334 Declarat
1006 5280 1098 5334 loram
1112 5285 1278 5348 potestatem
1295 5277 1436 5346 episcopis
1452 5279 1672 5332 commendatam
1689 5277 1781 5340 messa
1798 5284 1840 5330 ot·

21 5360 242 5453 ffiffwancta
259 5366 400 5433 synodm,
423 5373 538 5434 praeter
558 5356 673 5417 ¹ceteros
692 5365 895 5418 ecclesiasticos
914 5384 978 5435 pra·
1007 5383 1059 5437 qne
1077 5367 1107 5419 in
1126 5365 1187 5418 illis
1199 5364 1399 5433 permansisse,
1418 5380 1450 5418 ccc
1465 5365 1517 5419 lsoc
1532 5365 1717 5429 fondamento
1736 5363 1841 5431 epieco-

21 5461 106 5505 dm.
141 5453 197 5505 dses
215 5451 363 5521 episcopos
381 5451 450 5521 (qui
472 5453 501 5505 in
525 5452 616 5504 locum
635 5450 828 5519 apostolorum
847 5468 981 5505 successe·
1002 5470 1058 5522 pos
1075 5467 1184 5522 semper
1211 5451 1374 5515 ordinasse,
1400 5466 1457 5506 non
1483 5450 1533 5513 t‘as
1551 5456 1600 5504 ant
1617 5448 1726 5503 licitam
1736 5449 1842 5518 sabee,

138 5536 226 5607 rant)
261 5537 304 5590 ad
328 5536 401 5590 lanc
433 5536 640 5591 lsierorclsicum
670 5536 797 5590 ordinem
824 5537 980 5607 praecipue
1007 5546 1038 5592 at
1056 5536 1180 5602 inferior
1196 5536 1333 5605 majorem
1352 5537 1515 5601 ordinaret,
1544 5536 1613 5606 qaia
1632 5550 1719 5613 ¹sscssso
1736 5535 1840 5604 mnis,
