4020 6014
662 223 715 278 Da
732 218 955 280 MINISTERIO
972 218 1274 279 ECOLESIASUCO.
1779 239 1818 295 99

117 374 254 430 mandato
273 380 302 429 et
319 376 494 433 institutione
511 377 607 432 divina
623 378 707 448 hujus
732 377 802 432 ritus
819 374 957 448 quaestio-
971 374 1161 459 >impositam
1173 395 1272 431 manus
1286 380 1492 432 ordinationem
1508 381 1648 448 apostolis
1659 382 1818 436 contulisse.

116 477 182 515 nem
190 462 479 519 esseanimadvertens
491 464 587 520 addit:
601 468 627 521 2.
635 466 701 518 Non
713 462 1061 557 lepimusquidcm,pNam
1090 463 1199 515 etiarnsi
1220 465 1353 532 scriptum
1381 482 1437 518 non
1461 468 1513 534 sit,
1537 483 1592 535 per
1616 468 1819 538 impositionem

119 548 235 601 sisberti}
253 551 345 602 serbis
366 548 508 603 Christum
525 552 643 617 11111111,
664 552 798 604 ordinate
817 550 1117 603 ministros·monuum
1142 551 1291 603 ordirtatos
1313 552 1404 615 fuisse
1432 553 1590 621 apostolos,
1615 562 1707 607 tamen
1733 572 1820 625 neque

114 649 170 701 per
187 652 289 687 manus
300 636 514 704 impositionem,
535 639 590 690 sed
602 638 745 690 euidenter
757 639 790 689 lcl
800 637 960 705 callipimus
984 634 1119 702 scriptam
1136 646 1175 689 est
1200 639 1383 698 contrariam,
1409 647 1435 690 et
1461 639 1550 692 multa
1570 641 1647 706 fecit
1676 642 1820 708 Dorainas,

118 735 153 771 ea
183 721 291 773 sancta
319 721 418 775 literis.
465 723 541 775 Nam
571 740 626 775 non
651 730 743 792 potest
773 723 850 774 ullus
878 722 1058 787 lanrofqaaa
1085 723 1192 792 scripta
1221 741 1277 775 non
1308 732 1381 776 sunt.
1423 724 1651 794 Respondemus:
1678 726 1821 796 Scriptura

117 806 244 872 gratiam
274 807 398 874 allipore
425 816 501 861 certo
532 809 627 877 ripae,
658 817 688 861 ut
720 816 835 861 constat.
871 793 1040 874 Atquilnon
1064 804 1159 860 deficit
1184 807 1212 860 in
1237 808 1415 874 necessariis,
1445 814 1476 863 at
1495 811 1652 879 symbolum
1676 818 1819 866 externum

117 894 273 945 remuriam
291 892 459 961 &psoras
477 894 600 961 altipeta
618 902 658 946 est
676 895 772 960 pratia
790 911 890 947 manus
908 894 957 944 im·
985 891 1185 945 sacramentale
1211 901 1253 946 est
1277 894 1312 946 de
1334 895 1501 949 necessitate
1526 897 1705 964 sacramenti,
1735 914 1820 968 quare

114 977 269 1046 positioni,
300 987 330 1030 ut
353 996 387 1031 ea
408 979 469 1033 illis
486 981 578 1033 verbis
591 988 673 1048 patet
693 986 715 1034 1.
733 979 805 1032 Tim.
825 986 856 1033 4:
889 979 960 1031 Noli
986 975 1008 1029 si
1029 992 1161 1029 manuum
1180 978 1318 1047 impositio
1342 986 1415 1033 esset
1439 979 1597 1050 symbolum
1621 983 1820 1038 sacramentale

117 1065 262 1130 nepliperc
280 1065 417 1134 oratiam,
445 1082 520 1133 quae
543 1068 612 1118 data
637 1074 678 1118 est
702 1065 958 1133 1111111111-
986 1061 1096 1131 proprie
1114 1062 1154 1115 sic
1172 1063 1276 1118 dictum
1303 1072 1332 1119 et
1358 1083 1390 1120 eo
1416 1065 1471 1120 fine
1493 1066 1637 1122 aChristo
1655 1069 1819 1132 adhibitum,

118 1152 188 1204 fiam
205 1168 269 1204 cum
286 1151 464 1219 impositione
482 1169 628 1220 manuum,
651 1152 701 1203 ubi
723 1151 800 1204 illud
819 1168 873 1219 per
890 1168 958 1219 pro-
985 1154 1017 1200 ut
1035 1148 1154 1218 gratiam
1175 1149 1216 1202 illi
1241 1150 1383 1221 alligatam
1411 1168 1472 1206 esse
1495 1154 1700 1218 ostenderetur,
1723 1156 1820 1227 utique

113 1237 243 1306 plistiam
262 1255 318 1290 non
337 1245 378 1290 ert
396 1238 621 1299 lustramentum,
638 1239 690 1290 secl
706 1254 793 1289 causa
812 1236 958 1304 impellens
984 1233 1173 1302 evangelistae
1208 1235 1281 1288 illius
1323 1237 1489 1291 mentionem
1523 1239 1645 1308 aliquam
1680 1241 1818 1298 fecissent.

119 1331 147 1376 et
162 1339 283 1390 monens,
301 1324 514 1376 instrumentum
530 1330 622 1375 autem
641 1323 832 1390 conferendae
848 1324 958 1389 pretias
985 1317 1118 1372 Fideliter
1143 1319 1305 1373 describunt
1331 1320 1469 1392 integram
1489 1322 1621 1392 baptismi
1642 1331 1670 1378 et
1695 1326 1819 1381 euchari-

119 1414 162 1458 m
185 1407 265 1460 illud
287 1426 349 1461 cum
373 1409 549 1477 impositione
573 1427 712 1462 museum,
756 1408 859 1460 Seram
886 1408 958 1461 enim
985 1403 1055 1457 stiae
1080 1403 1295 1474 institutionem,
1324 1408 1457 1476 &polibollt
1479 1415 1507 1463 eii
1533 1411 1711 1480 septuaginta
1737 1413 1818 1466 (113111-

119 1500 168 1556 est,
187 1493 251 1546 noli
262 1494 404 1562 negligere
415 1496 541 1562 oratiam
553 1493 644 1561 illam,
662 1510 734 1562 quae
753 1494 806 1546 titi
822 1497 893 1546 data
910 1503 958 1561 est,
985 1487 1058 1557 pulis
1077 1497 1242 1558 potestatem
1263 1491 1407 1546 ministerii
1426 1493 1521 1547 datam
1540 1511 1601 1549 esse
1619 1496 1750 1566 referunt,
1769 1500 1820 1553 aad

118 1580 236 1645 quondo
260 1580 409 1650 φὺςφω
432 1598 451 1632 a
472 1596 514 1633 ma
541 1581 689 1633 ordimem
706 1597 735 1633 aa
747 1581 833 1647 juxto
850 1581 957 1633 revela.
980 1581 1157 1642 χειροθεσίας
1167 1575 1309 1632 adhibitae
1321 1577 1412 1631 nullus
1424 1579 1547 1648 ipsorum
1558 1580 1627 1634 facit
1643 1583 1819 1641 mentionem.

119 1664 224 1717 1111111
249 1666 286 1717 ale
315 1671 341 1717 te
362 1666 434 1719 mili
448 1666 557 1728 factam
575 1666 675 1734 (Deam
695 1666 767 1718 casim
784 1666 958 1719 revelaverat
985 1659 1037 1713 Oui
1068 1677 1132 1714 vero
1160 1663 1322 1731 persuaderi
1349 1670 1455 1732 potest,
1490 1680 1551 1718 eam
1579 1666 1615 1720 ab
1643 1669 1819 1740 evangelistis

118 1751 216 1804 Paulo
231 1760 258 1803 et
269 1752 406 1818 jusserat,
424 1759 454 1804 ut
468 1752 640 1805 Timotheum
658 1752 814 1820 ordinaret,
835 1753 868 1804 id
882 1753 959 1820 quod
985 1745 1070 1800 fuisse
1100 1750 1337 1816 praetermissam,
1367 1751 1389 1803 si
1418 1750 1543 1805 Christus
1569 1753 1644 1808 facto
1671 1772 1720 1808 suo
1745 1755 1819 1810 hunc

118 1836 204 1888 eiam
220 1835 337 1888 labetur
360 1840 390 1889 in
405 1838 501 1906 primo
519 1838 561 1904 c.)
587 1838 739 1890 secuudum
754 1839 958 1906 praecedentes
984 1832 1068 1885 ritum
1091 1840 1224 1903 tanquam
1249 1833 1407 1905 symbolum
1429 1838 1631 1892 sacramentale
1654 1846 1820 1909 perpetuum

119 1921 151 1972 in
179 1928 205 1973 tc
220 1921 395 1989 prophetias.
438 1923 520 1985 111111
543 1931 634 1975 amem
657 1924 867 1975 instrumentum
894 1940 956 1975 cori·
984 1919 1116 1973 ecclesias
1133 1920 1319 1989 praescribere
1340 1921 1491 1977 voluisset?
1509 1924 1648 1978 Addimus
1665 1928 1694 1979 ix
1709 1945 1821 1998 neomu-

111 2007 260 2074 suendae
277 2007 389 2074 prutina
407 2009 498 2071 fuerit
516 2008 657 2078 impositio
675 2026 820 2073 manuum,
839 2009 956 2062 laomor
986 2012 1061 2070 σίας,
1086 2004 1109 2057 11
1134 2004 1178 2058 vel
1200 2007 1318 2059 maxime
1343 2007 1412 2061 ritus
1440 2008 1488 2061 ille
1512 2025 1531 2062 a
1547 2009 1657 2065 Christo
1674 2012 1773 2068 1111111
1790 2013 1820 2067 in

117 2092 216 2145 adnuo
233 2092 340 2146 clarino
358 2098 383 2147 2,
402 2091 473 2148 Tim,
496 2099 522 2148 1:
544 2095 689 2147 Admoveo
707 2103 742 2161 io,
762 2103 792 2146 ui
809 2096 958 2147 resonatos
983 2088 1157 2144 ordinatione
1182 2092 1368 2160 apostolorum
1390 2092 1548 2159 adhibitus,
1573 2097 1696 2149 nondum
1725 2106 1820 2154 tamen

117 2179 260 2245 proriam,
279 2196 351 2247 quac
369 2179 400 2232 iu
419 2185 445 2232 le
464 2189 518 2248 eat,
536 2197 589 2249 per
605 2180 810 2249 impositionem
826 2198 957 2233 maurium
983 2175 1144 2230 mandatum
1162 2184 1191 2230 et
1206 2176 1408 2230 institutionem
1421 2195 1454 2231 ex
1466 2195 1499 2232 eo
1516 2178 1607 2233 evinci
1624 2199 1714 2250 posse,
1735 2183 1819 2255 siqui·

117 2279 255 2320 marum,
292 2261 361 2317 Cum
393 2265 479 2332 ipt'lttt·
508 2267 605 2334 pratia
630 2269 667 2319 ait
698 2266 820 2333 alligata
843 2269 957 2319 arilina-
984 2261 1045 2314 dem
1065 2262 1271 2331 insufflationis
1288 2262 1373 2316 ritum
1393 2263 1520 2317 Christus
1537 2265 1667 2320 adhibuit
1682 2268 1747 2323 doh.
1776 2276 1818 2338 20,

117 2351 192 2404 tim
202 2367 261 2418 por
282 2368 382 2404 mm
406 2351 623 2421 mosomum,
655 2369 764 2405 „nomm
788 2361 837 2420 aar,
865 2356 957 2407 Deum
985 2353 1173 2417 1111111]
1192 2355 1285 2402 tamen
1304 2365 1355 2403 nec
1374 2350 1435 2418 ipse
1454 2349 1639 2405 Bellarminus
1660 2354 1818 2422 symbolum

118 2453 179 2490 esse
211 2445 355 2491 auctorem
390 2447 416 2491 et
448 2439 633 2491 institutorem
662 2439 742 2491 illius
774 2440 953 2492 ceremoniae.
983 2434 1184 2488 sacramentale
1201 2440 1366 2504 perpetuum
1387 2443 1415 2489 at
1432 2435 1602 2491 ordinarium
1625 2438 1709 2508 hujus
1728 2457 1819 2496 sacra·

117 2521 349 2592 Respondemus.-
372 2529 395 2578 l.
413 2523 477 2579 Non
495 2539 644 2594 negamus,
670 2523 817 2579 Timotheo
835 2540 886 2594 per
908 2524 956 2577 im·
983 2519 1069 2574 menti
1091 2537 1151 2574 esse
1174 2521 1279 2575 1111111.
1316 2519 1454 2590 Urgemus
1478 2521 1564 2592 igitur
1594 2532 1691 2578 contra
1715 2526 1819 2581 Bellar-

119 2608 288 2680 positionem
306 2625 437 2664 mmuum
457 2609 552 2664 datam
574 2609 659 2664 tuisse
675 2610 808 2680 gratiam,
835 2610 957 2664 sednon
984 2607 1087 2659 minum
1107 2606 1158 2661 hoc
1177 2613 1385 2676 argumentum:
1413 2607 1479 2662 Sine
1504 2626 1558 2679 quo
1585 2610 1704 2664 conferri
1728 2621 1821 2682 potest

117 2694 255 2763 videmus,
274 2710 330 2766 qua
340 2694 447 2750 ratione
464 2712 544 2750 exeo
558 2695 653 2767 colligi
665 2695 761 2765 possit,
777 2696 852 2767 quod
864 2696 957 2766 gratia
983 2693 1075 2763 gratia
1100 2692 1321 2761 sacramentalis,
1351 2694 1388 2746 ad
1413 2693 1482 2747 illud
1508 2701 1642 2765 tanquam
1660 2698 1818 2766 symbolum

117 2797 254 2835 manuum
273 2780 442 2852 impositioni
465 2786 599 2852 tanquam
621 2781 748 2852 symbolo
766 2782 958 2836 sacramentali
984 2779 1184 2833 sacramentale
1216 2795 1270 2833 non
1299 2788 1341 2832 est
1369 2780 1459 2849 gratia
1488 2778 1608 2849 alligata
1645 2785 1731 2850 Atqui
1761 2786 1820 2841 sine

119 2865 254 2921 divinitus
277 2867 405 2922 instituto
428 2874 561 2938 proptera
584 2885 692 2938 semper
715 2874 744 2922 et
768 2876 904 2938 perpetuo
922 2867 959 2920 sit
984 2883 1115 2919 manuum
1128 2864 1302 2933 impositione
1317 2865 1436 2918 conferri
1453 2872 1545 2934 potest
1556 2868 1648 2936 311111
1665 2885 1819 2925 sacramen·

119 2953 251 3024 alligata,
280 2953 319 3007 ita
335 2961 368 3008 ut
387 2953 446 3008 sine
462 2971 494 3008 eo
513 2953 673 3023 simpliciter
691 2954 810 3007 conferri
828 2964 957 3024 nequeat.
984 2951 1054 3005 talis.
1089 2950 1165 3020 Ergo
1178 2950 1215 3003 ad
1234 2949 1436 3018 impositionem
1455 2967 1586 3005 manuum
1599 2959 1730 3024 tanquam
1748 2973 1820 3026 sym·

119 3038 163 3092 Ex
183 3039 276 3094 verbis
293 3038 454 3094 Bellarmini
473 3056 528 3093 non
552 3045 645 3110 potest
667 3039 743 3093 aliud
763 3046 957 3110 argumentum
985 3037 1079 3091 bolum
1097 3035 1296 3089 sacramentale
1322 3053 1378 3089 nou
1398 3045 1440 3090 est
1456 3039 1549 3108 gratia
1567 3039 1690 3110 alligata.
1729 3042 1820 3097 Minor

117 3124 215 3197 colligi
242 3142 327 3196 quam
354 3125 426 3181 tale:
453 3125 508 3180 Per
537 3127 611 3197 quod
641 3125 788 3181 Timotheo
814 3126 880 3180 dats
904 3126 958 3182 tuit
984 3122 1081 3192 uagari
1100 3121 1205 3192 nequit,
1227 3128 1258 3175 ut
1277 3128 1431 3177 constater
1443 3123 1525 3176 dictis
1543 3131 1572 3177 et
1589 3126 1763 3195 potissimum
1786 3147 1819 3185 ex

117 3210 219 3281 mais,
238 3209 275 3265 ad
293 3209 365 3265 illud
384 3217 518 3283 tanquam
536 3210 693 3282 symbolum
706 3212 906 3266 sacramentale
925 3228 958 3266 ea
984 3225 1024 3271 ea,
1044 3208 1118 3280 quod
1136 3207 1320 3262 Bellarminus
1340 3207 1402 3262 libr.
1423 3214 1445 3262 1.
1463 3209 1499 3262 de
1516 3226 1631 3266 sacram.
1648 3213 1737 3269 ordin.
1755 3233 1779 3272 1.
1794 3222 1818 3270 1.
1891 3224 1901 3245 '

118 3304 163 3352 sss
180 3306 317 3368 perpetuo
330 3296 454 3368 alligata.
477 3297 533 3352 Per
547 3298 748 3368 impositionem
767 3315 897 3352 munuum
911 3298 957 3351 Ti·
983 3295 1163 3349 subdiaconis
1182 3295 1307 3363 gratiam
1319 3298 1549 3348 sacramentalem
1567 3300 1698 3363 conferri
1713 3302 1819 3370 statuit,

119 3383 233 3439 matheo
246 3383 313 3438 data
333 3383 387 3438 fuit
398 3383 499 3454 gratia.
522 3382 722 3454 Ergoetu.1bi
741 3401 806 3439 vero
824 3401 958 3454 negamus
984 3399 1047 3435 curn
1084 3389 1178 3436 tamen
1210 3380 1270 3433 sine
1301 3380 1476 3450 impositione
1499 3397 1629 3434 manuum
1653 3385 1820 3441 ordinentur.

118 3470 253 3539 majorem
271 3469 495 3540 propositionem,
513 3486 596 3540 quam
616 3487 757 3539 nunquam
775 3469 877 3539 poterit
894 3469 957 3524 Bel·
984 3476 1009 3523 3.
1035 3468 1185 3537 Nunquam
1210 3467 1297 3536 igitur
1325 3483 1358 3520 ex
1384 3466 1440 3520 ritu
1460 3474 1641 3534 perpetrator
1671 3469 1757 3526 libere
1783 3474 1820 3528 ab

117 3555 251 3610 larminus
269 3557 467 3610 demonstrare.
504 3561 530 3610 2.
549 3554 580 3611 si
596 3556 669 3609 enim
694 3555 786 3625 311111
808 3561 882 3609 essct
899 3555 957 3608 alli·
983 3554 1116 3624 apostolis
1143 3562 1275 3622 usurpato
1301 3553 1400 3607 elicere
1424 3553 1526 3622 poterit
1544 3553 1741 3625 Bellarminus,
1769 3560 1819 3613 niti

118 3651 186 3712 gata
195 3659 327 3695 manuum
338 3641 516 3712 impositioni,
529 3641 790 3713 consequemioret,
802 3643 957 3696 necdatam
983 3658 1046 3695 eum
1067 3640 1198 3693 mandato
1216 3646 1245 3693 et
1264 3638 1435 3693 institutione
1455 3638 1566 3710 divina,
1584 3659 1635 3711 per
1653 3661 1737 3714 quam
1756 3663 1827 3717 gra-1

117 3728 221 3795 luisse,
246 3743 299 3781 nec
318 3727 378 3781 dari
396 3728 520 3798 potuisse
545 3728 620 3781 illam
638 3727 756 3798 gratiam
774 3727 881 3798 absque
900 3744 953 3780 ma·
984 3728 1025 3780 tia
1043 3725 1250 3780 sacramentalis
1268 3725 1305 3778 ad
1326 3725 1404 3778 illurn
1427 3724 1464 3778 sit
1480 3725 1608 3797 alligata,
1636 3731 1685 3784 sed
1704 3731 1819 3787 afferes.

119 3831 206 3868 nuum
221 3812 403 3882 impositione.
440 3812 616 3868 (1111111111
634 3812 804 3867 ostendimus
820 3813 956 3883 superius,
984 3814 1051 3866 dum
1072 3820 1132 3866 erat
1150 3829 1310 3882 expressum
1329 3811 1510 3866 institutionis
1530 3815 1658 3884 verbum,
1682 3820 1764 3887 quale
1789 3820 1819 3873 in

121 3907 231 3954 constat
251 3900 338 3968 enim,
354 3904 384 3954 11
401 3899 550 3968 apostolis,
571 3907 598 3954 et
617 3900 795 3969 sepmaginta
813 3898 957 3968 discipulis
983 3898 1097 3968 reliquis
1123 3899 1158 3955 N.
1182 3898 1215 3954 T.
1243 3899 1423 3954 sacramentis
1442 3901 1552 3970 proprie
1577 3901 1617 3954 sic
1635 3901 1716 3956 dictis
1734 3903 1819 3959 habe·

121 3991 180 4040 tum
198 3993 273 4050 ante,
294 3991 353 4040 tum
370 3991 435 4056 post
450 3986 678 4041 resurrectionem
695 4003 713 4041 a
733 3985 843 4040 Christo
863 3986 956 4039 datam
983 4003 1052 4040 mus.
1094 3993 1119 4041 4.
1154 3992 1323 4056 xsrpotsm'u
1345 4004 1400 4040 non
1428 3994 1473 4041 est
1499 3988 1655 4043 ceremonia
1683 3991 1820 4060 quaedam

122 4089 182 4128 esse
208 4073 329 4143 gratim
352 4071 459 4144 absque
479 4089 611 4127 manuum
639 4072 822 4142 impositione.
853 4071 957 4125 Bellar·
984 4072 1165 4127 ordinationis
1182 4072 1308 4143 propria,
1332 4073 1382 4128 sed
1400 4073 1493 4142 potius
1511 4076 1664 4129 communis
1681 4078 1819 4147 quaedam

122 4159 212 4213 minus
231 4159 342 4230 regerit,
365 4160 505 4228 Christum
522 4178 578 4213 non
588 4160 680 4224 fuisse
693 4159 844 4227 alligatum
861 4176 958 4212 sacra·
984 4159 1155 4227 ceremonia,
1179 4177 1235 4231 qua
1252 4160 1288 4212 ad
1307 4159 1483 4214 collationem
1501 4162 1682 4230 peculiarium
1701 4163 1820 4235 Spiritus

121 4247 235 4310 mamis,
265 4245 389 4314 proirsds
424 4247 518 4317 ipsum
554 4247 678 4314 potuisse
713 4246 850 4314 apostolis
887 4247 958 4298 dare
984 4247 1074 4300 sancti
1092 4247 1306 4314 charismatum,
1331 4246 1367 4300 ad
1392 4247 1518 4301 sanitatis
1540 4249 1756 4319 restitutionem,
1783 4250 1819 4303 ad

122 4334 250 4402 effectum
262 4333 434 4387 sacrmenti
443 4334 503 4385 sine
516 4339 701 4398 sacramento,
717 4333 750 4384 111
769 4342 808 4385 est
822 4333 958 4385 ordinare
984 4333 1250 4388 commendationem
1285 4349 1513 4403 quorumcunque
1545 4351 1596 4402 per
1628 4351 1724 4403 preces
1758 4324 1819 4388 Deo

10 4427 109 4471 11111
122 4418 266 4490 apostolos
290 4419 350 4472 sinc
379 4419 556 4490 impositione
585 4435 691 4470 manus.
735 4417 959 4488 Respondemus:
984 4422 1102 4488 factam,
1136 4436 1313 4489 nequaquam
1340 4435 1406 4473 vero
1436 4419 1472 4472 ad
1506 4419 1592 4472 solem
1621 4419 1820 4474 ordinationem
1851 4414 1854 4421 ’

123 4504 163 4562 111
189 4505 274 4561 ritum
297 4503 328 4557 in
352 4503 492 4574 baptismo
515 4504 718 4559 observandum
745 4504 862 4574 ipsemet
882 4504 958 4558 insti·
985 4506 1103 4579 apostoli
1132 4506 1216 4561 libere
1243 4505 1357 4559 luerunt
1386 4505 1438 4560 usi.
1474 4506 1602 4560 Becanus
1629 4505 1658 4557 in
1688 4505 1758 4574 disp.
1785 4505 1820 4559 de

122 4590 176 4647 tuit
193 4597 224 4645 et
240 4589 417 4659 susceptione
434 4589 565 4660 baptismi
582 4605 670 4659 aquas
690 4589 725 4643 ad
740 4589 959 4645 hocsacramen·
984 4599 1074 4648 vocat
1086 4591 1201 4645 ministr.
1214 4591 1286 4644 thesi
1301 4597 1342 4646 tl.
1371 4593 1534 4645 Notandum
1554 4591 1673 4661 (inquit),
1692 4608 1821 4645 recreauit

123 4673 393 4741 hamsanctifiattvit3
412 4683 443 4730 ut
459 4691 560 4745 panem
574 4682 603 4729 et
620 4677 714 4728 vinum
726 4674 756 4729 in
774 4692 854 4730 saera
873 4693 960 4731 coena
983 4679 1188 4748 impositionem
1211 4678 1242 4730 in
1265 4678 1301 4730 N.
1329 4679 1361 4734 T.
1384 4679 1426 4731 ad
1445 4679 1542 4730 varios
1560 4679 1673 4746 effectus
1691 4676 1823 4731 asllideri

122 4763 242 4833 ipsemet
259 4762 414 4832 ordinarit,
433 4767 466 4817 ut
483 4769 576 4817 essent
594 4761 721 4831 symbola
738 4764 958 4830 sacramentalia,
984 4766 1113 4832 solmam,
1136 4768 1160 4816 1.
1182 4766 1224 4816 ad
1242 4766 1389 4817 sanortclos
1408 4771 1552 4831 aegrotos,
1570 4762 1656 4818 Marc.
1678 4769 1716 4831 ts,
1734 4781 1760 4818 v.
1780 4770 1819 4819 18.

121 4848 173 4904 hoc
191 4856 235 4904 est
255 4847 382 4922 ὀχήματα
408 4865 442 4904 11
465 4848 573 4913 media,
598 4865 649 4918 por
672 4864 744 4918 quae
762 4864 806 4902 res
824 4849 958 4918 coelestis,
986 4856 1012 4908 2.
1032 4847 1657 4920 adtropartiaadambencdictioncm,ldatth.
1676 4855 1759 4918 111.
1781 4855 1819 4905 ts.

122 4952 222 5007 corpus
246 4935 353 4990 scilicet
370 4941 400 4991 st
420 4936 535 5007 sanguis
559 4934 654 5006 ipsius,
676 4934 803 5003 duratum
829 4935 869 4989 ita
893 4953 960 5006 quo·
984 4942 1013 4995 3.
1031 4940 1073 4991 acl
1089 4937 1474 5005 felicemcomprecationem,
1495 4933 1559 4988 Act.
1583 4939 1622 5003 13,
1642 4953 1667 4990 v.
1690 4944 1713 4991 3.
1744 4937 1821 4990 tad

122 5039 175 5093 que
202 5020 286 5076 ritum
307 5026 487 5092 χειροθεσίας
513 5021 625 5091 ipsimet
652 5020 727 5074 omni
755 5021 841 5076 dubio
863 5022 960 5092 procul
988 5026 1126 5096 Spiritum
1152 5042 1175 5078 1.
1199 5024 1411 5086 coisses-endum,
1435 5019 1531 5073 Actor.
1558 5026 1586 5089 8,
1610 5039 1637 5073 v.
1662 5029 1701 5077 17.
1736 5026 1761 5072 i.
1779 5021 1821 5073 oa

122 5106 302 5178 expressimet
321 5108 406 5178 inque
434 5107 607 5163 ordinatione
626 5107 815 5176 adhibuisset,
843 5107 867 5160 si
887 5124 959 5162 cere·
973 5111 1189 5176 7111111111111
1211 5108 1336 5175 protinas
1362 5107 1393 5158 in
1417 5107 1597 5159 ordinatione
1622 5108 1819 5170 ministramus,

123 5195 241 5249 moniam
259 5193 335 5247 illam
354 5193 488 5248 voluisset
508 5211 568 5249 esse
587 5194 708 5248 medium
728 5192 912 5255 conferendae
929 5194 959 5247 in
987 5205 1011 5254 2,
1028 5197 1099 5252 Tim.
1122 5204 1151 5261 l,
1173 5200 1244 5248 16.
1281 5191 1439 5260 Η1111111;
1464 5192 1603 5262 quomodo
1626 5193 1711 5262 igitur
1735 5189 1820 5244 statui

124 5279 299 5335 ordinatione
316 5279 426 5351 gratim
442 5297 476 5334 ac
495 5280 577 5334 talem
596 5279 693 5345 ritum,
717 5280 763 5334 cui
780 5278 872 5350 gratia
889 5286 961 5335 esset
973 5292 976 5407 ,
987 5289 1095 5354 potest,
1122 5280 1197 5351 quod
1213 5284 1377 5348 χειροθεσία
1392 5276 1429 5331 111
1446 5278 1509 5332 talis
1527 5279 1609 5347 ritus,
1639 5278 1686 5347 qui
1703 5275 1740 5328 sit
1755 5274 1820 5332 huie

124 5365 248 5437 alligata.
287 5366 424 5438 Intelligit
441 5367 494 5421 hoc
512 5365 713 5432 Bellarminus,
735 5365 799 5422 ideo
818 5366 961 5420 11111111-
987 5372 1159 5424 sacramento
1187 5363 1315 5433 proprius
1336 5370 1365 5416 et
1388 5364 1432 5418 cui
1451 5365 1542 5435 gratia
1559 5359 1765 5417 sacramentalis
1784 5352 1822 5416 sit

123 5452 198 5524 cipit.
230 5453 297 5508 Non
314 5455 449 5524 sopimur,
469 5452 569 5526 inquit,
586 5453 709 5516 credere,
727 5453 881 5505 Damasum
899 5456 960 5509 sine
973 5434 977 5495 i
988 5453 1128 5525 alligata?
1153 5449 1276 5521 quinimo
1294 5448 1480 5504 Bellarminus
1497 5451 1557 5520 ipse
1576 5444 1687 5512 statuit,
1705 5445 1821 5515 imposi-

1453 5553 1487 5607 Ἰ.
