4020 6014
211 370 271 427 aen
785 347 1130 426 nocnsvran'sruus
1149 369 1330 434 eumuna

209 535 274 569 num
292 534 359 584 crgo
380 520 483 572 meltum
502 523 636 576 uiolentia
654 530 681 575 et
694 523 794 575 bellum
806 541 862 576 nan
870 528 1044 591 promovent.
1072 537 1154 574 uerae
1178 522 1325 590 religionis
1348 524 1414 576 celo.
1456 523 1637 594 Magistratus
1661 524 1708 594 qui
1730 539 1796 576 vere
1808 578 1811 583 ,
1823 527 1852 578 et
1874 541 1905 577 ex

209 605 286 656 Nam
310 605 522 671 quartinonum
542 615 582 660 cst
599 609 677 672 Deo,
704 608 794 660 cauas
813 610 871 662 Dei
886 628 942 664 non
962 608 1045 661 est.it
1071 606 1163 660 animo
1186 623 1267 661 verae
1290 607 1416 678 religioni
1435 608 1563 662 addictus
1582 613 1638 675 est,
1657 625 1712 662 non
1730 608 1835 679 frigide
1856 626 1905 664 nec

114 686 118 690 ’
210 675 444 759 Distingusddum
467 699 560 746 tamen
589 699 610 747 1.
636 691 709 747 inter
731 693 900 748 coactionem
924 695 960 748 ad
978 694 1045 747 reli·
1071 691 1220 746 oscitanter
1243 708 1304 746 eam
1329 692 1472 756 defendet,
1499 692 1549 747 sed
1572 710 1636 748 vero
1661 699 1689 748 et
1713 693 1823 749 fervido
1848 695 1905 749 zelo

209 776 318 838 pionem
336 791 431 829 areram
449 785 475 830 et
491 780 532 830 ad
548 778 665 840 falsam.
697 776 743 832 Ad
764 778 863 833 falsam
883 779 1044 850 religionem
1072 782 1167 832 canna
1194 777 1269 830 illius
1300 777 1393 832 hostes
1421 779 1588 843 armabitur,
1613 783 1722 834 tantum
1749 781 1847 849 abest,
1875 788 1904 834 nt

210 866 316 914 tanturn
335 861 422 929 abest,
437 864 658 934 utmagistratus
671 863 797 919 subditos
817 881 917 936 cogere
934 865 1044 931 debeat,
1072 863 1196 918 diversae
1213 862 1339 935 religioni
1359 864 1388 918 in
1410 882 1459 919 suo
1478 882 1565 937 regno
1583 864 1689 920 aditum
1709 874 1737 920 et
1757 866 1906 937 hospitium

209 952 240 1000 ut
260 945 374 1000 eandem
393 948 485 1017 potius
505 949 637 1004 detestari
655 958 684 1005 et
702 951 853 1021 exstirpare
871 950 985 1014 debeat,
1012 967 1044 1004 ae
1071 948 1107 1002 sit
1125 964 1313 1004 concessurus.
1343 951 1444 1003 Nonne
1458 967 1513 1014 eos,
1532 952 1581 1019 ersi
1598 953 1719 1005 oriemnt
1736 960 1761 1005 tc
1776 953 1908 1021 Domine,

209 1031 325 1099 proinde
342 1032 364 1086 si
386 1034 421 1087 ad
440 1050 501 1088 eam
519 1035 603 1106 cogit,
622 1035 726 1106 duplici
739 1034 965 1105 nominepeccat.
999 1037 1044 1089 Ad
1072 1034 1189 1086 oderem
1211 1041 1237 1087 et
1259 1049 1345 1103 super
1376 1035 1504 1088 inimicos
1530 1044 1592 1088 tatas
1620 1036 1821 1090 tabescebam?
1843 1054 1907 1106 per-

211 1132 302 1170 veram
321 1117 481 1188 religionem
506 1118 602 1175 itidem
622 1136 676 1173 non
696 1119 781 1175 debet
799 1136 912 1192 cogere,
936 1121 1044 1174 interim
1070 1118 1146 1179 fecto
1172 1119 1238 1171 edio
1264 1120 1380 1172 ederam
1399 1120 1480 1184 illos,
1510 1120 1620 1173 inimici
1640 1120 1718 1186 facti
1741 1131 1805 1174 sunt
1831 1123 1908 1187 mebi,

209 1207 302 1254 tamen
321 1202 356 1255 ad
377 1220 437 1257 eam
461 1203 484 1256 si
505 1212 601 1275 cogat,
629 1205 719 1259 minus
734 1211 847 1274 peceat,
871 1207 981 1276 quinat
1000 1223 1044 1259 se-
1070 1202 1162 1270 inquit
1184 1203 1276 1258 David
1294 1204 1397 1259 Panlm.
1425 1210 1488 1270 139,
1506 1223 1532 1263 v.
1561 1213 1602 1261 21.
1623 1211 1651 1259 et
1674 1213 1715 1260 21.
1754 1207 1840 1260 Fieri
1858 1225 1906 1260 nec

210 1286 308 1341 ductos
327 1305 360 1342 ex
380 1289 499 1343 subditis
512 1290 678 1359 compellere
695 1296 787 1360 potest
802 1291 839 1344 ad
860 1291 1045 1346 conversionis
1071 1290 1154 1354 solet,
1177 1306 1227 1343 nee
1242 1297 1347 1358 potest,
1368 1299 1406 1348 ,ut
1425 1293 1488 1360 arcis
1507 1294 1600 1345 Deam
1620 1294 1729 1346 umere
1749 1300 1775 1346 et
1797 1311 1832 1346 eu
1851 1301 1907 1346 tota

209 1371 314 1443 media,
336 1374 413 1429 verbi
440 1374 546 1429 scilicet
571 1374 705 1429 auditum.
743 1379 769 1432 2.
792 1376 873 1430 Inter
896 1377 1042 1430 uiolentam
1072 1371 1156 1428 carde
1173 1376 1291 1443 diligat,
1316 1377 1366 1444 qui
1390 1378 1518 1430 diversas
1535 1379 1688 1445 religiones
1706 1378 1792 1431 simul
1810 1380 1907 1442 focem

210 1457 440 1512 cmsciemiarum
468 1461 638 1514 coactionem
662 1466 691 1514 et
706 1460 818 1529 publici
836 1463 964 1515 exercitii
976 1480 1043 1530 pro·
1072 1461 1222 1513 desiderat.
1268 1459 1459 1514 Cerlt‘erimum
1488 1463 1561 1515 enim
1586 1454 1661 1515 vinde
1691 1470 1744 1532 est,
1777 1471 1907 1517 neutram

208 1542 374 1597 bibitionem.
412 1543 544 1609 Quamvis
569 1546 641 1599 enim
666 1545 845 1615 magistratus
868 1564 923 1600 non
943 1545 1045 1600 debeat
1071 1548 1198 1612 credere,
1218 1548 1268 1614 qai
1285 1548 1446 1600 contraries
1465 1549 1598 1615 admittit,
1616 1546 1771 1602 Tolosanus
1790 1548 1863 1602 libro
1884 1555 1907 1604 8.

209 1628 391 1682 conscientias
408 1629 445 1683 ad
463 1629 626 1701 religionem
644 1647 753 1702 cogere,
772 1635 866 1686 tamen
883 1650 939 1687 non
958 1632 1044 1686 debet
1071 1632 1106 1685 de
1124 1631 1219 1701 repub.
1243 1649 1266 1686 c.
1294 1639 1316 1686 2.
1342 1650 1447 1687 numer.
1475 1640 1512 1688 15.
1548 1636 1574 1688 3.
1595 1634 1621 1686 A
1648 1650 1745 1702 repam
1765 1634 1906 1687 Israeliti-

209 1730 310 1786 vagam
330 1713 441 1784 quidvis
460 1714 573 1783 publice
594 1715 726 1783 docendi,
749 1716 897 1785 profitendi
923 1723 951 1772 et
968 1733 1042 1772 exer·
1070 1734 1166 1771 cerum
1193 1718 1331 1786 eaemplo,
1360 1719 1407 1789 qui
1435 1717 1615 1773 destruebant
1641 1719 1717 1772 lucos
1743 1726 1771 1773 et
1803 1718 1907 1789 templa

212 1799 293 1854 cendi
315 1799 455 1855 licentiam
482 1801 650 1869 concedere,
676 1801 724 1856 sed
750 1802 842 1856 media
861 1803 970 1857 insistat
990 1803 1044 1869 ria,
1070 1801 1205 1856 idolorum
1234 1808 1262 1856 et
1287 1803 1419 1874 populum
1445 1803 1480 1858 ad
1506 1803 1612 1857 cultum
1636 1805 1694 1858 veri
1713 1803 1768 1858 Dei
1792 1806 1905 1859 reduee-

211 1901 262 1940 nec
274 1885 326 1937 nisi
346 1891 463 1955 urgente
480 1891 603 1941 extrema
620 1888 784 1942 necessitate
803 1888 906 1957 publici
923 1888 1044 1943 exercitii
1070 1887 1147 1956 bant,
1164 1892 1197 1940 nt
1209 1887 1353 1955 Ezechiae,
1369 1889 1523 1959 iosaphati,
1540 1888 1635 1944 lasiae
1650 1894 1679 1944 et
1690 1890 1807 1944 aliorum
1819 1890 1904 1944 histo-

210 1970 365 2024 libertatem
385 1970 508 2025 diversae
522 1971 662 2042 religionis
675 1973 875 2041 professoribus
895 1974 1044 2044 permittat
1069 1972 1111 2025 ria
1139 1977 1271 2039 testatur,
1304 1975 1405 2045 quibus
1436 1975 1517 2029 etiam
1544 1974 1693 2030 Christiani
1726 1976 1906 2045 imperatores

135 2087 148 2113 n
247 2061 304 2111 199.
347 2056 496 2119 Quaeritur
519 2063 543 2111 4,
596 2058 641 2110 An
667 2059 850 2128 magistratus
870 2059 969 2128 plures
993 2059 1044 2125 (uti
1069 2058 1277 2114 annumerandi.
1311 2061 1511 2114 Constantinus
1527 2061 1663 2115 idolorum
1684 2061 1789 2131 templa
1806 2061 1906 2116 clausit

210 2145 321 2194 vocanti
358 2141 509 2210 religiones
537 2142 568 2194 in
605 2143 751 2212 republica
781 2146 905 2198 tolerare
936 2145 1043 2199 debeat.
1069 2143 1194 2198 etsalam
1214 2143 1398 2199 Christianam
1412 2144 1574 2216 religionem
1586 2145 1680 2216 vigere
1691 2144 1793 2216 Jassit3
1817 2147 1904 2199 Theo·

209 2224 370 2280 “Piseaius
392 2226 421 2279 in
443 2226 604 2296 praeloquio
629 2228 665 2281 ad
686 2227 843 2284 Pontificius
869 2229 1042 2299 responsioni
1070 2229 1167 2281 desim
1181 2229 1204 2283 I.
1219 2246 1313 2283 omncs
1326 2228 1411 2284 fidem
1422 2229 1587 2284 catholicam
1601 2231 1731 2299 amplecti
1744 2231 1840 2286 voluit
1853 2238 1904 2286 etc.

208 2311 245 2363 ad
276 2317 314 2366 10.
342 2310 463 2366 rationes
492 2312 636 2382 campiani
664 2313 786 2384 praefixo
818 2314 852 2367 A.
886 2321 916 2370 6:
945 2316 1045 2369 Pressi
1070 2317 1093 2366 1.
1119 2314 1144 2365 Α
1174 2314 1326 2384 multiplici
1351 2317 1534 2369 incommodo.
1585 2316 1626 2368 Ex
1655 2317 1703 2370 illa
1730 2317 1902 2371 diversm

209 2397 289 2456 fuere
308 2398 455 2451 dominatu
481 2398 672 2453 Romanorum
693 2400 817 2467 Judaei,
843 2404 894 2454 sed
916 2419 971 2455 non
990 2402 1042 2453 Ju·
1070 2398 1234 2470 religionum
1260 2401 1409 2455 tolerantia
1435 2401 1501 2455 oriri
1520 2401 1611 2455 solent
1627 2401 1803 2455 incommoda
1819 2402 1903 2474 longe

210 2486 344 2537 dacorum
377 2485 488 2553 religio.
538 2485 689 2539 succentus
725 2487 854 2539 naticms
886 2503 978 2555 paene
1014 2489 1044 2540 in
1069 2485 1203 2550 maxima,
1221 2485 1357 2555 siquidem
1375 2485 1457 2539 noxia
1474 2490 1517 2539 est
1534 2490 1593 2539 tum
1611 2486 1753 2548 ecclesiae,
1772 2492 1831 2540 tum
1851 2488 1902 2542 rei-

209 2570 304 2622 urbem
335 2571 454 2623 Romam
480 2572 636 2639 fluxerunt,
680 2573 777 2640 quibam
811 2573 932 2640 singulis
959 2591 1043 2626 sacra
1069 2569 1208 2640 publicae,
1225 2576 1285 2625 tum
1304 2570 1359 2625 illis
1379 2571 1455 2641 ipsis,
1477 2571 1579 2642 quibus
1596 2571 1766 2626 conceditur.
1805 2573 1903 2625 Eccle-

208 2673 262 2708 sua
298 2662 443 2723 coetusque
475 2657 571 2724 patrii
600 2663 688 2710 crant,
741 2658 840 2711 Libere
877 2675 942 2711 suos
976 2660 1043 2712 deos
1069 2656 1202 2709 siasticae
1220 2658 1338 2710 unitatis
1356 2657 1497 2710 vinculum
1517 2663 1560 2710 est
1579 2656 1660 2710 unius
1678 2655 1744 2711 fidei
1761 2656 1906 2723 confessio,

206 2740 313 2811 anguli
338 2744 477 2810 colebant,
512 2759 562 2795 uec
592 2744 634 2795 ad
662 2759 747 2795 unam
774 2744 937 2813 religionem
966 2761 1043 2813 cope-
1070 2740 1139 2812 Eph.
1154 2749 1177 2810 4,
1194 2760 1220 2799 v.
1234 2749 1256 2797 5.
1275 2757 1343 2813 ergo
1363 2743 1391 2795 in
1411 2741 1467 2796 fide
1486 2741 1620 2796 dissensio
1638 2748 1681 2796 est
1700 2741 1904 2798 ecclesiasticae

209 2829 317 2883 beatam
353 2830 414 2882 Nec
435 2828 614 2883 intes-omnes
633 2830 769 2882 barbaros
788 2837 870 2883 tanta
890 2831 1043 2884 barbaries.
1069 2827 1182 2882 unitatis
1211 2826 1362 2882 dissolutio.
1416 2827 1555 2882 Credendi
1584 2826 1698 2882 libertas
1727 2829 1905 2884 vehementer

209 2912 324 2968 Constat
345 2914 609 2968 Maltametancrum
629 2914 730 2982 religio
751 2915 861 2967 duabm
880 2932 915 2967 cc
933 2923 1041 2984 septua-
1068 2912 1198 2982 impedit,
1230 2912 1375 2984 quominus
1404 2913 1536 2967 ecelesiae
1563 2913 1672 2968 termini
1696 2913 1780 2967 latius
1806 2930 1905 2984 propa·

206 3001 285 3068 pinta
308 2999 398 3063 seclia
425 3016 497 3067 quae
520 3001 556 3052 ab
579 3017 635 3053 uno
653 3000 735 3064 sonte
752 3001 809 3053 rivi
825 3015 900 3053 more
920 3002 1043 3054 dedicata
1069 3003 1170 3068 gantur
1191 3015 1224 3053 ac
1243 2998 1336 3068 plures
1363 3000 1400 3052 ad
1419 2999 1542 3053 veritatis
1559 2998 1731 3069 agnitionem
1748 2999 1902 3069 perducan-

209 3086 239 3139 in
258 3086 396 3155 populum
431 3102 486 3154 per
509 3086 565 3140 cim
591 3086 736 3154 publicam
760 3086 897 3139 tolluntur
920 3086 1041 3140 minime.
1068 3088 1121 3136 tur.
1159 3082 1213 3139 Sed
1232 3088 1259 3137 et
1277 3083 1451 3151 reipublicae
1478 3099 1575 3152 panem
1594 3083 1740 3139 diversitas
1760 3084 1903 3157 religionis

208 3179 258 3224 ete.
295 3173 361 3224 Non
379 3171 462 3224 aliud
473 3172 575 3240 prisce
591 3173 703 3236 ferebat
720 3172 916 3225 Hebraeorum
932 3188 1042 3225 consue-
1068 3184 1123 3222 non
1152 3168 1327 3222 mediocriter
1353 3168 1514 3224 labefactat
1559 3168 1800 3233 Quemadmodum
1831 3169 1904 3225 enim

207 3260 275 3310 tudo
293 3258 512 3324 affirnsaatium,
531 3265 672 3326 oportere,
695 3263 727 3310 ut
742 3275 796 3311 msa
813 3259 930 3327 qumqste
946 3257 1041 3311 volun·
1068 3253 1251 3308 arctissimum
1270 3254 1347 3323 pacis
1367 3261 1394 3308 et
1406 3254 1570 3309 concordiae
1584 3255 1726 3309 vinculum
1739 3255 1811 3310 inter
1828 3257 1903 3310 cives

208 3349 272 3408 tate,
293 3361 347 3397 non
365 3343 395 3395 oi
407 3345 500 3397 Deum
519 3344 601 3397 colat.
635 3342 689 3397 Sed
707 3343 794 3397 Andr.
814 3342 961 3398 Ernstenb.
981 3340 1042 3395 libr.
1068 3343 1111 3393 est
1127 3356 1183 3392 ana
1203 3339 1323 3393 omnium
1348 3340 1521 3394 consentiens
1542 3339 1647 3410 religio,
1669 3341 1745 3395 sice
1772 3359 1904 3397 converso

209 3432 233 3483 2.
253 3433 347 3481 auton.
363 3445 387 3482 e.
407 3434 448 3483 26.
467 3429 517 3497 bah
536 3429 575 3482 bie
592 3428 723 3496 abriguit
741 3430 806 3494 ohne
823 3430 934 3497 iontem
953 3428 1043 3492 liliati
1069 3425 1265 3479 sententiarum
1278 3426 1313 3479 da
1330 3424 1395 3479 fidei
1408 3425 1531 3479 articulis
1544 3424 1698 3488 diversitas,
1719 3427 1901 3498 tranquillam

209 3513 262 3567 unb
282 3513 804 3582 1111ηεί111111ἰεὶηεαηδετεὸἰεῐὶςίυη
824 3517 868 3569 alt
887 3514 927 3570 bic
946 3514 1042 3582 taetre,
1069 3516 1098 3562 et
1114 3515 1244 3578 pacatum
1267 3510 1439 3581 reipublicae
1464 3516 1566 3564 statum
1590 3510 1665 3565 facili
1691 3512 1803 3582 negotio
1831 3512 1903 3566 labe-

208 3598 242 3667 fic
270 3599 340 3669 betae
367 3599 441 3667 gislei
469 3598 517 3654 tais
540 3599 574 3667 su
601 3600 690 3663 uollc,
720 3600 832 3668 nutatim
861 3601 921 3654 obet
947 3598 1043 3654 bathea
1068 3593 1166 3650 factat.
1191 3594 1288 3648 Refert
1300 3595 1411 3666 quidem
1424 3595 1623 3650 Levenclavins
1637 3595 1665 3648 in
1679 3597 1807 3665 pandect
1819 3597 1904 3652 'Iure

209 3685 290 3753 miae,
312 3687 364 3740 aab
393 3685 426 3740 ba
455 3685 516 3753 aad
534 3685 626 3753 {olata
652 3686 774 3755 gelehrte,
803 3686 911 3754 bellule
939 3684 1042 3751 aalma
1068 3687 1147 3735 etex
1168 3681 1393 3736 eoCamerarius
1420 3689 1491 3750 part.
1510 3688 1530 3736 1.
1552 3681 1676 3736 succisis.
1695 3700 1717 3738 c
1739 3688 1779 3738 58.
1801 3703 1827 3754 p.
1844 3685 1906 3739 162.

208 3772 293 3837 iterra
313 3771 380 3827 etna
401 3784 457 3838 aum
475 3770 592 3839 bilbili
618 3771 730 3839 nutribar
751 3772 793 3839 iti.
831 3770 902 3826 Dav.
921 3770 1043 3824 Paraeus
1069 3766 1143 3836 quod
1163 3765 1319 3820 Solimanus
1343 3766 1485 3829 sullanus,
1510 3783 1573 3821 cum
1597 3784 1614 3821 a
1639 3767 1769 3838 anhthi
1786 3770 1844 3840 (qui
1863 3776 1905 3824 est

208 3856 237 3909 in
255 3872 351 3910 comm.
366 3855 447 3925 epist.
465 3855 543 3909 Rom.
564 3872 592 3925 p.
615 3862 687 3913 1369.
706 3857 812 3926 pariter
829 3856 936 3951 probat,
956 3857 1042 3927 magi-
1069 3850 1223 3906 'lurcarum
1241 3851 1365 3931 pontifex¹
1384 3853 1528 3916 maximus)
1546 3861 1574 3907 et
1592 3853 1685 3906 Bassia
1703 3855 1904 3915 admoneretur.

209 3947 326 3995 stratum
352 3959 405 3995 non
433 3958 513 4011 posse
536 3960 587 3997 nee
614 3943 715 3998 debere
740 3944 833 4013 plures
858 3960 940 4014 quam
960 3959 1042 3996 unam
1070 3945 1101 3991 ut
1118 3936 1289 3992 Christianos
1320 3944 1347 3991 et
1374 3938 1444 3991 alios
1470 3938 1592 3993 diversos
1612 3938 1680 3992 ritus
1700 3933 1848 4009 sequentes
1868 3941 1904 3994 ad

209 4043 324 4096 eamque
362 4042 454 4080 veram
493 4027 654 4097 religionem
691 4029 719 4081 in
757 4045 842 4099 regno
880 4029 1043 4083 tolerare.**
1071 4024 1361 4078 musulmanizandum
1381 4031 1501 4094 cogeret,
1518 4024 1589 4079 forte
1605 4041 1639 4078 er
1658 4026 1781 4080 fenestra
1796 4026 1824 4078 in
1842 4027 1906 4080 hor·

209 4111 322 4181 Lipsius
342 4112 424 4165 etiam
443 4112 491 4168 lib.
510 4118 534 4167 4.
558 4113 635 4183 polit.
662 4129 684 4166 c.
712 4118 734 4167 2.
761 4119 790 4167 et
812 4113 840 4167 in
866 4112 914 4167 lib.
934 4113 1043 4167 deuna
1071 4115 1129 4163 tum
1156 4109 1238 4186 variis
1258 4108 1373 4163 floribus
1397 4110 1478 4164 simul
1505 4111 1594 4163 enatis
1613 4110 1772 4165 decoratum
1791 4129 1825 4166 ex
1842 4128 1905 4165 arae

209 4198 351 4268 religione,
380 4197 444 4253 Joh.
476 4199 581 4252 Paulus
608 4198 748 4253 Windeclr
779 4197 842 4254 libr.
873 4199 908 4253 de
938 4198 1042 4261 haeret,
1070 4196 1227 4264 despiciens
1246 4211 1302 4249 uno
1323 4195 1350 4247 in
1371 4196 1431 4249 loco
1454 4194 1555 4249 diversi
1574 4196 1671 4251 coloris
1689 4197 1812 4252 flosculis
1830 4214 1904 4251 mon·

210 4283 395 4353 exstirpandis
417 4301 444 4353 p.
471 4288 529 4339 327.
559 4285 662 4337 Antan.
684 4283 853 4337 Passerinus
880 4284 908 4337 in
935 4284 1042 4353 epistol.
1070 4280 1165 4335 stratis
1182 4281 1296 4334 dixerit:
1326 4281 1564 4343 Quemadmodum
1587 4282 1644 4334 iate
1662 4285 1786 4336 uarietas
1806 4284 1904 4336 berba-

97 4379 151 4420 xrv.
165 4379 197 4421 si.
210 4370 247 4423 ad
263 4385 357 4440 regem
370 4369 509 4437 Poloniae‚
523 4367 640 4421 Conred.
653 4367 765 4422 Brunus
777 4369 839 4424 libr.
853 4374 876 4423 3.
888 4369 922 4423 do
939 4369 1042 4424 haeret.
1071 4384 1133 4419 rum
1151 4383 1185 4419 ac
1202 4367 1309 4435 florium
1332 4383 1388 4419 non
1405 4367 1495 4419 solum
1512 4367 1585 4420 nibil
1603 4368 1693 4435 obest,
1718 4371 1771 4421 sed
1787 4369 1904 4437 mirifice

211 4472 234 4508 c.
260 4461 298 4510 15.
330 4454 514 4509 Bellarmmus
532 4453 578 4507 lib.
599 4453 634 4507 de
653 4453 731 4507 laicis
750 4470 772 4507 c.
797 4459 835 4509 18.
857 4459 885 4508 et
904 4453 952 4507 alii
969 4471 1042 4508 cam·
1071 4453 1166 4506 oculos
1185 4461 1210 4505 et
1229 4468 1326 4505 senuas
1344 4459 1467 4519 recreet,
1485 4453 1527 4504 sic
1543 4453 1574 4504 in
1585 4453 1704 4521 imperio
1716 4469 1776 4507 mee
1789 4456 1904 4508 diuersa

209 4542 302 4610 plures
320 4539 483 4594 Pontificius
499 4537 661 4610 praesertim
676 4538 803 4610 religioni
822 4539 925 4594 addicti
939 4540 1042 4609 simpli·
1066 4540 1142 4607 ficies
1162 4545 1187 4590 et
1216 4537 1318 4604 religio
1336 4537 1430 4604 potius
1449 4537 1516 4590 usui
1534 4545 1575 4591 cst
1593 4555 1678 4606 orsam
1698 4540 1793 4601 oneri,
1820 4541 1904 4592 modo

210 4627 277 4681 citer
295 4632 399 4697 negant
416 4625 585 4696 argumentis
604 4624 694 4678 ductis
721 4631 742 4679 1.
757 4643 776 4677 e
791 4627 886 4679 divino
900 4628 1041 4680 mandata.
1065 4631 1171 4693 pacate
1191 4624 1302 4687 cicant·
1322 4622 1397 4675 uude
1410 4622 1493 4675 etiam
1508 4622 1709 4692 Hierosolymis
1725 4623 1820 4677 videre
1839 4624 1904 4678 licet

210 4713 286 4768 Deus
304 4712 406 4782 ipsein
423 4710 520 4781 politia
537 4710 693 4764 Israelitica
711 4727 794 4764 unam
822 4716 930 4765 tantum
949 4713 1043 4783 vigere
1069 4710 1221 4772 Romanos,
1241 4708 1379 4775 Graecos,
1399 4707 1537 4778 Assyrios,
1556 4709 1696 4777 surianos,
1716 4710 1903 4776 Nestorianos,

210 4798 297 4852 voluit
315 4796 486 4868 religionem,
505 4798 572 4868 quin
590 4804 618 4852 et
630 4797 742 4851 unicum
756 4797 891 4851 duntaxat
908 4798 1040 4868 templum
1069 4795 1228 4863 Jacobitas,
1253 4793 1453 4863 Gregorianos,
1479 4794 1672 4859 Marcionitas,
1698 4795 1851 4866 Abyssinos
1876 4801 1904 4848 et

210 4885 237 4938 in
266 4885 368 4954 populo
394 4900 445 4938 suo
469 4891 573 4939 matare
594 4884 697 4952 voluit,
721 4902 756 4939 ne
781 4884 901 4954 populus
927 4885 1042 4939 diversis
1070 4881 1139 4935 alias
1151 4880 1293 4951 religionis
1304 4880 1475 4949 professione
1492 4880 1694 4949 dissentientes,
1713 4881 1762 4935 sed
1773 4881 1903 4950 politicae

209 4969 390 5040 religionibus
399 4986 432 5022 ac
442 4969 563 5024 cultibus
572 4969 768 5041 implicaretur,
780 4972 1043 5040 pseudoprophetas
1070 4967 1184 5022 unitatis
1211 4966 1321 5020 dncnlo
1350 4967 1521 5037 conjunctos.
1560 4966 1694 5021 Danuilla
1723 4968 1805 5021 etiam
1827 4968 1903 5036 apud

207 5053 678 5123 iussitinterficereDeut.13,v.
701 5062 721 5109 1.
739 5073 824 5122 apres
843 5064 868 5108 et
885 5057 981 5108 uineae
1000 5056 1043 5108 as·-
1070 5051 1224 5106 Dinothum
1251 5051 1322 5104 libro
1350 5057 1373 5106 6.
1398 5051 1492 5106 histor.
1513 5050 1618 5117 Gallie.
1638 5051 1684 5107 fol.
1713 5059 1772 5108 411.
1801 5061 1903 5117 censet,

208 5144 297 5194 verme
314 5141 448 5193 seminum
466 5142 607 5210 speciebus
626 5142 737 5193 conseri
758 5158 792 5193 ac
811 5148 909 5193 vestem
922 5157 954 5192 ex
972 5110 1150 5193 lancinatis
1170 5155 1231 5190 cum
1255 5138 1365 5190 ratione
1383 5138 1416 5190 id
1434 5137 1608 5204 assesserunt,
1633 5140 1710 5205 arrad
1727 5140 1800 5191 duae
1819 5146 1902 5206 merce

209 5227 322 5294 linoque
341 5228 451 5279 conteni
467 5225 610 5295 prohibuit
627 5225 694 5280 Lev.
719 5232 765 5293 19,
783 5243 808 5278 r.
832 5230 869 5280 19.
897 5223 982 5279 Dent.
1002 5231 1043 5289 22,
1070 5225 1199 5277 dicerem
1216 5224 1367 5290 religiones
1388 5224 1418 5274 in
1435 5241 1491 5276 unc
1512 5230 1596 5290 atque
1615 5225 1710 5277 eodem
1730 5242 1817 5293 capno
1836 5226 1903 5278 reti·

208 5330 233 5365 v.
252 5318 276 5366 9.
294 5313 412 5382 mystice
435 5311 567 5375 munem,
586 5327 641 5365 nan
662 5327 723 5366 esse
741 5311 914 5365 diversarum
933 5307 1042 5379 religio-
1068 5310 1132 5363 neri
1145 5311 1327 5377 nonpossint,
1341 5309 1408 5377 grtia
1422 5308 1453 5361 in
1467 5308 1615 5361 Occitcnia
1626 5311 1800 5363 contrarium
1815 5319 1903 5363 osten-

208 5415 274 5450 num
295 5398 401 5451 semina
417 5397 447 5450 in
466 5396 517 5451 Dei
536 5412 619 5466 agro,
645 5396 691 5466 qui
712 5403 755 5451 est
771 5394 899 5464 eeclesia,
925 5393 1042 5449 invicem
1070 5399 1168 5460 datur,
1189 5397 1409 5450 durenticntium
1427 5396 1457 5448 in
1479 5394 1616 5460 religione
1634 5413 1755 5449 summus
1772 5397 1905 5449 videatur

208 5482 420 5545 commiscenda,
440 5497 491 5536 nec
510 5499 543 5535 ex
562 5481 677 5536 diversis
694 5479 876 5552 religionibus
893 5438 1227 5605 samarita-{consensus
1260 5481 1375 5536 Interim
1394 5488 1488 5533 tamen
1505 5480 1620 5534 aliorum
1639 5482 1851 5553 magistratuum
1869 5499 1903 5537 ac

208 5566 289 5621 nismi
316 5566 456 5638 quandam
480 5571 586 5623 vadem
611 5564 822 5622 conficiendum.
868 5568 894 5618 2.
921 5567 949 5619 A
974 5583 1040 5621 uero
1067 5567 1255 5640 legislatorum
1282 5566 1360 5622 aliud
1377 5564 1432 5619 fuit
1451 5564 1603 5637 judicium,
1630 5567 1678 5639 qui
1703 5568 1903 5636 emsdmarunt,
