4020 6014
657 158 709 214 DE
728 156 954 216 mammo
971 157 1275 218 accmsmsulco.
1754 173 1815 231 209

113 309 271 367 iunocentii
287 310 342 369 111.
368 310 519 368 (lumentis
547 313 581 369 V.
609 311 680 370 stru
700 311 751 369 IV.
780 319 810 367 et
836 313 952 367 aliorum
979 312 1109 369 siasticae
1139 316 1270 384 potestati
1301 321 1512 387 competentem.
1561 315 1668 380 Quodsi
1696 334 1817 388 namque

112 393 276 465 pontificum
296 402 443 460 testantur,
468 413 521 451 nec
543 395 742 468 spiritualibus,
762 398 813 451 sed
825 414 951 469 corpora-
979 400 1158 469 magistratus
1177 401 1306 471 politicus
1325 401 1393 455 illud
1413 409 1521 456 mutare
1538 407 1662 470 recuset,
1681 402 1816 458 ecclesiae

113 481 189 536 libus
205 482 289 536 arnus
307 498 354 538 eos
373 483 502 554 castigat,
519 500 606 554 regno
624 490 651 538 et
670 483 785 553 imperio
806 500 851 539 ιιι
865 484 949 546 exuit,
978 486 1118 553 προεστώς
1135 503 1185 555 per
1201 487 1257 540 rim
1275 494 1416 541 externam
1444 504 1506 542 eum
1526 502 1626 558 cogere
1645 504 1697 542 nec
1715 495 1815 558 potest,

112 565 239 621 subditos
253 567 418 636 juramentis
450 570 566 623 exsolvit
584 574 613 624 et
631 568 685 624 hac
702 570 809 624 ratione
827 570 950 640 discipli·
977 587 1029 625 nec
1047 571 1137 626 debet

113 667 179 705 nam
206 653 455 708 ecclesiasticam'
447 671 476 708 ιιι
506 654 684 725 tyrannidem
712 654 854 723 politicam
879 672 951 710 com·
1012 664 1070 713 309.
1106 664 1131 713 2.
1152 658 1324 727 Respublica
1350 659 1542 713 ecclesiastica
1567 660 1647 712 debet
1674 676 1734 712 esse
1749 678 1814 729 per·
1827 658 1943 702 tuxsa-

114 743 212 792 mutat.
264 737 351 792 Plura
379 739 414 793 de
450 738 503 793 hac
532 741 738 809 comparatione
765 741 929 794 dicentur
923 757 952 793 ιιι
972 745 1055 809 fecto
1079 752 1105 797 ιι
1131 746 1187 798 eibi
1208 746 1390 808 sufficiens
1377 764 1407 798 m
1435 747 1536 799 ordine
1560 748 1601 799 ad
1621 764 1700 799 assum
1719 747 1814 816 fiuem,
1827 712 1939 805 bibim-

115 827 227 877 tractat
248 830 382 894 sequente
402 823 430 878 in
450 825 613 895 quaestione
626 826 828 881 dsexemtione
841 825 952 880 clerico
980 830 1052 882 tales
1073 831 1146 883 euim
1171 839 1234 884 sum
1260 849 1355 884 omues
1379 833 1557 900 respublicae
1580 833 1647 886 beas
1664 834 1813 888 institutae.
1827 825 1936 907 2:22„ssss

115 926 178 963 rum
197 925 215 963 a
232 915 369 979 potestate
386 908 468 966 civili.
980 916 1060 984 Erpo
1085 918 1165 970 debet
1188 919 1290 970 labem
1317 935 1424 971 omnem
1440 926 1606 986 potestatem
1624 919 1815 973 aesmsariam

41 1001 102 1047 ιιι
152 1001 211 1052 308
248 994 304 1051 Sed
332 995 493 1061 videamus,
517 998 655 1066 quomodo
681 998 849 1051 indirectam
876 997 952 1050 illam
980 1003 1021 1053 od
1038 1018 1118 1054 usum
1142 1004 1224 1068 finem
1250 1005 1489 1072 consequendum
1513 1007 1566 1057 sest
1589 1007 1751 1059 necessaria
1775 1013 1816 1060 est

41 1125 101 1156 m,
41 1068 255 1153 ”mpontiticis
274 1090 439 1149 potestatem
466 1083 650 1137 Bellarmiuus
675 1083 782 1152 probet
812 1099 836 1136 c.
863 1089 885 1136 l.
905 1083 952 1136 ad·
980 1088 1021 1138 asi
1037 1089 1121 1151 licem
1140 1089 1318 1156 spiritualem
1334 1096 1460 1158 potestas
1479 1091 1579 1142 utendi
1597 1099 1622 1144 et
1643 1092 1818 1160 disponendi

42 1169 94 1208 Μ·
115 1166 194 1221 ducit
215 1168 339 1221 rationes
364 1176 390 1221 et
415 1170 549 1237 exempla
588 1167 684 1222 Prima
708 1169 778 1222 ratio
796 1168 836 1222 sic
855 1166 952 1222 babet:
980 1174 1015 1225 de
1032 1174 1233 1242 temporalibus
1251 1176 1348 1242 rebus,
1367 1175 1478 1243 alioqui
1491 1183 1606 1243 possent
1623 1177 1696 1230 mali
1707 1178 1815 1247 prinei·

41 1271 79 1310 als
114 1259 248 1312 Potestas
267 1258 359 1311 ciuiles
376 1258 502 1325 abjecta
514 1265 554 1310 est
572 1256 727 1325 spirituali,
748 1257 862 1324 quaudo
875 1263 952 1308 utra·
975 1276 1027 1328 pes
1046 1260 1158 1327 impune
1166 1261 1268 1328 fouere
1287 1262 1443 1315 ιιιιιιιιοι
1461 1269 1487 1314 ιι
1503 1262 1667 1327 relipioaem
1686 1273 1816 1327 evertere,

41 1373 82 1412 ,g
117 1360 170 1412 pue
183 1361 258 1413 pars
271 1352 311 1396 est
331 1343 640 1412 ejusdemreipublicoe
654 1342 842 1397 Christianae.
872 1343 953 1408 Erpa
980 1346 1067 1411 ipitur
1086 1354 1112 1398 et
1137 1347 1210 1400 besa
1230 1355 1396 1416 potestatem
1418 1348 1508 1402 babet.
1542 1332 1768 1416 Respondemus:
1792 1356 1814 1404 t.

41 1434 93 1465 Μ’·
110 1438 205 1498 potest
241 1431 376 1499 princepe
405 1429 567 1498 spiritualis
603 1430 744 1496 imperare
772 1428 952 1495 principibus
979 1431 1104 1500 perfecta
1130 1431 1195 1486 olim
1221 1433 1275 1486 fuit
1298 1440 1423 1502 tempore
1440 1432 1554 1498 Christi,
1580 1434 1769 1503 apostolorum
1787 1442 1816 1490 et

114 1517 315 1588 temporalibus
348 1524 373 1569 et
401 1516 549 1584 disposuere
581 1514 782 1582 temporalibus
811 1514 893 1566 rebus
922 1513 952 1565 ta
978 1516 1134 1585 primitivae
1160 1518 1294 1573 ecclesiae
1321 1517 1479 1587 respublica
1498 1518 1698 1582 ecclesiastica,
1724 1538 1815 1591 neque

114 1603 215 1656 ordine
241 1603 281 1654 ad
306 1602 407 1655 bouum
431 1601 594 1669 spirituale,
619 1601 708 1653 omnis
727 1600 801 1652 euim
820 1600 951 1667 superior
978 1606 1071 1656 tamen
1092 1603 1215 1674 episcopi
1236 1610 1303 1658 tunc
1321 1605 1454 1675 temporis
1473 1604 1616 1659 habebant
1635 1605 1718 1660 talem
1737 1613 1814 1675 pote·

115 1689 258 1756 imperare
271 1694 365 1755 potest
383 1686 521 1753 inferiori
538 1704 596 1739 suo.
627 1684 852 1755 Respondemus:
870 1690 892 1739 1.
906 1700 950 1737 ar·
978 1696 1078 1744 etatem
1115 1690 1279 1760 disponendi
1318 1690 1354 1746 de
1388 1690 1597 1760 temporalibus.
1654 1689 1813 1759 Separatas

114 1781 277 1844 gumentum
301 1773 400 1826 nititur
427 1771 500 1826 falsa
528 1770 677 1842 hypothesi
711 1771 746 1825 de
774 1769 951 1825 monarchiae
977 1785 1058 1829 eruat
1084 1777 1153 1830 illae
1168 1785 1322 1846 potestates
1346 1785 1468 1846 tempore
1489 1777 1693 1845 apostolorum,
1717 1777 1816 1832 scribit

112 1859 253 1929 pontificis
279 1864 417 1929 potestate
441 1858 470 1911 in
496 1857 653 1911 universam
673 1856 776 1911 Christi
796 1855 950 1914 ecclesiam.
977 1859 1161 1915 Bellarminus
1191 1862 1283 1931 capite
1315 1862 1439 1932 proximo
1466 1861 1661 1931 praecedente;
1691 1870 1814 1931 tempore

116 1951 138 2000 2.
156 1944 275 2000 Politice
293 1951 418 2015 potestas
442 1960 498 1997 nou
523 1942 686 2014 simplieiter
706 1959 758 1997 nec
777 1943 806 1996 in
824 1943 950 1997 omnibus
981 1946 1116 2016 Greporii
1134 1949 1251 2001 eeclesia
1270 1949 1392 2001 noudum
1415 1948 1534 2000 babebat
1549 1948 1695 2016 politicum
1706 1949 1814 2015 prisci·

115 2031 318 2087 ecclesiasticae
338 2037 380 2085 est
397 2029 539 2100 subjecta,
558 2029 608 2084 sed
627 2030 656 2083 in
676 2028 881 2099 spiritualibus;
899 2046 950 2083 nee
973 2041 1086 2101 patum,
1114 2032 1213 2086 scribit
1239 2032 1313 2088 idem
1338 2050 1399 2102 cap.
1419 2032 1468 2088 ult.
1486 2033 1570 2102 hujus
1590 2032 1663 2088 libri.
1701 2033 1813 2104 Ergone

114 2116 306 2172 subordinatio
330 2115 439 2185 finium,
469 2132 552 2186 quam
576 2114 760 2170 Bellarminua
779 2120 877 2185 urget,
901 2114 950 2169 ab·
976 2125 1100 2187 tempore
1134 2116 1263 2189 Gregorii
1294 2118 1418 2172 nondum
1457 2126 1516 2173 erat
1547 2118 1672 2188 perfecta
1702 2126 1731 2173 ιι
1759 2118 1813 2173 sibi

114 2204 234 2258 solutam
255 2205 450 2273 imperatorum
475 2219 543 2273 erga
566 2201 713 2273 pontifices
734 2201 818 2255 etiam
833 2201 863 2254 in
882 2208 950 2255 tem·
978 2203 1119 2258 sufficiens
1139 2204 1168 2257 in
1186 2203 1282 2257 ordine
1299 2203 1335 2256 ad
1355 2220 1435 2257 suum
1447 2201 1531 2257 finem
1549 2204 1708 2272 respublica
1726 2205 1811 2260 eccle-

113 2289 255 2360 poralibus
278 2289 478 2359 subjectionem
505 2287 621 2358 probat,
652 2286 715 2339 finis
744 2285 950 2341 ireniiactoriae
977 2288 1108 2343 siastica?
1139 2295 1164 2345 2.
1184 2289 1352 2359 Nonpotest
1365 2289 1452 2359 major
1470 2289 1565 2360 aliqua
1584 2295 1708 2359 potestas
1726 2289 1812 2345 tribui

115 2376 182 2430 artis
200 2374 397 2437 subordinatus
422 2381 466 2429 est
489 2373 538 2428 fini
563 2372 713 2444 equestris,
737 2379 766 2427 et
790 2377 885 2428 tamen
903 2374 950 2443 qni
977 2375 1146 2444 successori,
1174 2391 1257 2445 quam
1289 2374 1317 2428 in
1349 2382 1522 2430 autecessore
1553 2376 1699 2431 invenitur.
1747 2377 1812 2432 lam

114 2460 223 2515 frenum
247 2461 329 2530 facit,
358 2478 414 2514 non
439 2466 482 2515 est
508 2460 662 2514 necessario
686 2459 772 2530 equiti
798 2458 949 2529 subjectus.
978 2478 1042 2514 vero
1069 2478 1144 2531 papa
1171 2477 1204 2515 cr
1236 2459 1383 2531 hypothesi
1411 2460 1574 2516 Bellarmini
1601 2469 1644 2516 est
1671 2479 1813 2517 successor

117 2553 142 2603 3.
161 2547 239 2612 Quae
257 2547 384 2602 absolute
402 2553 431 2602 et
447 2546 609 2616 simpliciter
626 2545 808 2600 subordinate
824 2553 897 2614 sunt,
918 2563 950 2601 eo
976 2547 1062 2604 Petri.
1107 2548 1182 2620 Ergo
1211 2565 1267 2602 non
1294 2548 1379 2603 debet
1407 2550 1539 2619 maJorem
1568 2555 1734 2618 potestatem
1758 2549 1811 2603 sibi

117 2634 199 2688 modo
228 2634 449 2704 conjunguntur,
482 2638 515 2686 ut
544 2633 656 2687 sublato
684 2631 826 2702 superiore
856 2633 951 2687 statim
976 2651 1116 2705 arrogare,
1134 2651 1218 2705 quam
1238 2635 1266 2687 in
1279 2634 1363 2689 Petro
1380 2634 1526 2690 invenitur.
1561 2635 1619 2690 Ubi
1633 2635 1812 2690 reroPetrus
1825 2644 1880 2686 1111
1895 2643 1940 2686 ιιι.

115 2720 232 2775 tollatur
249 2719 379 2787 inferius,
399 2724 483 2789 atque
503 2720 560 2773 tale
580 2718 647 2788 quid
666 2718 695 2772 in
714 2717 905 2773 ecclesiastica
923 2727 951 2773 et
978 2721 1100 2776 ιιιιιιιιι
1117 2722 1162 2774 ιιι
1181 2719 1322 2790 arrogavit
1341 2719 1394 2774 sibi
1411 2724 1577 2789 potestatem
1596 2721 1761 2790 disponendi
1776 2720 1811 2775 de

117 2806 232 2876 politica
247 2811 387 2876 potestate
403 2821 460 2858 non
479 2804 716 2859 animadvertitur.
748 2803 820 2860 Nam
838 2804 951 2857 milleto
978 2805 1197 2875 temporalibus?
1235 2811 1259 2860 3.
1277 2806 1461 2876 imperatores
1484 2806 1549 2871 olim
1567 2805 1700 2860 fovebant
1717 2805 1811 2861 haerc-

117 2892 308 2946 seelesiosticu
334 2897 473 2960 potestate
502 2890 626 2959 politica
652 2891 744 2942 adbuc
776 2898 882 2958 maaet,
916 2906 950 2940 oo
976 2894 1046 2947 ticos
1063 2892 1191 2959 Arianos,
1210 2899 1405 2963 nequetamen
1418 2907 1513 2946 eversa
1526 2890 1580 2944 fuit
1595 2891 1701 2962 religio,
1720 2907 1811 2961 neque

116 2978 295 3031 inueniuntur
325 2978 379 3030 bas
408 2983 562 3045 potestates
595 2977 763 3043 quaudoque
791 2981 951 3044 separatae,
978 2977 1101 3047 episcopi
1137 2978 1318 3047 temporalem
1355 2981 1520 3047 potestatem
1551 2976 1605 3031 sihi
1635 2977 1810 3048 arrogabant.

115 3075 145 3119 ut
162 3075 285 3136 tempore
302 3064 503 3133 apostoloram,
522 3080 594 3134 quae
614 3069 679 3116 sunt
692 3062 777 3117 rerba
788 3061 950 3116 Bellarmini
978 3070 1001 3118 4.
1022 3064 1096 3127 Quid
1114 3064 1138 3117 si
1156 3065 1215 3134 ipse
1232 3080 1321 3134 papa,
1339 3064 1384 3117 eni
1404 3079 1539 3117 summam
1558 3062 1593 3116 de
1612 3063 1810 3133 temporalibus

116 3170 139 3207 c.
157 3151 285 3222 praeced.
321 3155 347 3208 i.
364 3151 412 3218 As,
432 3149 523 3220 inquit
537 3148 731 3211 Bellarminus,
749 3165 828 3216 repes
845 3158 950 3216 etpost·
976 3149 1141 3220 disponendi
1161 3155 1326 3219 potestatem
1343 3149 1527 3204 Bellarminns
1545 3149 1683 3221 assignat,
1702 3151 1731 3204 in
1747 3149 1811 3204 bae·

116 3239 218 3305 tifiees,
242 3237 339 3291 clerici
362 3244 388 3289 st
407 3236 479 3290 laici
489 3236 608 3303 faciunt
631 3253 717 3289 uuam
741 3234 951 3303 rempublicam,
976 3236 1050 3290 resin
1070 3235 1183 3299 incidat,
1202 3234 1308 3306 ecquod
1327 3239 1395 3288 tunc
1413 3234 1565 3288 remedium
1577 3235 1725 3303 superest?
1744 3252 1811 3289 num

117 3325 208 3376 idest
231 3339 317 3375 ursam
336 3321 494 3389 eeclesiam,
518 3322 578 3386 J'am
600 3339 665 3375 asro
691 3321 721 3374 iu
741 3322 817 3374 omui
834 3338 952 3390 corpore
977 3322 1103 3393 protinus
1123 3321 1211 3377 omnis
1233 3337 1329 3375 eversa
1352 3320 1405 3374 erit
1423 3319 1541 3391 religio?
1566 3320 1629 3376 Non
1649 3326 1707 3384 est,
1736 3320 1811 3390 quod

117 3410 240 3463 membra
266 3416 330 3461 sunt
354 3424 477 3460 eouaeeu
503 3414 529 3461 et
554 3425 639 3460 uuum
664 3408 700 3461 ab
724 3406 783 3460 olio
805 3409 950 3476 dependet.
978 3414 1121 3480 regerant,
1151 3407 1318 3477 hypothesin
1344 3423 1404 3461 eam
1431 3422 1491 3460 esse
1518 3408 1548 3459 ιιι
1575 3408 1631 3459 rur
1656 3404 1812 3476 ἀδυνάτων,

116 3495 343 3565 Respondemus:
371 3493 454 3548 etiam
478 3492 668 3548 aristocratica
688 3493 848 3564 respublica
866 3495 1128 3575 unumpostendunt
1144 3494 1217 3549 enim
1235 3492 1361 3563 exempla
1380 3492 1499 3560 Liberii,
1519 3491 1635 3558 Felicis,
1661 3493 1812 3561 Anastasii,

117 3580 261 3637 constituit
280 3597 395 3649 corpus,
415 3597 466 3634 nec
485 3585 578 3635 ιιιιιιι
597 3580 626 3633 in
643 3595 677 3633 ιο
693 3595 780 3633 unum
797 3579 950 3634 membrum
977 3581 1084 3652 Vigilii,
1107 3580 1225 3634 Honorii
1245 3585 1297 3632 ete.
1315 3578 1352 3632 ad
1371 3577 1498 3647 papalem
1517 3577 1594 3632 illam
1612 3578 1706 3633 sedem
1719 3579 1812 3634 haers-

116 3667 256 3738 dependet
282 3665 319 3721 ab
343 3665 430 3720 altero
457 3672 589 3737 tanquam
614 3665 730 3721 inferius
757 3682 774 3720 a
799 3665 949 3735 superiore.
978 3668 1056 3724 sibus
1073 3666 1244 3738 patefactum
1262 3665 1501 3735 quandoqueesse
1516 3665 1631 3721 aditum.
1663 3673 1687 3720 5.
1704 3666 1812 3737 Recog-

116 3753 324 3810 Nobilissimum
356 3751 426 3807 illud
457 3753 486 3807 in
518 3752 637 3822 mystico
672 3753 805 3809 ecclesiae
836 3768 951 3822 corpore
978 3759 1075 3809 noscat
1091 3751 1339 3808 Bellarminussua
1357 3751 1442 3805 verba
1459 3750 1508 3807 lib.
1521 3757 1544 3806 ι.
1558 3752 1593 3807 de
1612 3752 1710 3806 concil.
1727 3769 1751 3808 c.
1768 3758 1812 3807 ts:

117 3840 285 3907 membrum,
303 3856 393 3910 aquo
412 3839 520 3910 reliqua
538 3840 631 3895 omnia
649 3839 816 3910 dependent,
835 3857 892 3893 non
909 3845 952 3893 cst
978 3843 1043 3894 Noa
1062 3847 1102 3892 sst
1119 3839 1220 3892 mirum
1244 3837 1373 3908 (inquit),
1397 3839 1425 3891 si
1441 3838 1576 3904 ecclesia,
1600 3840 1714 3907 pardo
1733 3837 1814 3891 babet

115 3943 198 3998 papa,
216 3927 265 3981 sed
285 3926 420 3993 Christus,
438 3925 548 3996 Eph.1,
567 3930 648 3981 ιιι.
667 3930 730 3980 c-l.
749 3942 774 3981 ι.
791 3931 830 3982 ib.
850 3925 907 3980 col,
928 3933 951 3994 l,
976 3926 1083 3979 malum
1102 3924 1271 3994 pontificem,
1289 3931 1383 3976 maaet
1401 3924 1461 3977 sine
1480 3925 1604 3977 remedio
1618 3924 1739 3977 humano
1752 3925 1813 3986 efli-

116 4030 142 4067 ι.
164 4018 202 4069 18.
235 4030 258 4068 c.
280 4019 310 4081 2,
336 4031 361 4067 ι.
388 4017 428 4069 10.
452 4020 505 4068 etc.
543 4012 664 4066 Possunt
691 4011 802 4066 omniuo
825 4019 952 4082 regeret
977 4011 1047 4079 caci,
1068 4011 1296 4080 quandoquidem
1310 4027 1365 4062 stou
1379 4009 1645 4077 aititmm'ussalus
1655 4011 1812 4079 praecipue

116 4097 296 4154 ecclesiastici
315 4114 401 4152 unum
420 4097 588 4152 constituere
607 4114 722 4168 corpus,
746 4096 854 4151 etiamsi
872 4113 951 4168 reges
978 4098 1102 4151 bumaria
1124 4095 1275 4162 industria,
1293 4096 1345 4148 sed
1356 4096 1453 4148 diuina
1467 4096 1652 4164 protectione,
1671 4114 1731 4149 oum
1751 4096 1813 4164 ejus

117 4202 171 4240 non
195 4183 302 4238 sintin
325 4182 525 4254 temporalibus
556 4182 674 4253 subjecti
691 4183 900 4249 ecclesiasticis3
922 4183 951 4236 ιιι
978 4202 1026 4237 rea
1045 4185 1126 4237 Deus
1149 4184 1194 4236 sit.
1236 4182 1338 4250 Itaque
1363 4182 1475 4234 etiamsi
1498 4182 1617 4234 eeclesia
1641 4199 1698 4234 roa
1722 4181 1814 4249 possit

118 4271 285 4342 quibusdam
316 4269 495 4326 ecclesiastici
527 4268 646 4339 subjecti
681 4275 746 4323 sunt
776 4269 966 4393 magistratui!
979 4273 1117 4342 deponere
1131 4269 1300 4338 pontificem,
1320 4277 1412 4321 tamea
1425 4276 1521 4335 potest
1540 4285 1575 4320 ao
1597 4269 1676 4320 debet
1690 4268 1813 4321 Domino

117 4357 246 4427 politico,
271 4356 378 4411 scilicet
403 4358 496 4427 quoad
516 4355 591 4427 leges
611 4355 707 4409 civiles
727 4371 761 4409 ac
779 4292 1154 4511 dominatum'supplicare,
1181 4361 1211 4406 ut
1237 4354 1297 4423 ipse
1322 4356 1477 4407 remedium
1502 4354 1635 4407 adhibeat
1658 4362 1685 4406 et
1710 4360 1815 4406 eertum

117 4443 309 4513 politicum
301 4461 330 4498 ιιι
348 4443 515 4514 quibusdam
545 4441 653 4512 politici
672 4441 795 4512 pendent
812 4457 831 4495 a
848 4459 952 4512 praest·
980 4451 1020 4497 est
1047 4443 1111 4495 Deo
1129 4442 1195 4506 fore
1214 4458 1299 4495 surae
1318 4442 1380 4510 ejas
1397 4442 1535 4509 salutem,
1558 4441 1608 4508 qai
1624 4439 1707 4491 talem
1721 4440 1815 4507 ponti-

119 4527 200 4582 dibns
235 4528 440 4592 ecclesiasticis,
478 4528 585 4583 scilieet
614 4528 707 4598 quoad
737 4527 892 4598 spiritualia
926 4535 967 4585 ιι
964 4531 1057 4597 ficem
1075 4528 1119 4580 sel
1138 4535 1290 4594 amasset,
1313 4527 1356 4579 ιιι
1384 4528 1420 4580 sle
1437 4527 1530 4579 medio
1548 4525 1641 4592 tollet,
1665 4532 1816 4592 autequam

118 4614 248 4670 coelestia
264 4614 346 4682 bona,
363 4630 435 4684 quse
449 4630 500 4683 per
514 4613 953 4669 verbum'etsacramentadistri·
979 4615 1125 4669 ιιιιιιιιιι
1144 4615 1281 4669 destruat.
1316 4611 1396 4667 Idem
1422 4629 1472 4666 nos
1490 4610 1580 4665 verbis
1598 4609 1744 4678 paululum
1764 4611 1813 4664 im-

118 4701 250 4765 buuntur,
267 4701 334 4756 item
354 4699 448 4770 quoad
466 4716 596 4755 censuras
615 4699 825 4755 ecclesiasticas.
861 4706 888 4754 ι.
905 4701 968 4769 At,
979 4699 1093 4755 mutatis
1109 4699 1145 4753 ad
1166 4698 1326 4754 Bellarmini
1338 4702 1531 4796 argumentum
1548 4695 1601 4748 boc
1621 4695 1680 4749 loco
1699 4696 1814 4751 allatum

118 4786 414 4859 inquitBellarminus,
431 4787 613 4853 magistratus
631 4794 738 4840 ιιιιιιιι·
751 4786 781 4838 ia
799 4803 849 4839 suo
869 4786 968 4855 impe·
966 4771 1185 4856 respondemus
1222 4785 1284 4841 Non
1304 4792 1345 4839 est
1364 4784 1477 4846 mirum,
1505 4781 1529 4835 si
1547 4781 1678 4849 ecclesia,
1702 4783 1816 4853 quando

117 4875 161 4927 rio
180 4882 289 4926 mutare
308 4873 449 4940 quidquid
467 4873 617 4942 spirituale
630 4874 731 4927 bonum
743 4873 868 4940 impedit,
886 4887 953 4939 erpo
980 4871 1065 4927 babet
1082 4871 1286 4942 magistratus'
1279 4871 1378 4939 smpios
1396 4869 1441 4922 vel
1456 4867 1620 4937 haereticos,
1646 4875 1740 4924 manet
1757 4869 1816 4923 sine

118 4960 241 5026 subjmta
262 4967 303 5012 est
322 4958 486 5026 temporalis
498 4966 627 5056 potestas
643 4958 797 5029 spirituali.
830 4957 953 5029 Respon-
980 4959 1102 5014 remedio
1120 4958 1240 5014 humano
1259 4956 1381 5023 efficaci,
1400 4954 1625 5025 quandoquidem
1644 4970 1701 5008 non
1718 4955 1817 5009 nititur

119 5046 230 5100 demus:
263 5044 448 5114 Magistratus
477 5043 541 5114 pius
575 5044 627 5099 hoc
658 5045 728 5100 facit
754 5050 869 5114 propter
899 5043 953 5098 Dei
981 5047 1042 5115 ejus
1061 5045 1136 5099 salus
1162 5043 1310 5140 praecipue
1335 5041 1457 5095 humana
1482 5040 1631 5104 industria,
1653 5039 1702 5094 sed
1723 5040 1817 5094 divina

118 5130 250 5200 gloriam,
279 5131 360 5200 cujus
382 5129 457 5183 vices
482 5130 512 5183 ιιι
531 5129 612 5184 terris
631 5130 763 5198 sustinet,
791 5136 820 5185 et
840 5134 954 5200 propter
981 5130 1160 5202 protectione,
1179 5145 1242 5182 eum
1260 5128 1322 5197 ejus
1346 5143 1393 5181 rex
1410 5126 1488 5181 Deus
1507 5127 1552 5182 sit.
1591 5124 1690 5195 Itaque
1708 5124 1815 5178 etiamsi

118 5225 260 5271 aeternam
281 5214 455 5270 subditorum
475 5215 607 5280 salutem,
635 5216 774 5286 adquam
797 5216 886 5270 civilis
904 5215 1104 5293 polepiscopi
1140 5230 1196 5267 non
1223 5217 1341 5283 possunt
1369 5212 1507 5281 deponere
1533 5211 1603 5265 tales
1630 5209 1817 5280 magistratu,

118 5302 227 5358 testatis
245 5299 446 5355 administratio
463 5300 620 5372 dirigenda,
640 5317 816 5380 naquaquarp
834 5318 899 5357 vero
917 5301 953 5356 ob
966 5302 969 5358 t
982 5308 1075 5356 umen
1103 5300 1207 5353 debent
1236 5314 1269 5352 ac
1296 5304 1414 5367 possunt
1439 5297 1560 5352 Domino
1585 5296 1756 5366 supplicare,
1785 5303 1818 5350 ut

115 5385 338 5459 jurisdictionem
363 5388 503 5460 quandam
528 5385 682 5441 coactivam
707 5393 848 5442 externam
866 5388 953 5443 eccle·
968 5367 1045 5458 iipss
1064 5384 1217 5442 remedium
1234 5382 1376 5438 adhibeat

171 5478 337 5523 usrhsrtttost
362 5482 398 5526 vl.
1443 5491 1475 5540 14
