4020 6014
258 345 316 403 lto
835 335 958 395 [ccccc
977 332 1181 393 moremus
1199 334 1364 394 TERTIUS

255 489 311 544 His
323 491 414 544 literis
431 492 509 546 lectis
524 494 554 546 in
566 495 641 547 circe
653 492 820 546 6661666611
834 490 993 559 multitude,
1013 486 1089 558 spre-
1117 503 1141 544 6.
1161 492 1199 544 11.
1223 495 1262 546 15.
1274 495 1314 544 20.
1324 493 1376 544 616.
1402 487 1547 544 coronidis
1558 488 1619 544 lece
1631 505 1782 555 monemus,
1794 493 1956 548 canonistas

254 576 329 644 piam
348 593 406 630 csse
426 578 603 646 imperatoris
628 578 803 642 sententiam,
822 577 871 645 pai
886 574 1090 648 spectatoribus
1116 578 1238 630 statuere
1249 574 1389 645 duplicem
1410 572 1572 629 clericerum
1584 575 1793 646 depositionem,
1813 560 1956 632 66166166

254 661 285 714 in
302 662 377 716 duas
390 671 491 730 partes
510 665 610 719 diuisis
628 671 654 716 st
672 681 690 716 a
709 664 803 717 celere
816 661 1027 730 connominatis,
1045 659 1090 712 leis
1118 667 1144 713 et
1162 661 1310 716 verbalem.
1344 659 1399 714 Illa
1418 658 1529 729 proprie
1547 662 1718 728 depredatio
1739 662 1856 729 dicitur,
1880 665 1955 734 ejus·

254 764 340 800 unum
357 749 475 818 nemque
492 751 593 804 alteris
613 767 697 802 unum
714 749 888 817 praeficeret,
906 747 947 801 ita
962 745 1090 800 dicteriis
1116 762 1171 817 que
1194 746 1285 801 forms
1311 745 1451 822 descripta
1479 749 1529 800 est.
1557 762 1580 800 o.
1606 745 1770 816 degradatio
1795 747 1831 802 de
1856 747 1955 819 poenis

255 833 421 888 incessentes
445 827 626 903 imperatoris
651 834 752 889 literas
779 851 835 888 uno
854 850 901 887 ere
920 833 1088 887 walamunt:
1116 831 1187 888 166.
1205 830 1324 887 16666111
1343 831 1576 904 percontantium
1594 832 1760 902 episcopie.
1781 838 1806 886 2.
1835 833 1897 888 eod.
1926 832 1955 888 in

259 917 335 974 Unus
352 920 448 988 Dein,
474 938 547 974 unus
571 920 713 989 cbristus,
736 936 809 974 unus
828 918 981 989 episcopus.
1021 918 1090 971 Post
1117 923 1141 974 6.
1158 919 1248 988 junct
1266 934 1289 972 6.
1316 923 1340 974 3.
1365 933 1429 972 oum
1452 934 1529 988 seqq.
1553 923 1592 972 15.
1618 934 1646 988 q.
1666 924 1691 974 ’1.
1728 917 1835 974 Causas
1853 918 1955 973 utrius·

256 1003 308 1058 las
329 1005 422 1073 plebis
449 1021 528 1059 uoces
556 1007 705 1059 reuertitur
737 1004 883 1068 Liberius,
915 1003 963 1057 cui
989 1005 1090 1057 cedens
1119 1019 1173 1074 qus
1200 1008 1327 1058 recenset
1352 1002 1480 1077 canisius
1504 1002 1553 1058 lib.
1583 1008 1607 1059 3.
1633 1020 1730 1060 summ.
1754 1004 1827 1074 juris
1857 1021 1954 1060 canon

256 1091 340 1145 Folia
358 1091 389 1144 in
408 1091 497 1144 aliam
515 1092 611 1144 urbem
628 1107 688 1144 sese
708 1091 835 1144 contribit.
864 1089 1027 1144 Ambrosius
1042 1089 1089 1145 lib.
1115 1106 1140 1146 6.
1161 1094 1202 1146 22.
1224 1086 1251 1164 ξ.
1262 1088 1388 1144 Actualis
1406 1095 1435 1143 et
1452 1085 1479 1163 ξ.
1495 1087 1635 1155 Verbalis,
1651 1088 1701 1144 ubi
1716 1089 1790 1145 inter
1807 1097 1955 1162 utramque

259 1182 298 1232 to.
323 1175 403 1246 epist.
427 1181 468 1232 te.
494 1177 530 1231 ad
552 1175 698 1246 Theophil.
726 1182 754 1231 et
774 1175 903 1230 Anisium
918 1181 1043 1233 ‚excusat
1061 1191 1090 1229 se
1116 1175 1188 1229 hano
1219 1174 1317 1229 statuit
1343 1173 1543 1242 6111666611616,
1570 1174 1645 1244 quod
1672 1191 1723 1245 per
1750 1177 1955 1245 depositionem

256 1263 292 1315 de
311 1263 427 1331 judicio
455 1263 576 1327 ferendo
608 1262 681 1315 inter
706 1265 851 1316 Bonosum
880 1261 1040 1330 episcopum
1064 1266 1089 1312 61
1116 1268 1271 1316 removetur
1298 1268 1407 1315 tantum
1432 1259 1551 1314 clericm
1575 1261 1611 1314 ab
1636 1261 1789 1316 bonoribus
1812 1269 1839 1316 et
1861 1264 1954 1333 dipsi-

256 1355 434 1402 aoeusateres
450 1348 512 1416 ejus
530 1347 642 1417 illisque
661 1362 774 1401 causam
793 1347 954 1412 committit,
982 1364 1014 1400 ex
1034 1362 1089 1416 quo
1116 1356 1173 1402 tate
1201 1346 1331 1401 clerneli
1358 1346 1437 1401 salue
1466 1354 1592 1401 manente
1615 1349 1770 1417 priuilepio
1797 1357 1823 1402 et
1848 1350 1955 1413 ordine,

255 1438 373 1504 apparet
396 1432 427 1487 in
453 1432 571 1492 casibus,
592 1431 752 1488 remotionis
774 1433 912 1504 judicium
938 1432 1089 1486 vicinorum
1116 1433 1214 1488 sedin
1232 1433 1436 1500 depredatione
1455 1433 1550 1487 omnia
1568 1433 1678 1491 amittit.

257 1519 448 1591 episcoporum
471 1518 557 1573 161666
580 1518 754 1589 requisitum.
799 1520 883 1589 Apud
908 1518 1090 1575 Sosomenum
1151 1517 1341 1582 ”Quaeritur
1364 1524 1386 1574 1.
1403 1535 1441 1571 an
1458 1519 1508 1582 sas
1527 1526 1553 1571 et
1575 1519 1682 1586 inustum
1699 1519 1736 1572 sit
1766 1527 1868 1573 eaerta
1883 1519 1954 1588 pub·

256 1602 306 1661 lib.
331 1609 355 1661 8.
377 1603 442 1657 hist.
466 1603 563 1658 eccles.
580 1619 604 1657 6.
631 1608 672 1658 26.
690 1608 800 1658 exstant
817 1605 913 1661 literae
935 1603 1089 1659 1666666111
1116 1604 1175 1658 1166
1193 1606 1265 1658 inter
1284 1603 1493 1657 concionatores
1506 1602 1654 1657 discordia
1674 1606 1709 1657 ds
1727 1606 1861 1658 doctrina
1877 1603 1954 1670 fidei,

257 1689 380 1762 episcopi
397 1688 515 1745 Romani
533 1690 570 1743 ad
587 1688 701 1744 elericos
713 1688 1043 1761 constantinopolitanos,
1061 1690 1089 1742 in
1117 1692 1153 1744 de
1170 1690 1238 1744 aliis
1259 1689 1410 1742 ministerii
1423 1689 1566 1758 pertibus,
1584 1690 1626 1743 ita
1643 1697 1674 1743 ut
1696 1691 1806 1744 indicia
1825 1690 1906 1745 iilius
1926 1689 1954 1742 in

257 1774 359 1848 quibus
374 1775 552 1845 conqueritur
571 1775 605 1830 de
623 1776 729 1846 injusta
740 1776 890 1831 remotione
902 1775 1090 1847 chrysostomi
1114 1774 1235 1847 publicis
1255 1774 1431 1828 concionibus
1450 1791 1505 1827 non
1526 1775 1645 1829 obseura
1662 1784 1830 1848 appareant,
1848 1783 1953 1830 utram·

257 1867 286 1916 et
304 1860 376 1916 iuter
392 1866 486 1915 cetera
501 1860 542 1915 sie
561 1861 696 1931 loquitur:
717 1862 800 1915 Nune
808 1870 995 1932 praepostero
1007 1864 1090 1915 mede
1117 1877 1168 1929 que
1185 1867 1306 1929 partem,
1327 1860 1378 1912 bec
1394 1868 1436 1913 est
1455 1867 1512 1913 1666
1531 1863 1696 1926 defemores
1718 1863 1846 1916 ueritatis
1865 1869 1893 1915 et
1905 1863 1952 1930 ju-

258 1947 294 1999 de
306 1946 436 2015 mimate
456 1947 637 2001 materiarum
661 1965 777 2000 suarum
799 1948 982 2002 deturbantur
999 1964 1090 2025 sacer·
1117 1946 1227 2013 stitiae,
1254 1963 1338 2015 66666
1365 1946 1508 2010 salsitatis
1533 1955 1559 1999 et
1581 1948 1738 2016 injustitiae
1763 1955 1893 2001 austeres
1919 1964 1952 2000 ae

258 2033 337 2086 detes
350 2031 483 2107 insontes,
498 2051 552 2102 qno
564 2034 676 2102 quidem
687 2033 799 2102 primus
808 2035 908 2100 frater
923 2040 1016 2086 noster
1029 2040 1054 2086 et
1061 2033 1091 2085 in
1114 2041 1260 2101 patrones,
1276 2047 1417 2085 removere
1435 2039 1462 2086 et
1480 2033 1641 2100 sepeliere!
1667 2033 1711 2088 116
1730 2034 1897 2105 quibusdum
1915 2033 1953 2087 vi·

257 2117 445 2172 6661οεί66166
457 2135 569 2172 munere
585 2119 678 2172 secius
690 2119 837 2172 lebannes
852 2118 1090 2188 (chrysostomus)
1118 2119 1213 2188 detur,
1230 2117 1278 2188 qui
1298 2116 1421 2171 scandali
1442 2118 1588 2173 amovendi
1606 2125 1634 2175 et
1650 2120 1779 2189 publicas
1797 2120 1952 2191 tranquilli·

257 2203 404 2276 episeopus
428 2212 518 2258 uester
545 2204 649 2273 injuste
676 2221 828 2276 oppressus
853 2212 908 2268 est,
935 2205 981 2257 eui
1005 2204 1093 2258 naid
1117 2203 1547 2274 tatispromovendaesohemate
1559 2205 1715 2274 opinionem
1733 2207 1953 2262 suamvestiunt.

256 2291 369 2361 quidem
390 2291 513 2359 eontipit,
531 2297 561 2343 ut
579 2308 608 2344 ss
628 2292 797 2355 (1616666666
810 2291 969 2358 audiretur,
985 2290 1092 2343 nullum
1119 2291 1257 2362 Negatisa
1281 2289 1416 2360 probetur
1446 2297 1468 2345 1.
1493 2290 1607 2361 exlege
1634 2291 1729 2345 divina
1750 2292 1862 2362 scripta,
1882 2310 1954 2363 quae

257 2378 361 2432 crimen
379 2376 520 2446 objicitur,
540 2377 648 2430 nucum
667 2377 794 2430 auditur.
832 2377 914 2439 Quod
935 2377 1022 2446 ipitnr
1041 2377 1092 2429 hee
1115 2376 1198 2447 jubet
1220 2374 1317 2430 audire
1339 2373 1436 2429 fideles
1461 2374 1600 2431 ministros
1623 2393 1679 2431 non
1703 2378 1793 2432 minus
1813 2395 1897 2449 quam
1915 2381 1955 2450 ip-

256 2470 438 2518 oeramentum
456 2471 496 2535 est
516 2469 572 2516 tam
593 2463 779 2531 depsleratum,
798 2469 830 2516 nt
842 2479 876 2516 ne
894 2463 937 2516 ecl
954 2469 1092 2532 suppetat,
1119 2479 1194 2529 sum,
1214 2478 1231 2514 6
1249 2477 1305 2532 quo
1323 2460 1399 2513 missi
1419 2465 1498 2528 6661,
1519 2460 1586 2515 Luc.
1606 2467 1652 2530 11),
1680 2480 1704 2515 6.
1725 2469 1763 2518 16.
1785 2465 1897 2520 eosdem
1916 2466 1956 2519 in-

256 2547 300 2603 661
318 2556 474 2618 prematur
494 2547 603 2602 occasio
618 2547 741 2616 judicii,
760 2547 789 2601 in
805 2548 897 2602 lecum
915 2551 1092 2602 6666666166
1116 2547 1222 2618 juriose
1241 2552 1355 2616 tangere
1373 2551 1451 2600 vetat
1468 2545 1513 2601 Ps.
1534 2552 1596 2612 105,
1620 2565 1644 2603 6.
1667 2554 1705 2604 16.
1726 2547 1808 2605 Zach.
1825 2555 1850 2618 2,
1871 2568 1896 2604 6.
1919 2557 1956 2606 12.

255 2634 405 2690 ursanum
423 2634 479 2688 aiii
499 2633 720 2687 substituantur!
738 2634 823 2702 quasi
838 2634 893 2701 sili,
911 2635 961 2703 qui
972 2651 1027 2703 per
1043 2635 1091 2687 bu·
1119 2634 1180 2689 vult
1198 2650 1248 2687 nos
1269 2650 1367 2686 canere
1380 2634 1646 2703 pseudoprophetas
1657 2634 1756 2690 Matth.
1777 2642 1802 2703 ’1,
1821 2654 1847 2689 v.
1870 2642 1909 2692 15.
1930 2643 1959 2692 61

255 2719 381 2790 immadi
397 2721 610 2790 perversitatem
625 2720 767 2790 irrepunt,
784 2721 829 2775 eei
848 2721 949 2775 babere
968 2721 1032 2790 spei,
1049 2722 1092 2775 uel
1119 2739 1138 2774 a
1156 2723 1297 2786 sernssnta
1315 2720 1536 2773 Pharisaeorum
1553 2738 1578 2777 6.
1599 2725 1639 2788 16,
1658 2740 1684 2777 v.
1698 2728 1720 2778 6.
1740 2723 1913 2790 redarpuere
1933 2731 1958 2778 61

257 2823 341 2876 apere
359 2806 513 2876 quidquam
531 2807 615 2871 recti,
635 2825 654 2860 a
673 2823 812 2877 quoquam
825 2807 962 2877 judicari
972 2808 1093 2877 possint,
1120 2808 1250 2860 obturare
1267 2823 1319 2858 ora
1343 2806 1547 2860 baereticorum
1572 2812 1594 2861 2.
1614 2806 1685 2862 Tim.
1707 2814 1737 2872 1,
1766 2826 1792 2863 6.
1810 2813 1834 2863 2.
1854 2807 1911 2864 ‘Iit
1937 2816 1959 2877 1,

256 2892 437 2962 nequeenim
455 2909 611 2962 unquama
623 2892 756 2961 patribus
773 2894 877 2948 nostris
892 2894 1093 2964 toliapatrata
1118 2899 1207 2950 611.
1233 2892 1358 2945 clamare
1384 2909 1440 2945 nen
1463 2908 1574 2946 cessare
1609 2891 1657 2949 Es.
1687 2898 1732 2962 58,
1758 2911 1785 2947 v.
1814 2899 1835 2949 l.
1865 2912 1959 2965 repre-

249 2979 347 3045 flsisse
375 2979 567 3049 cepneeimus,
594 2981 647 3033 sed
671 2979 850 3034 interdictum
877 2980 972 3049 petius
1000 2980 1092 3046 fuisse
1118 2978 1215 3035 hendit
1238 2979 1412 3050 negligentes
1439 2978 1467 3032 in
1490 2978 1543 3033 hac
1567 2977 1717 3034 6111611661
1740 2985 1819 3050 parts
1844 2979 1891 3037 Es.
1919 2989 1960 3045 57.

257 3065 378 3129 (1661616,
397 3082 451 3135 que
470 3066 632 3133 canebatur,
655 3083 689 3119 ns
709 3067 756 3121 eni
765 3068 849 3136 fieret
868 3067 964 3136 copia,
987 3084 1043 3135 qua
1062 3067 1092 3120 in
1118 3084 1144 3119 6.
1170 3071 1193 3120 2.
1211 3064 1314 3119 Eseeh.
1337 3070 1380 3134 13,
1416 3083 1440 3119 v.
1466 3070 1490 3120 3.
1526 3070 1551 3120 2.
1570 3066 1613 3120 Ex
1638 3064 1701 3137 legs
1723 3071 1853 3136 naturae,
1885 3085 1960 3138 quae

256 3151 372 3206 uiuentis
394 3152 485 3206 lecum
510 3151 746 3207 inauetoraretur.
790 3155 850 3206 Nec
874 3154 946 3206 enim
970 3154 1090 3222 reproba
1119 3151 1245 3219 dictitat,
1273 3151 1361 3206 bones
1378 3167 1438 3206 esse
1462 3150 1658 3218 defendendos,
1685 3150 1773 3206 males
1790 3152 1959 3221 puniendos,

257 3237 1092 3308 ordinatiosacerdotscdipnitatemsusempotestquande
1118 3254 1170 3293 nec
1189 3237 1239 3291 hos
1259 3254 1321 3290 cum
1339 3235 1393 3290 illis
1406 3237 1561 3306 perdendos
1580 3236 1650 3292 Gen
1667 3243 1705 3301 16,
1735 3256 1760 3293 6.
1774 3243 1817 3296 25.
1832 3240 1958 3296 triticum

257 3339 306 3378 nec
324 3324 471 3394 episeopus
499 3323 613 3392 quidem
638 3340 696 3377 esse
716 3331 808 3393 petest
833 3325 897 3388 illc,
918 3324 968 3393 qui
989 3326 1091 3394 injuste
1119 3340 1174 3379 una
1193 3340 1254 3377 sum
1275 3321 1389 3376 eiramis
1408 3339 1464 3377 non
1492 3340 1552 3378 esse
1576 3323 1774 3378 eradicandum
1797 3323 1895 3381 Matth
1918 3332 1958 3396 13,

256 3417 425 3479 surrepetur
444 3414 496 3464 616.
514 3410 567 3463 sed
584 3412 725 3478 66661666
746 3411 899 3464 remedium
919 3412 993 3466 bisce
1011 3413 1092 3466 rebus
1121 3428 1147 3463 v.
1167 3415 1207 3465 29.
1239 3414 1262 3463 3.
1280 3408 1323 3462 Ex
1340 3407 1455 3465 ratione.
1497 3409 1578 3472 Quod
1595 3409 1702 3481 gloriae
1720 3410 1789 3480 Dei,
1813 3412 1850 3466 ad
1873 3429 1959 3483 quam

256 3496 287 3549 in
304 3495 452 3565 praesenti
477 3498 664 3564 adferemus!
687 3497 846 3550 necessaria
871 3497 924 3550 erit
946 3500 1093 3566 synodalis
1118 3496 1240 3567 pertinet
1256 3494 1344 3549 libera
1356 3493 1482 3548 coelestis
1500 3494 1623 3550 666116116
1636 3495 1773 3551 confessio
1790 3502 1819 3552 et
1833 3514 1958 3554 errorum

256 3581 389 3649 capnitis,
414 3598 447 3634 ea
472 3582 577 3651 quippe
600 3582 664 3635 sola
683 3590 733 3650 est,
760 3598 831 3650 quas
850 3583 1013 3651 hujusmodi
1027 3602 1091 3653 pre·
1118 3580 1259 3650 refutatio,
1275 3583 1371 3648 nocet,
1395 3578 1569 3636 dilectionem
1590 3581 1707 3650 proximi
1733 3583 1818 3638 616161
1841 3583 1958 3655 eiusque

258 3666 395 3721 cellarum
404 3666 523 3735 impetus
531 3669 680 3720 retundere
686 3675 786 3737 petest.
807 3667 980 3738 Nicephorus
988 3669 1036 3723 lib.
1053 3675 1091 3725 13.
1119 3668 1237 3723 salutem
1266 3664 1394 3735 impedit,
1420 3666 1546 3736 exemplo
1572 3667 1734 3723 scandaloso
1766 3669 1829 3724 61116
1855 3658 1958 3726 similia

258 3751 321 3809 hist.
340 3752 438 3806 eccles.
457 3768 481 3809 o.
500 3758 541 3809 31.
555 3759 680 3809 recenset
692 3753 816 3823 ejusdem
831 3753 1092 3812 16666661111116666
1119 3751 1296 3809 molientibus
1314 3750 1418 3821 praeit,
1444 3752 1563 3823 denique
1590 3753 1705 3808 canibus
1734 3755 1817 3809 mutis
1836 3763 1864 3812 st
1882 3757 1957 3829 lupis

258 3837 295 3894 ad
314 3837 507 3908 imperatorem
525 3839 676 3894 1666111666
704 3846 733 3895 61
749 3839 919 3910 Eudoxiam,
946 3842 1093 3914 inquibus
1120 3839 1268 3910 rapacibus
1284 3839 1400 3909 januam
1419 3838 1521 3908 aperit,
1540 3837 1609 3892 illud
1629 3846 1671 3894 est
1691 3840 1818 3896 illicitum
1838 3848 1867 3897 61
1884 3843 1957 3914 inju-

258 3924 441 3980 intercutem
462 3925 501 3980 sic
523 3926 1092 3997 loquiturtPaeistemporepersecetie·
1121 3932 1201 3983 stum.
1239 3922 1377 3996 Ejmtioni
1406 3924 1540 3979 bonorum
1568 3924 1756 3982 ministrorum
1785 3945 1848 3983 oum
1877 3930 1959 3985 malis

258 4028 319 4066 nem
335 4029 467 4080 mapsam
485 4016 622 4067 aduersus
640 4014 732 4066 Deum
752 4021 777 4067 61
795 4014 940 4068 scalenum
959 4016 1093 4083 ejuscen-
1120 4012 1191 4066 male
1224 4009 1451 4066 concordantium
1475 4009 1523 4063 illa
1546 4018 1715 4082 competunt.
1754 4014 1837 4086 Ergo.
1872 4016 1958 4071 Tam.

258 4098 367 4164 citasti,
394 4099 503 4167 ejecisti
520 4115 535 4153 6
553 4101 652 4153 tirone
672 4117 722 4153 sae
740 4116 770 4152 re
792 4117 847 4152 nen
860 4100 998 4168 judicata
1016 4119 1092 4172 map·
1121 4100 1156 4154 de
1179 4097 1281 4154 minist.
1308 4115 1333 4168 q.
1360 4103 1383 4152 1.
1421 4095 1569 4160 Quaeritur
1595 4103 1619 4151 2.
1644 4117 1683 4151 an
1706 4100 1741 4154 ab
1758 4102 1856 4169 officio
1874 4103 1961 4157 etiam

257 4203 323 4238 num
347 4184 430 4238 tetius
448 4186 524 4240 erbis
548 4187 689 4239 doctorem
710 4184 959 4256 (chrysostomum)
975 4203 1094 4257 persua-
1120 4186 1223 4254 injuste
1248 4190 1369 4237 remotus
1391 4191 1418 4236 et
1448 4200 1462 4235 e
1490 4182 1604 4252 rapiens
1628 4185 1728 4254 aliqua
1759 4187 1838 4242 abire
1863 4208 1882 4241 a
1910 4191 1960 4242 do·

258 4270 337 4327 sione
355 4272 439 4325 unius
460 4271 589 4325 mulieris
612 4272 743 4334 fabulam
769 4273 841 4325 bane
861 4280 886 4325 61
906 4274 1094 4342 spectaculum
1122 4275 1197 4326 mine
1215 4270 1354 4325 tem'terii
1370 4270 1467 4338 issssus
1483 4270 1665 4324 nihilominus
1689 4272 1719 4324 in
1737 4289 1771 4327 ea
1793 4274 1874 4327 aulea
1893 4292 1960 4329 cen·

259 4358 416 4413 cohibentes.
452 4357 489 4412 Et
506 4364 616 4427 pestes:
642 4359 805 4424 Arsaniam,
824 4376 903 4428 qsscrn
918 4376 976 4428 pre
994 4377 1094 4429 mapno
1121 4360 1239 4414 scientia
1265 4373 1379 4411 manem
1398 4357 1511 4426 posset!
1532 4356 1658 4428 Negatur
1684 4365 1705 4414 1.
1733 4361 1901 4416 amandato
1918 4362 1959 4417 di·

259 4443 390 4500 Julianus
408 4443 438 4496 in
456 4443 586 4497 tlsrennm
604 4445 792 4513 666666ραί616
808 4445 992 4515 predrmistsc,
1011 4446 1094 4500 611666
1121 4445 1184 4499 6166
1202 4442 1301 4499 Matth
1325 4445 1364 4505 111,
1383 4459 1408 4495 6.
1429 4447 1477 4497 23:
1509 4442 1544 4496 Si
1559 4463 1607 4497 ees
1626 4446 1771 4513 persecuti
1794 4447 1905 4513 fuerint
1928 4449 1959 4503 in

256 4539 324 4600 pest
352 4530 455 4584 ebitum
478 4537 693 4584 esancteramus
718 4549 776 4584 una
795 4525 862 4586 'eum
881 4532 1020 4601 omnibus,
1047 4534 1097 4602 qni
1122 4548 1180 4585 nna
1200 4529 1321 4598 ciuitate,
1336 4529 1430 4598 sapite
1448 4530 1478 4581 in
1498 4530 1595 4594 aliam,
1615 4533 1695 4602 eujus
1714 4532 1858 4602 emphasin
1876 4542 1960 4605 urget

262 4618 388 4672 66666116
415 4634 477 4671 cum
504 4634 535 4671 ee
563 4618 802 4671 comrnunicarunt
834 4619 986 4688 episcopis,
1017 4622 1095 4674 cuius
1122 4616 1259 4672 Lutherus
1278 4622 1345 4672 tom.
1365 4614 1618 4673 6166116661.
1640 4624 1701 4674 126:
1723 4619 1959 4690 criptidtuistt,

261 4703 347 4756 etiam
360 4703 759 4772 nemensaerocpiseeperum
772 4705 835 4757 albe
849 4705 1096 4774 noninscribatur,
1123 4713 1198 4760 1611611
1224 4705 1257 4772 stt
1286 4703 1343 4772 611111
1374 4702 1403 4757 in
1429 4701 1499 4758 sinet
1518 4705 1604 4761 clati
1633 4706 1769 4774 tstjogtn,
1806 4706 1832 4771 le
1866 4707 1960 4763 eleuet

262 4788 395 4855 16616666
420 4791 493 4844 enim
524 4806 555 4843 66
577 4789 754 4856 1666666661,
782 4799 809 4843 nt
832 4792 882 4859 put
906 4793 1095 4860 episcopatum
1122 4791 1252 4847 borinum
1279 4788 1332 4844 unt
1361 4789 1463 4858 nebnet
1492 4789 1637 4847 11661611
1663 4791 1704 4848 ein
1732 4791 1787 4846 ten
1811 4791 1959 4862 coangelis

263 4875 347 4942 quasi
359 4876 502 4930 adulnrs'e
511 4875 658 4949 polluerit.
693 4875 789 4929 Omnis
801 4876 938 4945 6166161666
947 4877 1097 4947 6166616116,
1121 4893 1180 4948 pune
1195 4876 1262 4934 1666
1282 4876 1335 4931 unt
1357 4877 1438 4931 tettet
1456 4877 1512 4947 6661
1538 4876 1617 4934 uitet
1642 4877 1844 4947 1166616161
1863 4880 1959 4945 61661,

263 4974 334 5029 Quae
363 4979 382 5012 a
402 4969 487 5030 patre
517 4970 613 5016 nostre
642 4962 672 5015 in
698 4962 783 5015 coelis
804 4962 941 5030 plantata
967 4981 1021 5016 non
1046 4972 1095 5029 est,
1123 4964 1171 5020 1611
1192 4976 1255 5019 man
1278 4963 1331 5030 1111
1350 4963 1416 5032 ibuit
1440 4963 1504 5029 mitt.
1528 4964 1581 5019 unb
1606 4963 1699 5031 lebret,
1726 4965 1835 5032 lentem
1863 4965 1960 5035 nictu,

123 5043 463 5099 61111116666116611166.
506 5046 697 5102 Theodmstus
721 5047 769 5103 lib.
796 5054 818 5102 5.
844 5065 866 5105 6,
894 5055 936 5105 31.
964 5049 1000 5102 de
1024 5048 1095 5104 con·
1122 5050 1207 5121 1116161
1224 5049 1315 5106 immet
1332 5049 1415 5119 161611
1439 5049 1469 5107 in
1487 5051 1543 5107 sint
1559 5049 1660 5107 tntae.
1713 5056 1738 5105 2.
1756 5051 1802 5106 Ab
1825 5052 1961 5123 exemplis

263 5129 514 5200 stantinopelitanis
529 5133 605 5203 dicit,
627 5134 702 5206 quod
716 5134 878 5199 Arsacium,
897 5136 948 5204 qui
963 5136 1096 5190 inlocum
1122 5141 1280 5190 sanctorum
1308 5134 1478 5207 fugientium
1512 5141 1544 5190 ut
1574 5136 1760 5206 apestolorum
1786 5138 1961 5210 aliorumque

262 5217 404 5271 Jehonnis
413 5215 603 5286 chrysostomi
616 5221 720 5290 injuste
737 5220 766 5273 in
779 5219 1096 5292 esitiumpulsisucees·
1123 5221 1229 5292 piorum
1248 5221 1311 5279 net.
1331 5229 1353 5279 6.
1373 5241 1398 5279 6.
1419 5231 1442 5280 5.
1473 5220 1556 5276 Pauli
1569 5221 1633 5277 Aet.
1647 5228 1670 5288 6,
1691 5240 1715 5277 v.
1736 5231 1776 5279 25.
1795 5231 1824 5278 61
1843 5224 1962 5280 aliorum

261 5311 346 5371 serat,
359 5319 392 5356 nc
405 5304 618 5372 compellatione
626 5306 738 5376 quidem
751 5306 861 5370 fuerint
872 5307 989 5375 dipnoti.
1014 5307 1098 5363 Talia
1122 5315 1280 5362 sanctorum
1296 5309 1383 5366 Hebr.
1408 5316 1448 5372 11,
1470 5325 1496 5360 6.
1517 5312 1558 5361 21.
1595 5307 1750 5378 Athanasii,
1769 5309 1961 5381 chrysostomi

262 5388 389 5460 exempla
407 5395 555 5444 occurrunt
572 5390 655 5461 plura
669 5392 744 5463 apud
759 5392 877 5448 eundem
891 5392 1096 5450 Theodoretum
1123 5401 1176 5452 eto.
1205 5401 1228 5451 3.
1248 5394 1276 5449 Α
1292 5396 1333 5450 661
1351 5396 1425 5450 illius
1440 5392 1607 5463 indignitate
1622 5401 1651 5450 61
1663 5396 1851 5451 incommodis.
1882 5397 1962 5452 Man-

261 5473 310 5530 lih.
326 5475 461 5535 1161616.
475 5481 516 5532 26.
529 5476 578 5535 lib.
593 5481 616 5532 2
629 5494 653 5534 6.
666 5482 691 5534 6.
704 5484 745 5535 31.
754 5485 832 5536 6111.
844 5479 892 5537 lib.
905 5485 929 5537 3.
939 5497 962 5539 e.
976 5488 1001 5540 1.
1013 5482 1060 5539 lib.
1070 5488 1095 5540 4.
1122 5482 1163 5539 sio
1182 5481 1270 5536 166116
1290 5481 1401 5537 demine
1419 5484 1510 5535 terrae
1531 5486 1573 5536 est
1595 5481 1725 5537 indecora
1750 5483 1895 5554 evangelio
1913 5485 1962 5555 ju·
