4006 6022
601 196 653 252 DE
672 194 897 254 MINIS'I'ERIO
918 196 1222 260 ECOLESIASTICO.
1718 214 1757 271 97

59 320 127 402 aare
144 348 176 403 ri
194 350 226 404 is
251 349 323 424 ὑμῖν
345 356 495 424 ποίμνιον,
523 367 584 404 enm
609 351 660 421 qni
685 352 759 405 inter
781 371 830 407 cos
855 359 895 406 cst
920 369 975 422 per
994 371 1078 422 qnam
1096 356 1247 426 spirituale
1269 356 1477 411 matrimonium
1502 358 1575 412 inter
1599 356 1760 431 episcopum

60 450 181 505 yreqcm,
198 435 275 491 unde
288 436 372 491 wem
384 436 412 490 in
428 437 546 492 concilio
559 436 779 492 chalcedonensi
798 453 860 496 can.
873 443 897 493 6.
909 470 912 549 ,
925 447 950 491 ct
978 440 1040 508 ejas
1064 441 1209 519 ecclesiam
1230 443 1363 496 electione
1387 443 1547 497 inchoatam
1568 452 1594 497 et
1613 446 1759 513 confirma·

59 525 195 574 mmmm
219 520 287 586 tait,
314 523 451 576 neminem
479 523 609 578 absolute
638 524 772 577 ordinari
798 525 999 577 deieratione
1030 533 1201 580 contractam
1238 531 1350 581 tandem
1378 531 1545 598 perficiatur
1580 538 1604 583 et
1635 548 1760 584 conarem-

58 606 115 658 nisi
133 608 176 659 acl
194 615 300 661 certam
323 616 348 662 et
369 610 522 680 specialem
546 611 700 665 ecclesiam.
736 609 799 666 Jam
824 600 1021 678 vero‚jmetar.
1051 629 1074 666 c.
1100 618 1122 666 2.
1149 619 1171 666 3,
1197 620 1219 668 i.
1247 620 1313 667 extr.
1343 614 1376 668 de
1410 615 1506 669 transl.
1533 616 1653 686 episcop.
1689 616 1759 670 Inde

59 691 161 762 onibus
185 691 290 763 gradus
317 693 438 749 doctoris
464 695 492 749 in
511 695 654 751 academia
672 695 827 759 confertur,
857 684 1065 767 illijstatunat,
1095 705 1158 770 post
1194 698 1428 754 confirmationem
1456 702 1664 756 ordinationem
1702 705 1759 756 siae

58 792 113 832 non
135 783 273 833 vocantur
299 778 336 834 nd
360 787 466 835 certum
488 780 588 836 locum.
623 781 697 850 Ergo
721 780 769 835 illa
794 782 1158 863 gradus,eonscrrationem
1183 787 1260 839 ultra
1288 793 1343 839 tres
1368 804 1472 840 menses
1496 807 1552 843 non
1578 791 1676 844 (ubere
1691 808 1758 859 pro·

57 863 171 918 collatio
198 880 255 920 non
282 869 326 920 est
349 865 485 937 quaedam
511 866 547 921 ad
574 866 754 921 ministerium
780 867 897 923 vocatio.
924 870 1061 924 tralilnisi
1075 871 1109 926 ob
1121 871 1551 942 justissimumimpedimentum,
1564 892 1587 930 c.
1602 881 1621 930 l.
1636 875 1758 930 distinct.

56 948 186 1017 Sidicas,
205 952 236 1004 in
247 953 354 1018 arodus
370 953 690 1006 occdmicieollctione
703 953 771 1006 dori
783 962 967 1021 promo-fil.
991 973 1014 1009 c.
1042 963 1065 1012 2,
1094 958 1156 1011 dist.
1183 964 1222 1013 75.
1248 975 1272 1013 c.
1303 965 1322 1012 i.
1350 958 1413 1011 dist.
1446 965 1499 1013 100.
1540 961 1595 1014 Sed
1623 966 1653 1015 ut
1681 967 1760 1016 notat

55 1037 157 1088 scedis
169 1045 336 1108 potestatem
350 1039 465 1108 publice
484 1046 509 1091 et
531 1038 631 1107 afflasse
651 1039 779 1106 docendi,
801 1024 1056 1106 ‹turpia-ilaurent.
1075 1042 1190 1096 Obmius
1210 1044 1237 1097 in
1258 1050 1337 1097 tract.
1359 1044 1393 1097 de
1407 1044 1472 1113 jure
1490 1045 1640 1116 episcopali
1658 1046 1696 1100 th.
1719 1054 1758 1103 lt.

56 1121 148 1190 madi,
168 1122 291 1191 lupentii,
308 1140 420 1179 errores
438 1125 559 1177 tacendi
571 1129 623 1178 etc,
636 1132 720 1192 alasse
739 1139 772 1178 ea
787 1124 897 1177 ratione
909 1132 912 1203 ¹,
924 1127 964 1184 lit.
988 1145 1011 1183 e.
1035 1129 1154 1199 rigorem
1178 1129 1255 1182 illum
1279 1147 1313 1183 ne
1338 1128 1391 1198 ipsi
1410 1128 1522 1199 quidem
1543 1129 1680 1186 Pontificii
1700 1133 1757 1203 api·

55 1207 194 1263 bonoram
214 1211 330 1266 luorum
349 1212 528 1267 collationem
541 1212 748 1281 quodammodo
766 1213 897 1264 accedere
909 1206 912 1277 J
924 1214 999 1284 scopi
1019 1213 1062 1268 vel
1080 1214 1277 1286 archicpiscopi
1297 1215 1325 1268 in
1344 1213 1492 1268 Germania
1513 1213 1676 1280 admittunt,
1696 1235 1757 1273 cum

57 1295 100 1348 ad
124 1298 314 1366 apostolicam
339 1300 525 1362 occationem,
558 1313 590 1352 ac
618 1296 772 1351 Luthemm
801 1297 836 1351 de
867 1312 896 1351 se
909 1292 911 1353 i
924 1305 1035 1368 praesto
1056 1300 1111 1354 sint
1129 1300 1254 1370 exempla
1274 1306 1401 1354 natorum
1422 1317 1454 1353 ex
1474 1299 1627 1355 illustribus
1637 1301 1758 1373 familiis,

55 1382 161 1452 sana,
180 1386 258 1452 qnod
275 1386 388 1456 saepia
413 1385 629 1440 consolationem
650 1384 774 1436 laeserit
793 1400 825 1435 cn
844 1400 896 1434 essa
909 1370 911 1401 ¹
924 1385 971 1456 qui
991 1387 1142 1440 conscerati
1160 1404 1214 1440 non
1235 1390 1300 1440 sunt
1322 1403 1372 1441 nec
1393 1386 1623 1440 consecrationem
1648 1396 1697 1442 aut
1715 1407 1757 1443 or-

53 1470 247 1541 promotions,
273 1471 302 1525 in
321 1488 377 1543 qua
401 1470 516 1542 publica
535 1475 657 1540 potestas
677 1469 795 1524 docendi
814 1485 894 1524 evan·
908 1452 911 1493 ¹
924 1470 1093 1525 dinationem
1106 1472 1392 1542 recipcrevoluerunt,
1412 1487 1444 1524 ac
1457 1470 1634 1527 nibilominus
1647 1474 1757 1528 titulum

57 1555 161 1626 galium
179 1564 208 1613 et
225 1573 331 1614 errores
350 1558 464 1613 taxandi
483 1557 535 1613 sibi
555 1554 659 1611 tradita
670 1554 764 1620 faerit,
785 1572 895 1625 respon·
908 1592 910 1627 ,
923 1563 951 1611 et
975 1574 1074 1612 nomen
1103 1557 1345 1628 archiepiscopalis
1371 1562 1399 1610 ct
1426 1557 1590 1628 episcopalis
1615 1559 1758 1630 dignitatis

57 1641 105 1697 det
123 1641 306 1699 Chemuicius
324 1643 354 1697 in
372 1644 432 1698 loco
450 1642 484 1698 de
503 1642 600 1698 eccles.
619 1661 647 1714 p.
668 1647 725 1698 329.
745 1642 808 1695 licet
827 1642 896 1694 laec
908 1640 910 1713 i
923 1649 1066 1713 usurpant.
1103 1642 1161 1698 Nos
1180 1643 1359 1698 ordinationis
1381 1643 1464 1696 ritum
1485 1660 1661 1715 nequaquam
1679 1645 1757 1698 omit-

56 1729 97 1781 ita
122 1744 152 1781 se
178 1729 298 1784 labeant
324 1747 358 1783 ac
376 1732 492 1799 insuper
517 1744 620 1782 cormac
638 1729 732 1796 justae
755 1745 814 1780 esse
831 1745 894 1795 pos·
907 1718 910 1801 1
923 1728 1045 1798 tendum,
1064 1729 1111 1784 sed
1126 1737 1202 1785 extra
1216 1729 1388 1785 necessitatis
1406 1745 1502 1783 casum
1519 1728 1547 1782 in
1563 1730 1758 1785 constitutione

58 1814 120 1882 sint,
137 1815 175 1867 od
193 1815 384 1884 pausationis
399 1814 617 1884 etiamteyitime
631 1814 764 1883 plenitus
783 1820 809 1864 in
824 1813 895 1866 locis
907 1810 909 1889 j
922 1815 1064 1870 ministerii
1083 1815 1260 1871 ecclesiastici
1279 1831 1386 1885 semper
1405 1814 1592 1869 adhibendum
1612 1833 1671 1871 esse
1690 1816 1756 1872 dici·

59 1902 158 1955 doccre
174 1901 276 1972 possit,
294 1909 386 1955 tanmn
399 1902 484 1954 telem
496 1901 539 1954 ccl
554 1900 766 1970 promotionem,
784 1898 828 1951 orl
846 1900 894 1951 do·
923 1919 998 1966 mus,
1016 1908 1076 1956 tum
1100 1909 1212 1972 propter
1233 1901 1374 1971 antiquam
1393 1899 1525 1956 ecclesiae
1544 1901 1711 1971 apostolicae
1729 1908 1756 1957 et

57 1987 139 2040 aaut
160 1986 305 2040 licentiam
326 1986 482 2057 plurimum
506 1987 541 2038 alr
568 1984 726 2055 apostolica
751 1984 894 2038 vocatione
922 1987 1107 2058 apostolorum
1138 1987 1309 2058 temporibus
1345 1987 1486 2057 proximae
1520 1988 1756 2057 consuetudinem,

58 2071 183 2141 differre.
232 2070 266 2127 Id
294 2086 361 2126 vero
388 2071 427 2127 sic
451 2071 632 2126 declaremus.
669 2069 760 2124 Datur
787 2085 894 2140 promo·
922 2075 949 2128 in
977 2092 1033 2145 qua
1056 2074 1259 2145 presbyterium
1282 2073 1422 2128 ministros
1452 2073 1487 2127 ab
1514 2073 1629 2127 ecclesis
1655 2075 1757 2129 electas

57 2157 152 2212 vendis
170 2162 294 2228 potestas
311 2157 423 2229 publice
443 2166 472 2212 et
490 2157 595 2227 ubique
613 2156 748 2224 docendi,
767 2156 895 2209 nimirum
921 2177 970 2232 per
995 2177 1091 2232 preces
1120 2166 1147 2215 et
1171 2159 1373 2230 impositionem
1404 2175 1534 2212 manuum
1558 2158 1706 2213 ordinabat
1730 2166 1758 2214 ct

59 2249 165 2299 serato
185 2251 279 2299 tamem
298 2243 410 2313 ordine,
435 2262 516 2315 quem
542 2243 620 2298 Deus
646 2243 706 2312 ipse
731 2243 761 2296 in
778 2242 897 2297 ecclesia
922 2246 982 2302 Deo
1006 2247 1086 2318 quasi
1111 2246 1305 2309 consecrabat,
1328 2246 1424 2301 Actor.
1443 2250 1471 2309 6,
1490 2263 1514 2300 v.
1533 2253 1557 2300 6.
1576 2262 1598 2299 e.
1625 2252 1669 2313 13,
1686 2264 1711 2299 v.
1733 2252 1756 2302 3.

58 2327 192 2398 institnit,
223 2335 256 2384 nt
274 2333 450 2400 exspectetur
467 2329 573 2384 scilicet
589 2327 714 2399 legitima
732 2327 768 2381 ad
789 2334 895 2383 certum
906 2348 909 2421 p
926 2340 947 2389 ι,
967 2332 1037 2386 Tim.
1060 2339 1083 2396 t,
1102 2351 1126 2387 v.
1151 2338 1190 2389 11.
1216 2349 1240 2388 c.
1262 2339 1293 2403 5,
1311 2349 1336 2386 v.
1359 2337 1399 2387 22.
1425 2337 1448 2386 t.
1466 2330 1538 2385 Tim.
1564 2338 1590 2395 t,
1610 2348 1634 2385 r.
1655 2337 1678 2385 6.
1698 2338 1756 2385 tam

59 2413 146 2471 locum
175 2415 300 2484 vocatio,
330 2422 479 2486 antequam
511 2415 692 2469 ministerium
723 2414 840 2469 docendi
867 2421 1034 2501 ettproptcr
1056 2417 1125 2474 finos
1149 2417 1283 2473 edutarcs
1312 2417 1395 2488 paulo
1422 2415 1548 2485 superius
1567 2423 1756 2472 enumeratos:

60 2506 232 2557 uramenta
248 2500 460 2556 admimsuandi
483 2501 511 2554 in
532 2516 563 2555 eo
582 2499 780 2571 aggrediatur,
804 2515 894 2569 neque
921 2504 1026 2559 Paulus
1046 2505 1111 2558 licet
1129 2503 1286 2559 immediate
1304 2509 1417 2558 vocatus
1432 2510 1498 2570 erat,
1519 2508 1611 2558 tamen
1632 2503 1668 2558 ad
1682 2505 1755 2558 Aac·

59 2587 128 2642 enim
153 2587 281 2644 ordinem
304 2586 437 2643 divinitus
462 2587 491 2643 in
511 2587 627 2642 ecclesia
645 2586 824 2640 constitutam
843 2584 893 2638 tol·
920 2589 994 2643 niam
1013 2589 1138 2659 mittitur,
1158 2591 1204 2661 qui
1223 2590 1347 2659 imponat
1367 2604 1473 2651 manus,
1491 2593 1523 2641 ut
1542 2588 1676 2644 ecclesiae
1693 2605 1756 2644 con·

60 2672 169 2730 leserel
183 2675 340 2744 voluerant,
359 2675 403 2729 vel
423 2680 573 2745 potuerunt
592 2672 646 2740 illi,
667 2673 714 2744 qui
729 2673 813 2727 ritum
827 2685 896 2743 pro·
906 2684 909 2759 Ι
921 2682 976 2730 stet
987 2676 1022 2729 dc
1034 2675 1186 2740 vocatione,
1207 2677 1300 2728 lictor.
1315 2683 1344 2743 a,
1356 2691 1381 2727 v.
1399 2680 1437 2729 17.
1452 2679 1479 2728 et
1490 2680 1588 2743 postea
1606 2675 1698 2728 Actor.
1716 2679 1755 2741 13,

62 2761 187 2816 madonis
205 2761 357 2816 doctoralis
374 2761 404 2815 in
422 2760 577 2816 academias
591 2759 655 2814 olim
674 2759 894 2824 introduxerunt,
921 2779 946 2817 v.
969 2768 993 2818 3.
1011 2779 1074 2816 cum
1093 2761 1164 2816 inter
1182 2767 1278 2831 gentes
1296 2758 1469 2830 ablegandus
1487 2764 1576 2827 esset,
1595 2777 1689 2812 rursus
1708 2760 1756 2811 im·

62 2846 100 2902 rel
119 2849 168 2919 qui
189 2848 310 2904 eundem
330 2846 422 2903 adhuc
437 2847 600 2902 inviolatum
612 2851 784 2902 conservant.
813 2846 895 2900 Prae·
922 2849 1057 2919 positione
1083 2864 1214 2903 manuum
1242 2845 1396 2900 ordinarius
1422 2845 1546 2915 gentium
1571 2845 1665 2898 doctor
1692 2861 1755 2899 con·

62 2939 131 2989 teres
147 2939 275 3006 potestas
294 2934 344 2989 illa
370 2918 487 2990 docendi
513 2934 541 2987 in
560 2931 731 3004 promotione
749 2931 896 2986 solenniter
907 2992 910 3013 Ι
922 2935 1056 3000 stituitnr,
1076 2942 1104 2988 et
1122 2933 1166 2987 hic
1186 2932 1254 2985 ritus
1273 2929 1333 2986 ideo
1352 2930 1407 2984 fuit
1425 2929 1576 2989 adhibitus.
1595 2936 1627 2984 ut
1645 2930 1756 3001 publice

63 3019 158 3076 collata
176 3037 211 3075 eo
232 3020 314 3075 modo
332 3020 419 3077 exseri
438 3027 466 3075 et
485 3019 606 3074 exerceri
629 3018 712 3074 ctiam
739 3022 845 3087 potest,
873 3017 894 3070 si
923 3023 983 3091 ejus
996 3019 1103 3075 vocatio
1117 3019 1303 3075 declararetur
1313 3017 1444 3088 legitima,
1463 3034 1513 3071 nec
1524 3017 1568 3070 alii
1580 3017 1759 3071 consimiliter

65 3105 224 3162 onnodmia
247 3106 358 3177 scriptis
381 3113 554 3178 propagetur
579 3109 607 3159 et
633 3104 764 3158 contrarii
790 3118 896 3157 errores
923 3106 957 3161 de
977 3123 1009 3161 ea
1028 3106 1219 3177 gloriarentur.
1256 3104 1365 3166 Quodsi
1381 3105 1432 3156 hac
1458 3105 1568 3168 saetam
1587 3104 1644 3165 sicit
1670 3104 1698 3154 in
1718 3120 1759 3170 eo,

66 3193 149 3249 solide
168 3194 343 3262 refutentur,
366 3191 472 3248 etiamsi
496 3190 676 3245 ministerium
695 3189 724 3242 in
743 3194 818 3245 certo
836 3190 896 3243 loco
927 3193 976 3263 qai
994 3193 1150 3247 immediate
1163 3191 1227 3260 scit
1248 3198 1368 3258 racanas,
1389 3199 1490 3258 quiante
1504 3189 1593 3257 manis
1615 3189 1646 3240 irl
1661 3190 1759 3251 facere

66 3279 125 3334 virs
142 3296 213 3335 voce
226 3277 408 3335 concionibus
420 3276 566 3331 ordinariis
580 3273 707 3343 docendi,
725 3282 898 3329 sacramenta
924 3284 1002 3335 slecrt
1029 3281 1057 3333 in
1086 3278 1276 3332 crocet-ionibus
1306 3277 1450 3342 predictis,
1481 3290 1551 3346 quae
1580 3280 1645 3328 sunt
1674 3275 1759 3330 verba

64 3365 272 3422 administrandi
291 3371 344 3420 etc.
361 3381 417 3419 non
434 3362 615 3432 suscipiatur,
640 3377 690 3416 nec
708 3365 766 3416 sine
785 3361 898 3431 praevia
924 3366 1005 3421 Doct.
1021 3363 1174 3419 Chemnicii
1185 3369 1265 3433 parte
1280 3368 1302 3419 3.
1317 3362 1367 3415 loc.
1387 3360 1555 3416 deecclesia
1574 3377 1597 3414 c.
1620 3367 1643 3414 t.
1661 3379 1678 3430 p
1701 3366 1757 3417 333.

63 3453 206 3508 tentione
223 3451 328 3523 nunclpi
348 3467 429 3522 p0⁸⁸0
448 3455 593 3504 minatur·
924 3454 1064 3524 Negamus
1079 3446 1759 3519 tamen,ordinationemessenecessariamratione

923 3537 1072 3610 peculiaris
1092 3536 1209 3606 alicujus
1229 3534 1368 3606 praecepti
1389 3532 1484 3598 divini,
1498 3533 1579 3603 quale
1593 3549 1648 3585 non
1666 3538 1759 3602 potest

924 3623 1049 3691 ostendi;
1069 3621 1115 3676 vel
1136 3620 1240 3674 radone
1260 3618 1324 3673 talis
1342 3619 1487 3688 eujusdam
1505 3617 1629 3687 effectus,
1649 3617 1758 3689 qualem

923 3707 1064 3765 Pontificii
1082 3707 1122 3761 illi
1141 3704 1276 3773 tribuunt,
1296 3703 1375 3775 quasi
1393 3703 1497 3759 scilicet
1516 3720 1567 3773 per
1584 3719 1644 3759 eam
1665 3704 1758 3774 impri-

333 3827 388 3888 ΒΕ
398 3825 512 3888 ΜΠ)
537 3823 621 3885 ΧΠ.
923 3798 1015 3849 matur
1033 3793 1177 3848 character
1185 3789 1285 3861 aliquis
1297 3789 1454 3846 indelebilis
1467 3789 1511 3843 vel
1530 3789 1609 3860 quasi
1627 3806 1660 3844 ex
1677 3806 1759 3861 opere

924 3885 1038 3952 operato
1056 3878 1181 3935 conserat
1200 3876 1272 3931 dona
1292 3876 1328 3931 ad
1352 3875 1534 3930 ministerium
1555 3875 1700 3946 requisita,
1725 3875 1759 3931 de

242 3980 309 4048 DE
342 3978 718 4049 ORDINATIONE,
924 3984 978 4038 quo
1005 3966 1082 4020 nulla
1104 3982 1138 4019 ex
1163 3962 1266 4017 Christi
1294 3967 1321 4016 et
1345 3961 1531 4032 apostoloram
1561 3961 1641 4016 dictis
1666 3960 1758 4015 afferri

923 4059 1015 4124 potest
1035 4050 1193 4122 promissio;
1213 4049 1257 4104 vel
1276 4049 1381 4103 ratione
1400 4047 1545 4119 qu‘usdam
1567 4046 1711 4101 absolutae
1732 4051 1760 4100 et

93 4156 153 4208 tae.
172 4150 335 4207 vocationis
354 4149 469 4221 publica
486 4154 514 4205 et
533 4149 653 4204 solennis
670 4147 820 4202 declaratio
838 4146 896 4201 sive
923 4138 1057 4210 simplicis
1077 4135 1263 4203 necessitatis,
1291 4137 1369 4204 quasi
1389 4132 1553 4205 nequidem
1573 4141 1697 4204 tempore
1717 4148 1756 4200 eo,

10 4221 221 4301 *testificatio
253 4244 295 4292 est
328 4237 473 4291 ordinatio
480 4275 488 4304 ,
517 4253 566 4307 per
599 4251 682 4308 quam
713 4234 894 4289 ministerium
924 4243 978 4299 quo
998 4222 1177 4280 ordinationis
1197 4221 1266 4276 ritus
1284 4219 1381 4274 haberi
1406 4220 1516 4291 nequit,
1543 4224 1612 4290 puta
1635 4226 1757 4291 tempore

56 4323 280 4383 mamaeam
299 4339 431 4395 persam
449 4322 567 4378 idoneae
581 4320 617 4376 ad
637 4319 705 4374 illud
724 4320 760 4374 ab
779 4319 897 4373 ecclesia
923 4311 1090 4378 obsidionis,
1116 4308 1203 4380 pestis
1228 4312 1280 4363 etc.
1303 4305 1426 4378 legitime
1450 4305 1486 4359 ab
1511 4305 1626 4359 ecclesia
1644 4312 1757 4359 vocatus

10 4376 179 4471 {vocatu
203 4410 424 4475 commendatur,
451 4408 487 4463 ad
513 4407 588 4480 quod
612 4407 709 4462 eadem
728 4423 778 4478 per
800 4422 896 4476 preces
908 4392 910 4467 i
923 4398 1073 4453 ministerio
1092 4411 1141 4449 suo
1161 4394 1241 4465 fungi
1257 4398 1385 4463 nequeat,
1403 4397 1552 4463 antequam
1570 4391 1712 4445 ordinetur
1730 4397 1758 4444 ct

10 4488 86 4571 {et
110 4496 317 4569 impositionem
338 4512 470 4551 manuum
495 4497 685 4559 consecratur,
714 4493 749 4547 de
771 4488 1111 4562 legitimalconsecrctur,
1140 4481 1174 4535 de
1199 4480 1248 4533 tali
1273 4478 1345 4533 enirn
1370 4478 1498 4533 absoluta
1517 4477 1682 4532 necessitasc
1701 4492 1756 4530 non

55 4582 207 4639 roratione
232 4581 334 4636 ceruos
359 4580 486 4637 redditur
509 4586 537 4634 et
565 4577 650 4634 officii
674 4577 716 4632 sui
739 4577 850 4647 publice
867 4558 910 4645 ini
922 4575 1014 4642 potest
1040 4586 1072 4623 er
1091 4566 1240 4636 scripturis
1266 4564 1418 4635 quidquam
1444 4563 1568 4634 proferri.
1603 4562 1757 4633 Chytraeus

55 4669 146 4726 totins
163 4667 298 4723 mdesiae
316 4671 465 4737 compecto
486 4664 636 4720 solenniter
659 4669 686 4717 ct
706 4663 828 4734 graviter
847 4663 893 4717 ad·
907 4658 951 4743 ¹,in
977 4674 1000 4712 c.
1028 4660 1069 4710 29.
1090 4651 1193 4706 Exodi:
1227 4651 1377 4704 Sciendum
1398 4656 1451 4707 est,
1477 4657 1589 4703 aoratos
1613 4656 1638 4701 ct
1657 4649 1758 4702 clectos

56 4762 197 4822 monetur,
213 4757 328 4824 propter
345 4768 416 4823 quas
441 4765 539 4804 causas
556 4749 638 4804 ritum
667 4747 848 4805 ordinationis
868 4749 987 4823 in3coce
1014 4740 1146 4795 ecclesium
1167 4740 1317 4804 fasnpentes
1341 4736 1494 4789 arinisterio
1519 4735 1601 4786 ctiam
1621 4735 1680 4787 sine
1700 4735 1758 4787 ritu

57 4839 187 4898 ecelesiis
207 4837 307 4894 nostris
327 4836 489 4892 inviolatum
508 4852 709 4892 conservamus.
749 4834 897 4900 Quaeritur
925 4827 1110 4899 impositionis
1130 4841 1260 4878 rnarsuam
1283 4839 1344 4875 virere
1369 4820 1512 4873 missistrcs
1537 4819 1670 4873 ecclcsiae
1691 4837 1758 4875 csse.

57 4934 154 4984 „m
178 4928 203 4979 1,
227 4942 266 4978 a„
291 4924 434 4977 oreimis,
456 4925 497 4976 aa
515 4923 698 4976 minares-ium
715 4923 754 4977 ,ἡ
774 4922 897 4975 absoluta
910 4933 1005 4995 [poam
1020 4915 1119 4966 docere
1132 4916 1342 4967 otsacsamcnta
1361 4906 1571 4961 administrare.
1608 4906 1672 4960 Non
1686 4907 1758 4959 enim

59 5022 85 5067 st
105 5010 277 5081 simpliciter
297 5009 480 5063 necmsaria!
512 5008 556 5065 De
574 5009 666 5079 rigore
680 5008 752 5078 juris
772 4998 1086 5075 canoniciiinprimitur
1113 4999 1164 5052 liae
1190 4997 1248 5049 ritu.
1273 4992 1426 5062 nisspnlaris
1451 4992 1599 5044 character
1617 4993 1759 5060 ordinato,
1819 5030 1823 5035 -

41 5116 116 5155 ,non
139 5096 243 5152 dieitur
265 5095 412 5166 episcopus
437 5094 490 5149 nisi
516 5093 554 5150 sit
576 5101 752 5150 consecratus
776 5113 798 5147 c.
818 5093 913 5147 Licet:
927 5106 975 5142 nec
992 5094 1117 5158 potestas
1138 5081 1327 5138 ecelesiastica
1349 5096 1396 5131 serr
1409 5078 1461 5146 jas
1484 5078 1606 5130 docendi
1623 5078 1761 5146 eraspelii
1853 5132 1858 5139 ,

60 5194 129 5242 extr.
153 5183 189 5238 de
214 5181 311 5237 nansi.
335 5180 458 5252 episcop.
481 5197 532 5253 per
565 5181 801 5235 consecrationem
823 5178 898 5234 illam
911 5196 914 5243 r
926 5183 951 5229 et
966 5169 1190 5230 administrandi
1200 5172 1377 5221 cornamento
1389 5164 1496 5233 pendet
1512 5179 1545 5215 ee·
1557 5163 1607 5215 lsoc
1626 5161 1692 5229 rita,
1711 5179 1760 5217 ricc

61 5268 226 5342 intelligitur
253 5265 399 5335 ordinatio,
428 5272 461 5321 ut
489 5271 568 5337 patet
595 5282 628 5320 ex
654 5267 737 5337 gloss.
768 5267 797 5320 in
823 5284 846 5322 c.
877 5266 899 5320 si
912 5269 1040 5335 {propter
1060 5259 1131 5313 luam
1148 5256 1234 5309 situm
1253 5253 1356 5316 efficax
1369 5257 1408 5302 0⁸1
1423 5248 1604 5302 'ultitimum
1625 5248 1760 5315 eretriaci,

61 5353 295 5426 Arohiepiscopns
313 5351 390 5408 verb.
408 5349 588 5407 Ordinendue
611 5357 677 5406 extr.
697 5351 732 5408 de
751 5357 836 5422 temp.
857 5350 980 5421 or-‚sed
1002 5347 1074 5400 valet
1100 5340 1278 5396 ministerium
1306 5345 1330 5389 et
1357 5343 1396 5389 est
1419 5335 1545 5403 petentia
1575 5335 1616 5385 ccl
1642 5334 1760 5386 salntem

62 5440 147 5498 ‹linat-
163 5456 248 5515 quam
265 5437 418 5508 definiunt,
448 5436 522 5508 quod
540 5437 577 5491 sit
593 5437 736 5492 euclionis
750 5439 897 5509 periodos,
912 5438 914 5491 i
930 5436 1005 5489 onsni
1028 5428 1153 5484 credenti
1165 5432 1284 5495 propter·
1308 5420 1515 5476 ordinationem
1539 5418 1680 5486 divinam,-
1709 5419 1759 5470 ad·

112 5534 277 5581 mantea
288 5535 324 5578 u.
1413 5529 1427 5578 7
