4020 6014
267 346 327 403 218
454 340 468 357 ⁸
851 335 971 395 [ecus
984 333 1192 392 >mensurus
1207 333 1373 392 TERTIUS

268 497 290 546 l.
310 492 372 546 Cor.
390 495 421 555 9,
451 506 476 543 v.
499 495 536 544 ll.
560 496 589 545 et
609 508 685 562 seqq.
712 492 775 546 ideo
799 491 1040 546 indiscriminatim
1067 504 1103 543 ac
1163 493 1222 543 327.
1240 488 1388 553 Quaeritur
1399 496 1423 545 3.
1435 490 1482 544 Aa
1494 500 1621 545 mmeato
1632 491 1711 545 alere
1724 491 2008 557 stopn'soltarsmtl

266 577 421 647 prorniscue
451 576 571 647 singulis
607 578 738 632 ministris
767 577 885 633 ecelesia
912 576 1102 632 subministret
1128 590 1254 628 exercere
1280 577 1417 630 rrsinistra's
1441 577 1577 631 ecclas'oe
1599 579 1691 646 plane
1720 578 1757 631 sit
1782 547 2008 646 potamii

266 662 412 732 stipendia,
432 661 455 715 si
474 661 518 717 vel
536 663 655 716 mamme
673 681 745 718 unus
763 664 885 735 itemque
902 663 972 718 alter
990 661 1100 722 habeat.
1128 661 1190 717 Non
1207 663 1321 733 quidem
1339 663 1490 733 probamus
1510 680 1604 718 eorum
1624 663 1759 719 ecclesiae
1777 659 2008 744 ministrommffi'

266 748 340 802 unde
366 747 450 802 vivat.
492 748 635 802 ititModus
659 749 818 805 conferendi
843 748 974 802 ministris
1000 746 1114 829 susus,
1127 753 1354 825 φιλοχρηματίαν
1377 755 1407 803 et
1433 757 1639 819 praeposteram
1666 749 1756 804 victus
1786 747 1962 819 comparandi

266 834 366 904 triplex
386 833 556 889 observatur.
593 834 647 890 Vel
666 836 740 891 enim
757 839 793 888 de
819 853 889 889 aoso
912 833 1031 888 conferri
1055 832 1271 903 ne'rationom,
1289 837 1337 906 qui
1355 837 1488 906 majorem
1506 835 1599 891 alendi
1613 836 1719 905 pecoris
1739 841 1768 890 et
1785 835 1963 889 colendorum

267 937 344 975 cesse
363 926 406 974 est
417 920 453 975 ab
471 921 645 976 auditoribus
663 922 699 976 ad
718 922 819 976 salaria
837 920 1038 982 ministrorum,
1056 917 1100 972 vel
1127 938 1259 992 agrorum
1279 938 1363 991 quam
1381 922 1544 991 studiorum,
1570 921 1744 992 negotiorum
1762 919 1963 976 ecclesiastico·

267 1024 297 1059 or
313 1006 429 1059 collatis
446 1006 511 1060 olim
529 1008 565 1061 ad
583 1006 657 1061 hunc
672 997 702 1061 ⁴et
714 1007 751 1060 ad
763 1006 833 1062 alios
849 1023 916 1060 usus
929 1005 1100 1058 numeranda
1126 1023 1187 1059 rum
1204 1023 1238 1060 ac
1257 1009 1463 1077 promovendae
1479 1008 1636 1062 auditorum
1663 1006 1761 1061 salum
1786 1022 1887 1061 curam
1910 1022 1965 1061 sos·

267 1096 333 1145 sunt
349 1091 501 1160 stipendia,
524 1092 569 1146 vel
594 1092 715 1163 denique
734 1101 850 1160 atroque
870 1093 954 1145 modo
973 1089 1100 1160 provide-
1126 1091 1246 1161 cipiunt,
1275 1110 1345 1164 quos
1364 1092 1467 1147 rectius
1495 1099 1619 1161 pastores
1638 1098 1827 1148 armentorum
1847 1090 1966 1161 notorio·

267 1184 313 1232 tur
342 1178 514 1233 necessariae
538 1186 567 1232 et
596 1178 729 1233 honestae
755 1177 942 1233 ministrorum
964 1180 1100 1231 susrsnts-
1128 1197 1205 1241 νους,
1236 1177 1407 1249 φιλομὴλους
1436 1183 1484 1233 καὶ
1515 1177 1688 1248 πολυβούιας
1722 1193 1808 1249 quam
1841 1182 1966 1248 pastores

266 1263 344 1320 tioni.
382 1263 484 1319 Omnes
501 1264 552 1319 hos
571 1272 600 1318 et
618 1263 742 1335 singulos
768 1265 864 1319 modos
889 1263 980 1318 licitos
1003 1261 1100 1315 statui-
1127 1264 1260 1319 ecelesiae
1289 1271 1319 1320 et
1344 1265 1485 1319 ministros
1502 1263 1606 1319 Christi
1629 1264 1744 1328 dixeris,
1773 1269 1874 1318 conus
1898 1280 1966 1335 quos

267 1368 340 1419 mus,
367 1367 404 1404 an
421 1368 486 1405 vero
508 1350 613 1420 ubique
633 1357 661 1403 et
681 1367 789 1419 semper
813 1350 869 1404 sint
888 1349 992 1419 pariter
1009 1342 1099 1412 irtiles,
1113 1354 1115 1401 l
1128 1350 1226 1404 merito
1246 1358 1396 1421 usurpatur
1413 1350 1482 1404 illud
1499 1349 1605 1407 Eoelss
1631 1355 1672 1412 38,
1696 1367 1722 1401 v.
1747 1353 1794 1405 26:
1821 1348 1967 1410 Quomodo

269 1436 367 1491 merito
394 1435 538 1490 dubitatur
561 1442 614 1492 ete.
643 1436 762 1490 Tamov.
794 1437 866 1506 disp.
893 1436 929 1489 de
948 1434 1014 1492 min.
1034 1433 1101 1491 eccl.
1127 1436 1240 1504 sepiem
1259 1438 1369 1503 erodat,
1390 1437 1440 1505 qai
1459 1443 1531 1489 tenet
1549 1443 1689 1503 aratrum,
1708 1436 1758 1503 φα·
1773 1435 1921 1502 plor-iotis·
1937 1435 1965 1487 r'a

267 1520 367 1576 Modus
384 1528 459 1577 recte
476 1522 631 1591 accipiendi
649 1522 788 1593 colligitur
810 1539 842 1576 ex
862 1521 926 1577 Joh.
945 1526 992 1588 21,
1015 1539 1039 1576 v.
1062 1527 1101 1575 15.
1125 1522 1201 1587 fuste
1219 1523 1341 1585 stimuli,
1368 1524 1448 1575 tores
1467 1522 1581 1591 epitom
1601 1527 1628 1574 at
1646 1521 1769 1573 nutritis
1786 1521 1817 1573 s'a
1835 1521 1966 1591 sperem

267 1614 372 1677 etseq.
397 1613 418 1663 l.
439 1607 514 1662 Petr.
533 1614 563 1671 5,
580 1627 605 1661 v.
623 1613 646 1663 2.
663 1607 825 1679 Augustino
849 1614 884 1664 tr.
911 1612 966 1661 123.
990 1606 1021 1659 in
1038 1605 1101 1660 doh.
1128 1625 1238 1676 mam,
1266 1609 1348 1677 cujas
1365 1607 1396 1661 s‘a
1416 1615 1566 1675 orentque
1589 1622 1716 1661 ammons
1733 1613 1884 1661 taurorum
1899 1624 1966 1676 pro

269 1694 466 1764 chrysostomo
487 1695 505 1747 l.
526 1699 549 1748 2.
565 1694 599 1749 de
612 1695 716 1748 sacerd.
730 1694 903 1749 videlieetut
920 1692 1100 1747 ministerium
1127 1696 1221 1761 ponus
1238 1695 1331 1748 solum
1349 1695 1502 1747 ansatur!
1519 1711 1545 1746 υ.
1564 1695 1608 1746 27.
1632 1693 1659 1747 s's
1683 1695 1725 1747 od
1748 1693 1843 1746 sulcos
1864 1694 1967 1746 dassa-

267 1780 434 1850 suscipiatur
451 1796 485 1834 ex
503 1781 669 1850 amoreDei,
687 1781 832 1851 gloriaest
845 1781 942 1835 salutm
960 1779 1102 1834 hominum
1129 1782 1181 1834 dos
1207 1781 1331 1832 animam
1359 1797 1440 1832 suam
1464 1778 1593 1848 applicat
1621 1786 1647 1832 et
1670 1780 1711 1832 ad
1734 1778 1844 1847 pabulo
1872 1777 1966 1832 roccis

268 1866 480 1937 promovendae,
500 1884 555 1921 non
569 1885 601 1922 er
611 1869 703 1922 studio
717 1867 868 1937 quaerendi
881 1883 954 1936 quae
966 1882 1017 1919 sua
1028 1871 1102 1920 sunt.
1126 1868 1260 1935 parando
1281 1866 1460 1933 vigilantiam
1482 1873 1619 1934 praestot.
1656 1864 1773 1920 Interim
1798 1880 1855 1920 non
1873 1869 1968 1935 potest

229 1981 235 1997 ·
267 1952 504 2009 Conf.Luthem1s
523 1958 588 2007 tom.
604 1959 629 2009 6.
651 1952 743 2007 Germ.
769 1953 833 2008 Jen.
856 1952 875 2006 f.
893 1952 973 2007 ee.**
1004 1950 1102 2015 Notou
1128 1954 1255 2008 absolute
1273 1958 1302 2007 et
1321 1951 1482 2021 simpliciter
1505 1951 1656 2020 improbari
1677 1952 1707 2006 in
1732 1951 1869 2008 ecclesiae
1886 1951 1965 2007 mini·

267 2039 380 2107 insuper
392 2037 437 2091 hic
450 2045 554 2108 potest:
575 2046 596 2093 l.
615 2038 648 2092 In
662 2038 764 2093 nostns
776 2039 900 2093 ecclesiis
917 2037 1051 2092 nobilium
1068 2053 1101 2090 ac
1128 2049 1193 2103 stro,
1212 2039 1235 2093 si
1256 2038 1363 2109 absque
1382 2037 1474 2093 officio
1492 2043 1521 2091 et
1539 2037 1694 2092 studiorum
1708 2039 1823 2108 jactura
1840 2037 1966 2109 aliquam

267 2122 470 2194 opulentiorum
494 2123 544 2178 tilii
571 2141 634 2180 raro
657 2140 688 2178 se
712 2123 859 2178 conferunt
884 2123 920 2177 ad
944 2122 1101 2193 theologiae
1128 2127 1168 2181 rei
1194 2124 1338 2180 familiaris
1362 2139 1458 2178 curam
1483 2123 1601 2190 habeat,
1630 2139 1703 2194 quae
1726 2139 1792 2178 cum
1810 2123 1840 2179 iu
1858 2125 1965 2180 alendis

267 2209 389 2263 studium
408 2216 437 2264 et
453 2209 585 2264 ecelesiae
596 2208 797 2277 ministerium,
815 2215 848 2263 ut
861 2207 1019 2279 paucissimi
1039 2208 1101 2272 sint,
1128 2212 1260 2267 armentia
1280 2217 1309 2266 et
1326 2211 1449 2266 colandis
1467 2210 1543 2281 agria
1561 2210 1639 2279 apud
1664 2209 1802 2280 quasdam
1818 2211 1966 2280 parochias

268 2295 316 2365 qui
341 2294 523 2351 sufficientem
551 2312 584 2351 cr
611 2296 730 2366 propriis
762 2295 842 2351 bonis
872 2294 1101 2350 sustentationem
1127 2299 1165 2351 sit
1190 2303 1345 2366 occupata,
1372 2296 1436 2352 ideo
1463 2312 1520 2350 non
1546 2300 1638 2366 potest
1661 2295 1788 2364 praecise
1815 2297 1966 2366 repudiari

268 2381 396 2436 habeant.
427 2381 502 2453 Ergo
522 2387 636 2452 propter
654 2382 780 2452 exempla
797 2398 950 2452 paucorum
969 2396 1025 2435 non
1045 2380 1100 2433 dis·
1128 2383 1224 2440 Sancti
1240 2381 1414 2452 patriarchae
1430 2389 1459 2437 et
1475 2397 1537 2436 aras
1556 2381 1618 2437 Deo
1638 2388 1835 2437 exstruxerunt
1854 2382 1963 2452 praedi·

268 2467 423 2522 cedendum
441 2483 459 2522 a
478 2468 575 2539 regula
592 2467 724 2539 generali.
758 2475 782 2523 2.
802 2467 929 2523 Christus
952 2467 1036 2522 facile
1053 2483 1101 2535 po·
1126 2475 1221 2524 cantes
1245 2469 1274 2522 in
1291 2468 1403 2542 agmine
1421 2467 1485 2536 Dei,
1512 2474 1542 2524 et
1558 2468 1680 2538 aliquam
1699 2467 1782 2522 simul
1804 2467 1847 2523 rei
1862 2485 1963 2538 pecua·

267 2554 366 2607 tuisset
384 2553 542 2609 immediate
559 2554 614 2609 sibi
629 2555 743 2626 suisque
765 2553 900 2624 apostolis
922 2553 957 2608 de
980 2553 1057 2607 victu
1074 2560 1102 2606 et
1126 2556 1185 2612 riae
1202 2554 1361 2610 colendisve
1378 2554 1454 2625 agris
1466 2555 1663 2624 impenderunt
1680 2569 1785 2609 curam.
1813 2554 1859 2609 De
1876 2554 1962 2626 Spiri-

268 2639 428 2694 necessariis
453 2641 491 2694 ad
515 2640 590 2694 vitae
614 2640 842 2696 sustentationem
860 2657 910 2709 per
937 2639 1099 2694 miraculum
1128 2642 1199 2696 done
1220 2640 1306 2711 Cypri
1327 2641 1456 2710 episcopo
1475 2640 1561 2697 refert
1573 2639 1763 2697 Socmteslib.
1782 2647 1803 2696 l.
1817 2640 1880 2697 tiss
1899 2658 1925 2697 c
1938 2646 1963 2699 8.

267 2727 438 2796 prospicere,
465 2726 513 2782 sed
531 2726 638 2796 placuit
657 2727 709 2796 ipsi
729 2727 821 2781 vivere
840 2743 874 2781 ex
895 2726 937 2791 iis,
959 2741 1030 2794 quae
1047 2724 1100 2795 ipsi
1126 2729 1202 2799 quod
1214 2745 1275 2781 cars
1286 2729 1465 2796 misoopotas
1476 2743 1590 2782 munere
1601 2730 1776 2796 frangeretur,
1796 2745 1861 2783 ores
1878 2729 1963 2783 etiosa

169 2838 172 2843 ·
267 2829 284 2867 a
301 2813 355 2884 piis
372 2811 659 2880 subministrabantur,
682 2813 749 2868 Luc.
770 2818 794 2880 8,
814 2829 840 2867 r.
859 2819 883 2868 3.
902 2827 952 2866 suo
972 2816 1004 2865 ut
1022 2810 1101 2865 doce·
1122 2816 1243 2885 paverit,
1259 2823 1287 2869 et
1305 2832 1367 2868 oum
1382 2817 1464 2878 faras
1481 2816 1605 2883 quodem
1623 2821 1747 2882 temporo
1764 2821 1845 2868 ansts
1864 2830 1963 2868 conns·

267 2909 309 2954 ret
327 2899 461 2969 exemplo,
480 2899 564 2953 etiam
576 2899 630 2953 illis
643 2898 776 2954 cadmiae
790 2899 949 2954 doctoribus
961 2914 1021 2952 esse
1034 2897 1101 2952 dau·
1127 2902 1175 2954 bia
1192 2902 1267 2954 olom
1284 2901 1316 2954 io
1333 2900 1423 2955 ooa‘tr'a
1439 2902 1502 2968 ejas
1521 2901 1670 2954 irruissent
1687 2915 1804 2969 oossqas
1823 2900 1892 2954 iada
1902 2919 1964 2954 sar·

268 2986 347 3050 dum,
371 2985 419 3056 qui
437 2985 472 3038 de
491 3000 541 3038 suo
559 2985 672 3050 habent,
695 2985 769 3039 unde
791 2985 894 3040 vivant.
931 2989 955 3039 3.
975 2983 1006 3039 si
1023 2982 1101 3037 mini·
1125 2987 1221 3056 rapere
1239 2986 1416 3054 molirentur,
1441 2987 1470 3040 vi
1488 2995 1513 3039 et
1532 2987 1664 3054 &tonsio
1679 3002 1798 3054 precam
1815 2987 1909 3041 soseri
1924 2987 1962 3038 oi·

267 3073 330 3136 stri,
348 3071 449 3141 quibus
470 3072 505 3123 de
525 3088 592 3138 suo,
610 3071 684 3125 unde
703 3086 732 3125 se
749 3087 869 3141 suosque
885 3071 977 3138 alant,
1000 3087 1100 3140 suppe·
1124 3074 1154 3128 η’
1173 3072 1302 3140 religatis
1319 3090 1338 3125 a
1355 3080 1432 3139 tsrpo
1452 3073 1580 3126 moaidm
1598 3088 1655 3141 per
1677 3079 1782 3126 noctem
1799 3072 1842 3125 ibs'
1858 3073 1961 3127 adstri-

268 3157 311 3222 tit,
333 3156 474 3211 ordinaria
486 3157 626 3227 stipendia
636 3157 792 3228 negligant,
811 3156 910 3228 reliqui
927 3156 956 3210 in
969 3155 1099 3210 invidiam
1127 3162 1166 3213 cti
1187 3168 1213 3213 et
1234 3168 1329 3212 scorto
1356 3160 1415 3212 sole
1440 3160 1609 3228 deprehensi
1629 3159 1751 3226 fuerint,
1777 3176 1849 3228 qssos
1871 3168 1961 3213 torma

268 3244 452 3312 adducuntur,
471 3243 519 3313 qui
536 3243 638 3297 salaria
654 3242 801 3313 accipiant,
820 3243 869 3297 sed
892 3248 921 3295 ct
937 3242 1101 3297 successori·
1124 3247 1175 3300 ille
1199 3263 1256 3300 noa
1279 3247 1361 3299 modo
1381 3246 1513 3315 praeibas
1536 3247 1595 3300 suis
1611 3246 1735 3300 summm
1757 3246 1887 3314 salonit,
1912 3247 1963 3300 ssd

268 3330 320 3385 bus
347 3330 471 3401 injicitur
498 3329 648 3384 difficultas
678 3328 846 3399 impetrandi
872 3327 1100 3383 sustentationem
1127 3333 1215 3385 ariete
1232 3333 1347 3401 iusuper
1359 3332 1756 3386 donatosdr'msseritdiosns:
1781 3331 1862 3386 Vobis
1879 3333 1962 3386 asam

267 3415 304 3470 ab
322 3416 498 3471 auditoribus
515 3415 708 3471 consuetudini
731 3431 786 3468 non
810 3414 936 3470 solvendi
961 3412 1102 3483 stipendia
1127 3421 1210 3484 dono,
1228 3435 1264 3472 as
1274 3420 1394 3484 faretra
1412 3417 1546 3485 agitasse
1565 3417 1727 3471 maranisi.
1943 3408 1945 3413 ’

170 3535 176 3549 ·
268 3502 393 3557 assuetis.
437 3508 464 3557 4.
490 3502 709 3557 Melchisedeeus
736 3501 866 3556 sacerdos
893 3500 947 3554 Dei
975 3499 1101 3553 altissimi
1161 3509 1220 3560 328.
1238 3503 1386 3569 Quaeritur
1402 3510 1428 3560 4,
1463 3504 1509 3557 Aa
1526 3505 1710 3572 anquando
1735 3502 1858 3557 omniurn
1877 3503 2008 3558 ουσία-Μ

267 3588 359 3657 regias
377 3587 500 3646 habebat
516 3589 671 3653 facultates,
691 3588 788 3660 quales
800 3587 912 3658 quidem
924 3603 1022 3658 regum
1040 3586 1102 3654 ejus
1126 3590 1186 3643 riae
1200 3597 1363 3658 postorum,
1388 3606 1484 3643 soram
1498 3588 1680 3658 praesertim,
1706 3589 1758 3656 qui
1775 3589 1805 3641 is
1818 3589 1908 3657 pagis
1922 3589 1961 3642 os'·
1972 3563 2008 3644 iii

140 3673 196 3715 mu
210 3675 253 3718 1⁵¹·
266 3673 397 3741 temporis
414 3673 541 3737 suerunt,
563 3675 741 3729 nihilominus
765 3682 858 3729 tamen
881 3673 919 3728 ab
940 3672 1101 3728 Abrahamo
1125 3683 1204 3744 auat,
1220 3676 1385 3744 stupendis!
1411 3675 1508 3730 Videri
1527 3674 1611 3729 alicui
1630 3681 1724 3744 posset
1743 3675 1919 3730 commodum
1935 3679 1965 3729 et
1976 3667 2008 3748 ξ’,

267 3758 389 3812 decimas
406 3761 516 3830 accipit,
536 3760 607 3817 Gen.
630 3767 668 3830 19,
688 3781 713 3817 v.
732 3768 773 3817 20.
793 3777 859 3832 ergo
880 3777 936 3815 non
953 3767 1042 3831 agunt
1060 3759 1100 3813 in·
1126 3779 1188 3816 cum
1215 3761 1347 3816 ecclesiae
1371 3760 1465 3816 fructu
1483 3760 1670 3830 conjunctum,
1698 3759 1722 3813 si
1753 3759 1829 3829 agri,
1856 3761 2008 3826 sincaere

263 3846 340 3914 juste
358 3844 398 3898 illi
418 3845 552 3901 ecclesiae
571 3846 702 3914 ministri,
728 3847 775 3918 qui
795 3848 934 3918 stipendia
950 3846 1100 3916 accipiunt,
1125 3853 1207 3917 prata
1223 3852 1277 3902 etc.
1298 3863 1331 3901 ex
1358 3863 1476 3916 quorum
1498 3846 1597 3900 annuis
1619 3844 1757 3899 fructibus
1781 3844 1900 3899 ministri
1918 3862 1963 3900 ec·

266 3929 374 3984 etiamsi
403 3931 499 3984 esuis
526 3932 699 4001 patrimoniis
728 3933 819 3988 vivere
841 3933 954 4001 possint.
994 3940 1017 3986 5.
1046 3931 1099 3995 Qui
1125 3933 1225 3989 clasiae
1244 3933 1273 3987 in
1292 3932 1418 4003 pluribus
1443 3932 1512 3987 locis
1532 3935 1737 3998 sustentantur,
1759 3929 1849 4000 pretio
1868 3930 1963 3986 diven-

267 4016 390 4086 prasmia
419 4017 619 4087 stipendiorum
649 4019 775 4089 accipere
793 4023 932 4080 recusant,
962 4017 1044 4073 facile
1070 4018 1099 4071 in
1126 4020 1241 4085 dantur,
1264 4018 1308 4074 vel
1325 4034 1421 4072 eorum
1440 4018 1551 4072 cultura
1570 4015 1697 4070 ruricolis
1715 4032 1768 4085 pro
1786 4015 1871 4070 certis
1890 4015 1963 4071 redi·

267 4103 451 4174 suspicionem
470 4104 572 4158 adduci
591 4111 721 4174 possunt,
748 4105 823 4175 quod
841 4105 989 4174 peculiaris
1006 4107 1098 4176 cujus·
1124 4104 1200 4159 tibus
1216 4104 1317 4158 annuis
1344 4102 1553 4158 commendetur
1584 4106 1670 4170 atque
1693 4100 1803 4155 interim
1830 4100 1965 4157 ministris

267 4191 332 4244 dam
349 4190 546 4244 sanctimoniae
572 4189 717 4262 gloriolam
740 4195 913 4258 aucupentur
942 4195 972 4243 et
1005 4192 1099 4260 singu·
1124 4193 1201 4244 certa
1217 4189 1352 4259 pecuniae
1371 4204 1488 4255 summa,
1508 4185 1667 4256 etquidem
1689 4185 1817 4241 omuibus
1838 4186 1965 4257 aequalis

266 4279 352 4332 larem
369 4293 437 4347 prae
453 4276 567 4346 reliquis
584 4273 721 4351 ὑπεροχὴν
734 4275 788 4330 sibi
803 4275 959 4330 vendicent
988 4275 1099 4345 Siquis
1125 4281 1299 4342 numeretur,
1329 4275 1384 4330 hac
1410 4274 1483 4329 enim
1512 4272 1619 4328 ratione
1642 4272 1778 4328 ecclesiae
1803 4273 1964 4342 pastoribus

266 4369 360 4417 tamen
387 4363 486 4432 majori
514 4379 579 4416 oum
606 4362 700 4416 fructu
728 4361 816 4433 gratis
833 4361 933 4416 docere
960 4361 1049 4431 possit
1066 4378 1100 4416 sc
1126 4362 1233 4416 nullum
1252 4377 1286 4417 ex
1305 4365 1395 4415 terrae
1415 4358 1526 4412 cultura
1550 4357 1579 4411 in
1605 4357 1704 4413 studiis
1722 4364 1751 4414 et
1769 4358 1964 4414 ecclesiasticis

267 4448 449 4504 sufficientem
467 4447 579 4503 omnino
597 4448 826 4502 sustentationem
844 4447 954 4511 habeat,
975 4446 1015 4500 illi
1035 4464 1099 4502 con·
1125 4446 1224 4502 officiis
1247 4445 1331 4515 objici
1354 4449 1447 4514 posset
1465 4442 1708 4513 impedimentum,
1738 4459 1829 4514 neque
1847 4460 1961 4514 quaero·

265 4535 410 4590 solendum
428 4539 479 4595 est
499 4539 531 4587 ut
544 4535 609 4604 jure
620 4533 760 4603 stipendia
776 4532 904 4604 exigendi
923 4551 979 4588 non
998 4539 1099 4588 utatur.
1126 4538 1188 4587 rent
1206 4530 1326 4586 subinde
1344 4546 1429 4584 novas
1447 4530 1536 4592 sedes,
1556 4546 1625 4600 quas
1645 4529 1804 4584 exisdmant
1824 4545 1885 4585 esse
1903 4530 1963 4601 opi·

265 4620 308 4674 Ac
327 4621 376 4691 qui
394 4619 532 4691 stipendia
551 4617 671 4688 accipit,
696 4619 762 4674 licet
785 4619 865 4674 bonis
888 4620 1014 4675 abundet
1037 4637 1099 4689 pro
1125 4618 1225 4673 micres
1244 4623 1274 4671 et
1300 4614 1479 4686 proventibus
1503 4616 1626 4686 gaudere
1649 4614 1818 4672 melioribus.
1855 4614 1962 4671 Verum
1977 4624 2004 4666 ¹1

265 4705 345 4773 priis‚
374 4707 421 4762 ille
438 4705 468 4759 in
490 4703 664 4760 conferendis
688 4720 721 4758 eo
744 4703 885 4759 liberalius
910 4706 939 4759 in
963 4722 1099 4775 pauperes
1126 4703 1354 4775 distinguendum
1374 4707 1417 4756 est
1433 4701 1562 4756 vitiosum
1580 4700 1870 4769 accidensareipsa3
1886 4700 1963 4756 alere

266 4789 448 4860 eleemosynis
475 4792 608 4861 pietatem
634 4806 713 4844 suam
738 4789 852 4859 probet,
881 4797 980 4845 caveat
1006 4792 1098 4858 etam,
1126 4796 1251 4844 armenta
1267 4794 1296 4842 ot
1312 4804 1394 4857 agros
1415 4787 1505 4841 colere
1521 4803 1571 4856 per
1592 4802 1621 4841 se
1639 4786 1746 4840 nullum
1764 4785 1863 4855 objicit
1881 4786 1962 4841 mini·

264 4893 301 4932 ne
318 4875 435 4945 rigidius
451 4877 488 4932 ab
508 4876 717 4951 indulgentibus
735 4874 875 4944 stipendia
893 4876 1003 4946 exigat,
1028 4893 1098 4931 neve
1124 4875 1206 4930 sterio
1224 4872 1460 4943 impedimentum,
1479 4871 1501 4925 si
1520 4871 1602 4926 modo
1626 4871 1720 4927 debito
1738 4877 1886 4935 mactatum
1911 4887 1962 4941 pa·

264 4961 447 5032 congerendis
476 4962 576 5033 opibus
606 4961 767 5016 scandalum
796 4960 926 5031 cuiquam
954 4961 1097 5032 praebeat.
1124 4967 1212 5016 stores
1225 4958 1359 5013 ecclesiae
1372 4958 1408 5013 ob
1421 4957 1533 5013 ditiores
1551 4965 1702 5028 proventus
1716 4957 1834 5012 subinde
1853 4964 1965 5013 mutare

264 5046 507 5117 ”Illostandem
524 5050 572 5119 qui
586 5046 876 5118 bonapatrimonialia
887 5047 999 5111 habent,
1017 5064 1099 5117 posse
1123 5044 1267 5117 parochias
1285 5045 1416 5099 vitiosum
1434 5051 1492 5108 est,
1517 5044 1566 5099 sed
1585 5049 1677 5114 potest
1700 5043 1765 5098 huic
1792 5043 1860 5098 vitio
1881 5043 1965 5098 alitor

265 5132 347 5186 simul
363 5131 438 5186 bona
456 5133 642 5188 ecclesiastica
661 5133 764 5188 habere
790 5132 848 5187 sive
872 5133 1040 5203 stipendium
1064 5151 1099 5190 ex
1124 5131 1232 5186 occurri
1256 5147 1339 5201 quam
1364 5147 1415 5201 per
1440 5130 1653 5186 defalcationem
1679 5135 1707 5184 et
1731 5129 1963 5200 exaeqmtionem

264 5219 372 5273 amano
400 5217 587 5273 ecclesiastico
621 5218 759 5288 accipere,
791 5216 913 5272 affirmat
947 5219 1040 5288 glossa
1071 5225 1099 5272 et
1125 5217 1287 5272 salariorum
1312 5217 1570 5274 ecclesiasticorum.
1613 5216 1649 5270 In
1673 5220 1761 5271 const
1786 5215 1854 5270 eccl
1882 5214 1963 5271 elect.

263 5303 329 5360 lob.
356 5305 392 5359 de
413 5304 624 5358 Turrecremata
643 5305 673 5358 in
697 5322 722 5361 c.
745 5304 859 5359 clericos
880 5309 902 5358 l.
929 5321 956 5374 q.
981 5309 1004 5359 2.
1035 5321 1100 5359 con·
1125 5304 1187 5359 Sar.
1207 5302 1227 5360 f.
1247 5309 1288 5359 87.
1308 5303 1471 5374 prohibetur
1490 5300 1634 5356 ministerii
1657 5300 1815 5356 candidatis
1832 5307 1861 5355 et
1876 5299 1964 5355 eccle·

264 5387 890 5457 sentiteidemP.Martyrinloc.comm.class.
903 5389 1061 5456 eleuat.
1075 5394 1100 5446 2.
1125 5387 1181 5443 siae
1198 5388 1344 5452 ministris,
1369 5405 1405 5443 ne
1430 5402 1481 5440 suo
1505 5385 1558 5440 sibi
1582 5385 1698 5442 arbitrio
1723 5392 1829 5443 certum
1855 5386 1964 5458 eligant

264 5481 294 5530 et
318 5491 375 5546 seq.
405 5481 434 5531 et
452 5475 554 5529 lunius
580 5473 762 5531 animadvers.
789 5475 827 5530 ad
852 5475 983 5530 Bellarm.
1015 5480 1037 5531 l.
1064 5476 1099 5532 de
1125 5490 1159 5527 ac
1177 5473 1357 5530 denominant
1372 5472 1479 5536 locum,
1510 5469 1559 5523 sed
1588 5488 1702 5542 operam
1725 5489 1804 5527 suam
1826 5471 1962 5528 ecdcsiae

265 5559 358 5617 olsric
378 5577 403 5618 o.
421 5562 505 5618 πθ*
700 5631 706 5635 ῃ
1126 5559 1245 5617 offerant
1270 5564 1301 5615 et
1332 5554 1504 5611 emeatodis
1533 5569 1585 5611 sua
1616 5559 1781 5628 garomna
1811 5564 1961 5629 exponam,
