4020 6014
171 206 174 211 ’
270 223 331 280 444
586 262 590 268 .
847 216 969 275 nocue
985 214 1190 275 4444444444
1208 215 1389 280 Quaeres

269 368 316 424 44.
336 376 359 425 s.
378 370 476 425 ease.
505 376 530 425 4.
547 371 613 439 qam
638 371 704 424 4444
728 388 747 424 a
763 373 910 426 emnam
926 370 1101 442 rapueram
1131 338 1636 439 meermannianam,
1660 368 1791 423 subesse·
1816 366 1889 424 aaa
1906 383 1967 422 sus

269 456 360 510 initiis
371 452 835 526 neqotiumsnissemaqistratibrss
842 459 953 523 ‘datam
970 466 1000 511 ut
1019 475 1103 511 soem
1130 457 1289 518 commissos
1306 457 1391 511 tutari
1409 473 1443 511 ec
1461 455 1628 524 defendere,
1648 454 1778 510 hostibus
1797 453 1966 525 reipublicae

270 550 386 595 4414444
414 544 479 607 ficri
508 550 644 606 vetarent,
671 544 846 608 sacntimslos
874 553 1003 612 uatesque
1023 549 1102 611 soro,
1131 542 1240 597 fortiter
1259 543 1385 598 resistere
1402 559 1435 596 ac
1453 542 1550 597 sedulo
1567 542 1725 611 providere,
1753 547 1789 595 ut
1806 540 1919 594 subditi
1934 539 1964 592 ab

169 665 173 674 .
271 629 348 696 urbe,
369 629 444 682 circo
458 629 649 697 prohiberent,
683 628 833 683 Vaticanos
853 631 939 685 libros
959 630 1103 698 conquire·
1129 628 1246 682 aliorum
1264 628 1411 683 insultibus
1430 635 1459 682 et
1478 628 1587 697 injuriis
1605 627 1684 682 liberi
1704 635 1841 697 pacatam
1852 634 1884 680 41
1900 633 1965 680 tran·

269 723 331 766 rent
351 716 593 783 cmrslurcrentque
611 723 636 768 et
661 732 766 768 omnem
790 717 973 782 discspls'nam
996 716 1103 784 sacrifi·
1130 714 1245 785 quillam
1264 715 1349 769 vitam
1368 722 1468 784 agant,
1497 714 1526 767 id
1554 713 1688 783 probatur
1710 719 1732 768 1.
1751 730 1787 765 es
1806 711 1964 777 manifestis

270 801 358 852 candi
374 809 576 869 praeterquam
599 818 677 854 more
705 803 834 855 Romano
865 803 1017 858 abolerent.
1051 801 1104 856 Re·
1131 800 1296 869 Scripturas
1322 801 1415 856 dictis.
1441 806 1464 857 1.
1488 799 1557 854 'Ilm
1579 806 1609 863 1,
1637 816 1663 855 v.
1684 806 1714 855 l:
1744 800 1863 852 Hortor
1887 798 1964 866 iqitsu

269 885 450 955 spondemus:
474 894 495 943 l.
510 887 620 956 dejure
640 896 757 942 naturae
767 888 950 958 judicandum
962 906 996 943 ex
1007 905 1104 942 norma
1125 888 1228 958 primo,
1246 889 1367 941 omnium
1379 888 1449 956 fieri
1467 887 1679 949 obsecrationes,
1699 885 1858 949 orationes,
1875 891 1964 952 poen

266 971 337 1039 juris
358 971 443 1024 divini
461 978 489 1026 et
507 971 584 1026 verbi
597 973 720 1028 revelati.
754 981 777 1029 2.
792 974 970 1030 Consuetudo
986 975 1103 1044 punien·
1130 973 1257 1041 lotiones,
1277 973 1438 1042 qratiarum
1453 973 1576 1025 actiones
1591 972 1788 1040 proomnibus
1800 969 1963 1035 bominibus,

271 1057 298 1109 di
318 1057 471 1112 haereticos
488 1059 643 1128 capitaliter
661 1076 716 1113 non
734 1060 789 1114 fuit
805 1061 880 1130 apud
898 1077 993 1114 omnes
1013 1076 1102 1130 popu·
1128 1076 1153 1113 4.
1171 1064 1195 1113 2.
1207 1076 1264 1128 pro
1281 1057 1393 1127 reqibus
1409 1066 1436 1111 et
1454 1058 1586 1124 omnibus,
1606 1058 1701 1126 quiin
1718 1056 1897 1111 sublimitate
1909 1072 1964 1109 eos·

271 1145 313 1198 los
332 1144 435 1214 ubique
453 1152 481 1198 et
499 1162 606 1214 semper
623 1153 750 1216 recepta,
770 1146 849 1199 multi
869 1146 942 1200 enim
961 1146 1102 1200 diversita·
1128 1146 1218 1199 4111414
1233 1153 1311 1213 snut,
1337 1154 1369 1198 at
1386 1147 1508 1213 quietam
1533 1152 1559 1197 et
1587 1145 1776 1212 tranquillam
1794 1144 1886 1197 uitam
1903 1159 1965 1209 uqs-

269 1237 324 1285 tem
350 1239 377 1283 et
401 1231 562 1285 varietatem
588 1232 752 1304 religionum
776 1233 928 1286 tolerarunt
953 1239 983 1286 et
1012 1232 1103 1285 adbuc
1129 1250 1189 1284 mus
1207 1237 1259 1286 ete.
1288 1231 1325 1304 gi
1343 1248 1453 1301 preces,
1479 1248 1548 1301 quas
1576 1248 1626 1300 pro
1654 1231 1823 1300 magistratu
1849 1229 1966 1283 fundunt

269 1316 396 1371 tolerant.
435 1323 458 1371 3.
478 1316 577 1387 Populi
596 1316 650 1379 illi,
678 1318 752 1387 apud
781 1335 849 1387 quos
875 1316 1010 1388 capitalia
1038 1335 1103 1386 sup·
1130 1318 1244 1386 subditi,
1262 1317 1336 1371 hunc
1355 1317 1460 1372 debent
1478 1317 1650 1386 propositum
1668 1316 1773 1370 habere
1795 1332 1924 1387 scopum,
1938 1320 1965 1367 41

269 1402 352 1471 plicia
369 1402 500 1457 adversus
520 1404 718 1458 dissentientes
747 1404 774 1457 in
792 1403 926 1474 religione
952 1403 1029 1459 fuere
1047 1403 1102 1457 usi·
1128 1405 1180 1458 sub
1200 1404 1288 1457 tutela
1299 1384 1478 1475 magistratus
1497 1405 1618 1472 quietam
1631 1409 1666 1457 ,41
1678 1402 1863 1472 tranquillam
1882 1405 1965 1473 agant

269 1493 341 1557 tate,
374 1494 526 1558 potuerunt
555 1505 616 1543 eam
652 1489 880 1545 consuetudinem
919 1492 1036 1544 mutuari
1069 1507 1103 1545 ex
1127 1491 1226 1559 vitam,
1252 1490 1348 1560 utique
1371 1490 1455 1544 etiam
1481 1489 1517 1543 ad
1546 1487 1667 1543 officium
1695 1488 1883 1559 magistratus
1908 1503 1965 1557 per·

268 1573 378 1645 legibus
397 1573 534 1642 Moesicis,
554 1591 625 1644 quae
646 1591 710 1628 cum
727 1575 755 1628 in
773 1575 807 1631 N.
821 1574 854 1630 Τ.
872 1575 1023 1647 abrogatae
1038 1575 1101 1640 sint,
1127 1576 1197 1630 tinet
1229 1575 1326 1629 sedulo
1362 1575 1523 1645 providere,
1560 1584 1591 1628 ut
1627 1574 1731 1629 subditi
1767 1574 1805 1628 ab
1846 1573 2004 1627 bostiun¹¹l

149 1677 155 1696 ·
268 1659 371 1713 frustm
395 1658 543 1729 gentilium
563 1661 735 1730 quorundam
753 1662 923 1716 consuetudo
943 1661 1100 1741 opponitur.
1127 1661 1235 1732 injuriis
1260 1661 1350 1715 securi
1383 1677 1415 1714 ac
1444 1660 1524 1715 liberi
1558 1660 1706 1731 tranquille
1732 1660 1840 1714 vivant.
1892 1658 1966 1712 Finis

270 1754 294 1802 4.
311 1745 353 1798 Ex
375 1745 429 1800 illis
448 1745 593 1815 gentilium
610 1745 720 1817 legibus
745 1755 774 1800 ct
792 1747 924 1817 exemplis
941 1748 1009 1801 nibil
1025 1748 1101 1802 aliud
1127 1765 1239 1819 precum
1275 1747 1467 1818 complectitur
1504 1747 1587 1802 etiam
1621 1747 1802 1818 magistratum
1835 1744 1965 1801 officium

270 1831 363 1902 colligi
388 1840 493 1902 potest,
523 1848 605 1901 quam
628 1834 793 1888 coercendos
817 1838 845 1888 et
864 1835 1019 1904 puniendos
1033 1849 1102 1902 esse,
1126 1834 1191 1889 Huc
1214 1834 1353 1905 pertinent
1371 1839 1490 1904 cognata
1507 1833 1582 1887 dicta
1609 1834 1667 1890 Jer.
1691 1838 1734 1902 29,
1756 1851 1784 1888 4.
1810 1839 1824 1886 '1
1836 1852 1843 1885 z
1880 1830 1966 1894 Quae-

269 1918 316 1988 qui
342 1918 504 1988 religionem
528 1918 648 1986 violant,
682 1919 730 1973 sed
754 1920 852 1974 modus
871 1936 977 1989 poenae
994 1936 1027 1973 ex
1047 1919 1100 1971 illis
1125 1921 1180 1973 rite
1215 1938 1318 1989 pacem
1366 1920 1504 1986 4441144144,
1557 1921 1597 1972 ad
1633 1936 1717 1988 quam
1758 1919 1965 1986 transmiqrare

267 2003 325 2073 peti
353 2003 467 2074 nequit,
493 2004 559 2074 quia
582 2004 605 2056 is
631 2021 681 2074 pro
706 2005 976 2060 circumstantiarum
994 2005 1101 2059 ratione
1126 2025 1175 2060 vos
1193 2007 1259 2075 feci,
1289 2015 1314 2059 et
1340 2015 1418 2058 orate
1442 2024 1498 2077 pro
1527 2022 1562 2059 ea
1591 2007 1633 2058 ad
1658 2005 1815 2059 Dominum
1846 2009 1891 2068 (ut
1915 2003 1965 2058 Dei

267 2090 342 2159 apud
378 2089 499 2144 diversos
533 2091 650 2160 populos
687 2091 739 2146 fuit
773 2092 865 2146 varius
902 2109 936 2146 ac
969 2091 1101 2145 diversus.
1127 2098 1156 2148 41
1181 2092 1358 2163 magistratus
1381 2089 1515 2145 beneficio
1541 2091 1577 2145 ab
1605 2090 1724 2145 bostium
1759 2087 1965 2144 incursionibus

268 2182 292 2231 6.
311 2175 450 2231 Gentilem
480 2176 556 2230 illum
582 2194 685 2232 morem
712 2179 851 2233 saeviendi
870 2179 906 2232 ad
924 2184 1039 2232 mortem
1057 2193 1101 2229 us·
1127 2178 1165 2232 sit
1195 2185 1257 2233 tuta
1282 2183 1309 2232 et
1339 2176 1512 2247 tranquilla),
1547 2178 1614 2245 quia
1644 2179 1674 2230 in
1698 2194 1773 2247 pare
1803 2177 1887 2230 illius
1915 2176 1965 2229 erit

268 2278 322 2333 que
350 2263 378 2315 in
405 2279 467 2329 eos,
499 2262 546 2332 qui
577 2277 595 2315 a
620 2264 801 2318 communiter
830 2270 943 2334 recepta
968 2262 1101 2334 religione
1123 2281 1184 2333 pan
1206 2263 1290 2317 vobis.
1327 2262 1427 2316 Baruc.
1453 2268 1482 2330 l,
1510 2279 1536 2316 v.
1559 2270 1604 2317 11:
1633 2264 1719 2316 Orate
1744 2280 1803 2331 pro
1826 2262 1889 2314 vita
1907 2262 1963 2314 Ne·

268 2348 450 2413 dissentiunt,
467 2349 588 2419 graviter
608 2354 704 2404 taxant
721 2348 894 2413 Lactantius,
913 2349 1054 2404 Arnobius
1073 2355 1101 2405 et
1128 2350 1363 2404 bucbodonosoris
1388 2348 1464 2416 reqis
1488 2349 1645 2415 Balqtose
1672 2356 1697 2401 et
1720 2365 1778 2417 pro
1804 2349 1866 2400 urla
1895 2347 1962 2400 Bul-

267 2435 314 2488 alii
346 2451 380 2488 ex
406 2434 562 2502 veteribus,
597 2435 644 2504 qui
676 2443 772 2489 contra
802 2436 919 2505 gentiles
951 2436 1101 2506 disputant,
1127 2437 1228 2490 tlasar
1242 2436 1301 2501 filii
1317 2435 1386 2504 ejus,
1404 2442 1435 2487 ut
1454 2435 1509 2487 sint
1527 2435 1588 2486 dies
1602 2451 1697 2487 eorum
1716 2435 1789 2487 sicut
1809 2433 1873 2487 dics
1893 2433 1964 2486 coeli

267 2520 371 2575 frustra
389 2521 476 2592 igitur
494 2521 606 2590 capitali
627 2520 827 2577 haereticorum
853 2522 989 2594 supplicio
1008 2529 1099 2592 patro·
1128 2539 1213 2592 anper
1238 2530 1357 2584 terram,
1384 2537 1410 2573 v.
1442 2526 1483 2574 12.
1509 2528 1534 2572 et
1556 2528 1586 2572 ut
1610 2522 1658 2573 det
1675 2520 1815 2572 Dominus
1833 2520 1961 2572 cirtam

267 2606 370 2660 ciuium
387 2623 421 2662 ex
438 2607 535 2661 eodem
555 2608 706 2676 quaeritur.
1127 2609 1208 2662 nobis
1233 2616 1259 2661 et
1282 2607 1422 2660 illuminet
1451 2606 1547 2659 oculos
1564 2614 1689 2669 nostros,
1717 2614 1748 2657 ut
1767 2607 1898 2659 visamus
1915 2605 1963 2658 aab

1130 2695 1230 2746 umbra
1249 2693 1408 2746 Baltbasar
1419 2693 1480 2761 filii
1499 2692 1560 2760 ejus
1578 2700 1605 2744 et
1630 2692 1787 2744 serviamus
1810 2692 1852 2744 444
1871 2693 1964 2746 matis

587 2800 787 2808 --·“·-
1129 2782 1234 2834 diebus
1272 2783 1299 2834 2.
1317 2780 1364 2833 Ec
1381 2779 1481 2845 eloqiis
1498 2787 1523 2831 et
1542 2778 1682 2846 encomiis,
1702 2794 1774 2847 quae
1792 2776 1960 2849 magistrati·

1128 2867 1181 2921 bus
1199 2865 1366 2920 tribuuntur.
1404 2865 1546 2920 Vocantur
1564 2863 1638 2918 enim
1657 2865 1701 2916 dii
1710 2863 1800 2920 Exod.
1820 2870 1863 2933 11,
1882 2884 1908 2919 v.
1921 2868 1961 2919 28.

525 2964 750 3026 gnomo
785 2963 844 3024 Π,
869 2997 874 3008 .
1128 2951 1232 3007 Psalm.
1260 2956 1308 3014 82,
1335 2968 1361 3004 v.
1385 2957 1405 3006 1.
1444 2951 1484 3007 Ut
1511 2966 1577 3020 ergo
1602 2949 1679 3004 Deus
1707 2949 1855 3004 ecclesiam
1886 2967 1962 3003 suam

1129 3054 1185 3091 non
1203 3037 1294 3091 solum
1311 3036 1384 3107 regit
1399 3042 1427 3090 et
1444 3034 1596 3107 gubernat,
1615 3035 1664 3089 sed
1683 3034 1766 3088 etiam
1785 3035 1914 3090 defendit
1931 3053 1963 3090 ac

269 3120 518 3200 QUOMODO
554 3118 927 3186 MAGISTRATUS
964 3119 1101 3185 ERGA
1128 3129 1235 3189 tiletum
1263 3124 1303 3176 ite
1331 3138 1440 3193 quoque
1467 3122 1644 3192 magistratus
1672 3120 1874 3190 rempublicam
1901 3131 1960 3176 tan·

269 3221 471 3289 HOSTES
493 3221 617 3287 SESE
639 3221 843 3287 GERERE
873 3221 1102 3287 DEBEAT?
1129 3226 1213 3280 ‘lulm
1235 3209 1289 3264 Dei
1313 3209 1432 3263 1101111115
1457 3225 1512 3262 ⁰⁰¹¹
1539 3208 1628 3261 ⁸⁰l¹¹¹1¹
1652 3213 1732 3277 figat
1756 3223 1789 3260 ²⁰
1813 3207 1962 3277 gubern&

269 3325 322 3390 IN
351 3323 456 3404 QUA
481 3324 667 3391 EADEM
690 3323 858 3390 OPERA
880 3322 1101 3390 ΕΧΡΟΝῙ.
1127 3296 1176 3350 sed
1193 3295 1276 3350 etiam
1294 3301 1413 3348 tueatur.
1451 3293 1705 3361 vocantmpatm
1722 3291 1794 3347 Gen.
1812 3300 1855 3362 44,
1875 3312 1901 3359 v,
1919 3297 1961 3391 44.

636 3427 735 3494 TUR
1130 3389 1152 3438 ¹·
1171 3381 1244 3436 sam.
1267 3386 1307 3449 ¹²»
1327 3399 1352 3433 v.
1374 3387 1412 3434 ¹⁵·
1429 3395 1490 3449 0⁸1³·
1510 3384 1551 3443 24,
1567 3397 1592 3433 v.
1616 3385 1655 3434 41.
1682 3385 1713 3431 ut
1733 3394 1799 3449 ergo
1824 3387 1907 3449 pain
1931 3380 1961 3433 11-

1127 3469 1207 3523 beros
1226 3483 1363 3522 euoenon
1382 3466 1469 3520 solum
1489 3464 1589 3532 nutrit,
1608 3464 1692 3533 foret,
1711 3465 1862 3519 4414444114
1879 3464 1959 3519 disci·

1128 3554 1217 3625 plina,
1247 3555 1296 3610 sed
1323 3551 1406 3607 etiam
1428 3551 1611 3621 patrocinium
1636 3569 1730 3608 eorum
1758 3552 1893 3622 suscipit;
1922 3553 1961 3606 sie

474 3614 508 3674 H
524 3615 551 3674 Ε
567 3614 601 3674 H
618 3613 643 3674 B
661 3612 690 3672 R
709 3612 738 3672 U
754 3612 788 3672 Μ
823 3612 893 3671 ῙῙῙ·
1128 3641 1308 3711 magistratus
1326 3637 1444 3692 subditis
1464 3637 1650 3693 defensionem
1662 3643 1790 3708 praestet
1820 3637 1962 3693 Vocantur

269 3766 521 3849 QUOMODO
550 3768 616 3832 DE
646 3767 776 3834 VITA
805 3766 1002 3847 QUIETA
1038 3767 1101 3832 ΕΤ
1129 3727 1220 3799 clypei
1242 3744 1290 3781 seu
1315 3734 1394 3780 senta
1420 3733 1512 3778 terrae
1536 3723 1638 3780 Psalm.
1658 3730 1705 3792 ll,
1731 3742 1757 3779 v.
1776 3730 1816 3779 10.
1850 3723 1963 3793 11444,

1127 3829 1153 3869 v.
1174 3818 1215 3870 18.
1231 3818 1344 3882 propter
1356 3810 1547 3866 defensionem
1574 3826 1609 3865 ac
1632 3810 1846 3880 protectionem,
1875 3827 1959 3881 quam

301 3869 641 3948 TRANQUILLA
684 3868 1056 3935 MAGISTRATUS
1127 3897 1212 3952 ossea
1238 3899 1282 3952 sui
1314 3896 1552 3952 aususausus
1583 3895 1709 3949 suerrus.
1757 3895 1962 3965 comparantur

270 3971 518 4038 SUBDITIS
548 3970 663 4038 SUIS
692 3971 995 4038 Paevlueae
1017 3972 1100 4036 DE·
1122 3985 1217 4053 porta
1235 3983 1337 4037 Psalm.
1357 3990 1402 4045 24,
1428 4000 1452 4035 v.
1472 3989 1497 4037 7.
1523 3981 1704 4049 Ρ44144.144,
1727 3982 1959 4037 4144444444

609 4075 670 4140 ΒΕ
679 4076 768 4140 AT?
1126 4076 1223 4142 portae
1240 4086 1274 4124 ac
1286 4069 1356 4123 muri
1368 4073 1432 4122 eunt
1442 4068 1641 4122 munimentum
1659 4065 1743 4131 urbis,
1763 4068 1804 4121 sic
1815 4069 1961 4140 magistra·

460 4210 464 4221 ,
806 4193 810 4199 ‚
1112 4152 1173 4211 'tus
1192 4161 1234 4210 est
1246 4155 1414 4225 praesidium
1425 4163 1454 4209 et
1463 4155 1662 4208 munimentum
1672 4153 1854 4208 subditorum.
1880 4156 1960 4210 Com·

304 4249 360 4300 468.
398 4243 559 4314 Expositum
590 4243 645 4297 fuit
672 4243 819 4311 hactenus,
851 4243 986 4314 quomodo
1013 4243 1100 4314 magi·
1127 4249 1261 4313 parantur
1288 4243 1425 4294 montibus
1448 4239 1582 4304 1114146,
1607 4256 1633 4295 r.
1652 4245 1676 4294 2.
1695 4246 1809 4310 propter
1830 4242 1918 4296 robur
1934 4250 1962 4297 41

269 4336 372 4386 stratus
389 4347 459 4398 erqo
475 4331 577 4396 Deum,
595 4346 664 4396 erqa
680 4347 709 4383 44
727 4329 828 4397 ipsum,
849 4345 918 4397 erqa
930 4329 1101 4396 familiares
1127 4328 1332 4396 fortitudinem,
1359 4326 1426 4398 quia
1448 4326 1477 4381 in
1504 4326 1644 4380 montibus
1669 4342 1759 4394 arces,
1790 4327 1908 4382 castella
1932 4335 1960 4383 41

270 4425 296 4470 41
314 4418 490 4482 domesticos,
519 4433 588 4483 erqo
611 4414 717 4469 44414444
730 4415 855 4484 populos
873 4422 900 4467 41
920 4432 988 4482 erqo
1007 4416 1101 4468 subdi·
1128 4414 1292 4468 munitiones
1311 4414 1455 4485 regionum
1473 4412 1562 4466 solent
1580 4412 1723 4481 collocari3
1748 4413 1789 4467 sic
1813 4415 1958 4485 magistra-

269 4512 310 4557 tos
328 4521 394 4557 suos
418 4518 479 4558 sese
498 4517 594 4573 gerere
617 4501 732 4568 debeat;
758 4507 859 4571 restat,
886 4507 918 4555 ut
941 4502 1101 4571 explicetur,
1128 4508 1173 4554 tus
1190 4508 1233 4554 est
1250 4501 1419 4570 praesidium
1436 4499 1624 4568 subditorum,
1646 4501 1682 4553 ad
1702 4517 1783 4570 quem
1803 4502 1833 4554 in
1852 4503 1960 4572 pericu·

269 4590 379 4659 qualem
409 4608 480 4657 erqo
502 4591 594 4643 besica
621 4604 681 4642 sese
705 4593 845 4656 praestare
867 4587 1025 4652 conveniat,
1054 4589 1101 4659 qui
1128 4587 1162 4640 lis
1180 4587 1256 4642 velut
1281 4588 1317 4641 ad
1336 4597 1456 4642 montem
1474 4585 1582 4640 firmum
1607 4585 1778 4657 confugiunt.
1818 4588 1961 4642 Vocantur

268 4675 468 4746 rempublicam
493 4683 616 4730 evertere
642 4681 670 4728 et
693 4673 818 4728 subditos
839 4675 1018 4743 pessumdare
1037 4675 1102 4729 alla·
1127 4675 1282 4728 4414414444
1300 4683 1328 4727 41
1347 4674 1530 4742 opitulatores
1549 4672 1614 4728 Jud
1634 4679 1665 4742 3,
1682 4691 1707 4727 v.
1725 4681 1749 4729 9.
1782 4678 1808 4728 1.
1828 4673 1899 4746 Beg.
1921 4679 1991 4752 1³„

270 4760 377 4816 borant
413 4760 478 4815 Pari
499 4763 607 4815 ratione
625 4760 767 4815 dictume
791 4760 872 4814 nobis
889 4760 943 4814 fuit
961 4761 1101 4828 hactenus,
1127 4780 1153 4816 v.
1171 4768 1195 4815 5.
1214 4761 1281 4831 quia
1299 4760 1415 4814 salutem
1442 4768 1471 4814 et
1493 4759 1626 4814 auxilium
1647 4759 1684 4813 ab
1709 4759 1835 4814 hostibus
1855 4761 1960 4831 populo

269 4848 411 4917 quomodo*
433 4845 612 4917 magistratus
640 4846 714 4916 apud
739 4844 866 4899 subditos
892 4863 955 4900 suos
978 4846 1102 4901 obtinere
1127 4852 1277 4918 praestant.
1309 4846 1455 4899 Vocantur
1463 4855 1594 4915 pastores
1606 4845 1669 4899 Esa.
1688 4852 1730 4914 44,
1745 4865 1771 4899 4.
1784 4851 1826 4902 18.
1844 4846 1904 4901 der.
1917 4853 1960 4914 49,

266 4933 354 5003 possit
370 4949 404 4987 ac
415 4932 524 4998 debeat,
540 4939 573 4984 ut
584 4930 702 4999 εὐσεβῶς
714 4936 759 4983 καὶ
772 4933 891 4994 δικαίως,
907 4932 956 4999 pie
971 4949 1005 4984 ac
1017 4933 1103 4999 juste,
1127 4951 1153 4987 4.
1178 4938 1217 4987 19.
1242 4938 1273 4984 ut
1285 4946 1287 4950 ·
1298 4948 1364 5001 ergo
1387 4937 1482 5001 pastor
1504 4947 1618 5002 gregem
1642 4949 1721 4986 suum
1748 4931 1784 4985 ab
1803 4933 1960 4987 incursibus

267 5018 377 5085 vivant3
397 5007 588 5087 explicandum
615 5015 700 5086 igitur
725 5033 806 5086 porro
831 5022 933 5078 restat,
963 5016 1100 5087 quomodo
1127 5018 1254 5088 luporum
1271 5017 1396 5072 defendit
1413 5018 1478 5073 Joh.
1496 5027 1542 5082 1⁰,
1560 5036 1585 5073 v.
1607 5024 1645 5073 12.
1667 5025 1689 5073 l.
1709 5017 1782 5077 Sam.
1805 5025 1850 5086 11,
1872 5037 1899 5075 r.
1918 5026 1959 5075 34.

189 5117 193 5125 “
266 5105 391 5160 obtinere
409 5104 508 5173 possit.
535 5112 567 5157 ut
583 5101 697 5171 ἡσυχώς,
712 5103 850 5171 pacifice,
875 5109 903 5156 et
928 5102 964 5157 ab
984 5102 1100 5156 aliorum
1127 5104 1167 5158 sic
1192 5103 1370 5174 magistratus
1398 5105 1597 5176 rempublicam
1623 5104 1659 5159 ab
1679 5104 1805 5159 hostibus
1837 5112 1959 5162 tueatur.

270 5189 378 5259 injuriis
405 5206 439 5243 ec
468 5188 691 5259 oppressionibus
721 5205 818 5244 secure
845 5188 949 5250 4144414
983 5187 1100 5242 4114144444
1128 5187 1188 5252 Quo
1207 5190 1291 5243 etiam
1311 5190 1407 5246 referri
1425 5192 1682 5262 potestvisioDan.
1703 5200 1726 5258 4,
1747 5208 1772 5246 r.
1791 5196 1816 5247 8.
1834 5199 1864 5246 et
1883 5210 1960 5263 seqq.

265 5277 301 5329 de
320 5277 446 5345 leqitima
465 5276 641 5329 subditorum
660 5275 873 5342 qulernatione,
903 5279 991 5328 444141
1016 5279 1047 5327 41
1065 5274 1099 5328 de
1128 5274 1176 5329 ubi
1193 5274 1336 5341 beneficia,
1355 5294 1426 5347 quae
1443 5294 1461 5331 a
1478 5278 1644 5348 magistratu
1666 5293 1733 5348 erga
1751 5276 1878 5331 subditos
1897 5295 1958 5348 pru

259 5363 341 5430 justu
357 5361 528 5430 respublicas
546 5378 581 5414 ac
598 5361 772 5415 subditorum
783 5360 947 5423 defensione
966 5358 995 5413 in
1011 5365 1103 5430 poste·
1127 5358 1301 5431 ficiscuntur,
1332 5362 1384 5416 sub
1418 5365 1510 5433 specie
1538 5364 1650 5418 arboris
1679 5362 1802 5417 44444444
1831 5364 1960 5418 umbram

265 5463 326 5501 rum
352 5439 525 5502 disseramus.
566 5445 645 5510 Quod
664 5446 737 5501 euim
760 5446 906 5501 conveniat
923 5445 1099 5517 magistratui
1128 5445 1225 5501 bestiis
1254 5449 1420 5518 praestantis
1452 5449 1660 5514 describuntur,
1688 5449 1754 5519 quia
1778 5450 1960 5521 magistratus
