4020 6014
173 181 212 242 82
754 173 876 236 LOCUS
895 170 1100 234 mensurus
1118 172 1283 232 TERTIUS

172 329 239 392 citio
256 331 339 403 plane
357 332 517 399 taudemr,
534 333 598 391 ideo
615 334 703 390 mtius
723 337 772 402 est,
792 338 917 405 pastores
934 330 1005 401 illos,
1031 345 1064 384 ao
1082 328 1280 385 territoriorum
1295 328 1403 385 tollitur
1421 346 1472 401 per
1488 328 1568 386 verbi
1585 329 1824 402 praedicationem
1840 335 1869 389 et

173 418 197 472 si
216 436 249 474 ex
266 419 414 492 hypothesi
432 425 509 476 reeta
527 421 657 490 doceant,
685 420 781 476 audire
804 426 833 476 et
851 435 1005 477 sacramen·
1031 422 1263 473 sacramentorum
1280 416 1560 486 administrationem,
1577 423 1610 472 at
1628 435 1745 490 regnum
1764 418 1868 476 Christi

174 511 265 561 torum
289 507 554 565 administrationem
575 509 611 565 ab
633 509 700 579 ipsis
725 513 819 579 petere
855 526 942 581 quam·
957 509 1005 579 jus
1031 520 1087 558 non
1105 509 1148 559 est
1165 509 1302 558 terrenam
1321 511 1348 559 et
1366 503 1550 573 mundanum,
1574 505 1615 559 ita
1640 523 1750 577 quoque
1776 506 1868 562 distri·

175 610 256 648 snum
277 594 380 649 uotiua
396 597 525 667 persequi
545 602 573 651 et
592 613 686 650 ansam
707 595 847 667 praebere,
865 600 897 650 nt
916 594 1006 665 publi·
1032 589 1111 644 butio
1141 589 1326 660 spiritualium
1353 590 1489 645 bonorum
1515 591 1544 644 in
1568 590 1671 646 Christi
1697 609 1784 664 regno
1811 610 1869 649 non

175 696 238 734 cum
258 681 383 736 sincerae
403 681 546 753 religionis
568 683 730 737 exercitium
752 682 836 753 plane
855 681 1005 737 aboleatur.
1032 675 1177 731 confundit
1195 676 1279 747 hujus
1296 677 1392 731 mundi
1405 676 1526 733 dominia
1537 683 1566 733 et
1582 695 1679 749 regum
1692 680 1869 749 politicorum

176 770 201 821 5.
229 766 264 821 Si
286 769 470 836 maoiuratus
497 768 680 823 Caluins'unus
702 770 820 823 sinceris
847 767 1006 821 doctoribus
1031 762 1177 819 territoria.
1224 768 1245 818 7.
1269 764 1317 817 An
1336 765 1504 833 probandae
1529 765 1585 818 sint
1604 767 1808 835 suspectatione
1829 769 1870 821 ad

175 854 254 908 abire
265 855 357 924 jussis
375 855 450 909 alios
466 856 616 910 substituat
632 857 667 910 ud
690 845 843 929 δ’ρθοδοξίᾳ
863 846 1006 908 disceden-
1032 857 1124 904 certus
1140 851 1302 920 parochias,
1320 868 1391 920 quus
1409 850 1526 919 quidum
1544 851 1615 904 uiuis
1633 853 1726 906 adbuc
1740 855 1869 922 pastori·

176 948 230 1009 tes,
261 959 326 994 num
354 941 470 995 itionem
498 943 607 996 vocatio
634 942 764 996 babendo
789 949 830 995 cst
860 941 1006 1008 teqitimu!
1033 938 1082 990 dus
1109 938 1178 991 sede
1203 939 1326 992 nondum
1353 945 1470 992 vacante
1496 957 1515 992 a
1536 940 1671 1008 patronis
1695 940 1869 1010 impetranti

173 1026 397 1096 Respondemus:
422 1027 525 1083 inritae
548 1028 681 1085 ecclesiae
709 1045 760 1084 nec
780 1027 929 1098 eripiendi,
955 1043 1006 1081 nec
1031 1021 1257 1093 Respondemusr
1274 1023 1402 1095 inregno
1419 1022 1513 1095 pepuli
1529 1023 1816 1095 talesexspeotatirae
1835 1045 1869 1084 ac

173 1112 341 1167 obtrudendi
363 1120 427 1168 sunt
453 1130 470 1169 a
496 1114 704 1186 magistratibus
723 1119 863 1186 pastores;
889 1112 1005 1183 proinde
1032 1110 1207 1179 praebendae
1231 1115 1295 1164 sunt
1319 1104 1558 1181 frequentissimae
1579 1116 1678 1167 contra
1694 1119 1802 1169 veteres
1821 1132 1868 1170 ca·

173 1199 294 1271 graviter
316 1206 451 1270 peccant,
477 1200 524 1272 qui
548 1201 604 1256 tale
623 1199 690 1271 quid
709 1199 912 1272 aggrediuntur
929 1203 958 1253 et
975 1215 1005 1253 re
1031 1211 1116 1263 nones
1151 1195 1182 1251 in
1220 1195 1336 1251 concilio
1369 1195 1552 1251 Lateranensi
1583 1202 1616 1251 ut
1644 1203 1673 1252 et
1702 1197 1868 1256 Tridentino

173 1284 234 1355 ipsa
252 1285 402 1341 dominium
419 1285 449 1340 in
467 1285 649 1341 conscientias
672 1284 725 1340 sibi
751 1291 890 1357 arrogant.
924 1283 1004 1349 Quod
1030 1299 1097 1339 sess.
1115 1287 1157 1339 24.
1175 1300 1200 1340 c.
1222 1289 1262 1340 19.
1279 1282 1418 1354 repetitos.
1447 1282 1494 1340 Sic
1513 1283 1586 1338 enim
1602 1291 1678 1339 recte
1696 1287 1829 1342 statuitur
1841 1304 1866 1344 o.

173 1371 196 1424 si
220 1370 254 1427 de
277 1371 352 1428 iacto
376 1373 537 1444 contingat,
566 1372 754 1444 quaerendum
778 1372 929 1426 remedium
956 1388 1005 1442 per
1031 1368 1085 1432 Qui
1109 1369 1139 1424 in
1162 1369 1284 1425 rivorum
1316 1371 1345 1425 in
1373 1370 1558 1426 decretalibus
1583 1369 1710 1453 Gregorii
1741 1372 1777 1426 de
1802 1391 1866 1430 con·

173 1458 257 1514 serias
273 1458 309 1513 ad
326 1459 418 1514 Deum
434 1475 545 1529 preces,
574 1477 624 1530 per
648 1459 742 1513 literas
765 1457 905 1530 supplices
928 1458 1003 1527 apud
1030 1456 1153 1512 cessione
1178 1457 1367 1527 praebendae:
1404 1458 1459 1521 Qui
1485 1459 1516 1512 in
1541 1459 1666 1513 vinorum
1689 1463 1868 1515 sacerdotum

171 1545 261 1615 ipsum
294 1544 501 1616 magistratum,
532 1562 584 1615 per
615 1544 835 1616 implorationem
863 1543 957 1599 auxilii
986 1561 1004 1598 a
1028 1544 1091 1598 loco
1108 1553 1265 1614 ponuntur,
1292 1546 1344 1599 boc
1365 1545 1428 1615 ipso
1447 1554 1511 1599 sunt
1531 1547 1567 1599 ab
1584 1545 1774 1600 eeclesiastico
1794 1564 1866 1602 cons·

172 1632 311 1702 superiore
329 1631 503 1702 magistratu,
524 1637 553 1686 et
571 1647 644 1701 quae
662 1632 718 1687 alia
735 1631 860 1701 legitima
878 1648 910 1686 ae
926 1629 1004 1690 licita
1030 1630 1159 1684 munione
1172 1630 1315 1700 pellendi,
1342 1648 1396 1699 quo
1414 1648 1444 1684 se
1460 1631 1543 1701 passi
1564 1639 1629 1685 sunt
1646 1633 1716 1686 uiuis
1734 1634 1867 1687 sucerdo-

172 1718 269 1774 haberi
286 1725 404 1789 possunt
423 1719 522 1787 media,
543 1719 644 1790 quibus
662 1719 686 1774 si
706 1717 800 1774 nuilus
818 1721 900 1775 detur
916 1718 1002 1780 locus,
1029 1717 1102 1770 tibus
1123 1733 1294 1771 succemorea
1314 1718 1461 1784 odiriberi;
1484 1734 1509 1772 c.
1529 1718 1613 1775 Nulla
1634 1718 1744 1773 eodem:
1773 1720 1866 1773 Nulla
1879 1724 1912 1768 11]

171 1805 324 1860 vicinorum
362 1810 437 1861 recte
472 1805 630 1860 docentium
672 1806 823 1862 ministerio
860 1805 1002 1862 utendum.
1031 1803 1222 1857 ecclesiastica
1246 1804 1404 1857 ministeriu
1431 1822 1480 1857 seu
1507 1806 1590 1858 etium
1609 1806 1741 1871 beneficia
1758 1807 1801 1861 uel
1822 1823 1866 1860 ea·

172 1890 320 1956 Quaeritur
342 1891 429 1963 igitur
448 1895 473 1947 6.
496 1911 533 1947 un
552 1893 660 1946 vocatio
678 1894 802 1947 ministri
818 1893 951 1946 ecclcsiae
970 1909 1002 1946 eo
1030 1889 1133 1943 clerice
1145 1891 1307 1944 tribuantur
1319 1890 1409 1943 alicui
1424 1908 1475 1944 seu
1483 1891 1694 1960 promittantur,
1714 1900 1866 1961 antequam

171 1995 259 2047 usque
276 1995 305 2031 se
325 1980 461 2043 moenum,
479 1986 510 2032 ut
521 1979 639 2033 ulterius
652 1981 781 2050 pastores
799 1981 944 2034 auditores
962 1980 1003 2031 ad
1028 1984 1133 2045 uacent,
1152 1994 1186 2031 nc
1200 1977 1366 2031 desiderare
1379 1978 1441 2046 quis
1458 1985 1574 2031 mortem
1585 1979 1709 2048 proximi
1725 1979 1867 2050 uideatur,

172 2064 384 2130 consessionem,
403 2064 604 2120 absolutionem
622 2074 648 2119 et
666 2068 883 2121 communionem
902 2066 1003 2119 admit·
1029 2064 1059 2115 in
1083 2063 1164 2132 cujus
1189 2062 1280 2117 locum
1304 2071 1330 2116 ct
1348 2063 1508 2130 beneficium
1534 2080 1563 2117 sc
1583 2066 1706 2119 credidit
1724 2081 1866 2120 armemane-

172 2160 229 2204 tere
245 2150 359 2220 pocati
385 2150 608 2219 Respondemus:
634 2152 662 2206 in
685 2153 749 2223 jure
769 2152 904 2208 canonico
931 2169 953 2206 c.
972 2157 1004 2205 ut
1029 2168 1100 2206 rum.
1138 2150 1204 2204 Crem
1236 2150 1308 2203 enim
1333 2149 1363 2203 in
1386 2151 1457 2219 ipsis
1484 2151 1569 2204 etiam
1594 2151 1702 2221 tepidus
1719 2153 1867 2220 qents'ta’um

173 2237 317 2292 dominicis
343 2238 372 2292 in
396 2237 579 2292 decretalibus
598 2238 727 2310 Gregorii
749 2240 791 2294 tit
816 2239 851 2293 de
868 2238 1003 2309 paroeciis
1029 2237 1188 2290 inveniatur
1213 2237 1374 2304 inhibitum,
1400 2245 1482 2308 turpe
1510 2246 1551 2291 est
1583 2246 1610 2291 et
1635 2239 1728 2293 diuirsi
1748 2240 1867 2308 plenum

173 2323 312 2393 statuitur,
338 2326 415 2394 quod
438 2325 586 2379 dominicis
606 2326 650 2378 uel
669 2325 780 2389 festivis
809 2326 905 2378 diebus
923 2341 1002 2393 pres·
1030 2323 1273 2377 animaduersione
1300 2322 1417 2389 judicii,
1440 2323 1469 2375 si
1493 2322 1583 2376 loe-um
1606 2324 1637 2376 s'n
1664 2325 1783 2378 ecclesia
1807 2327 1869 2380 Des'

174 2410 275 2478 hyters',
296 2418 444 2480 antequam
459 2411 574 2464 mirsam
593 2412 743 2477 celebrent,
757 2411 868 2481 plebem
886 2412 1003 2464 interro·
1028 2410 1145 2472 futurae
1163 2407 1347 2462 successionis
1366 2410 1534 2477 exspectatio
1558 2410 1673 2479 babeat,
1701 2429 1786 2480 quum
1811 2411 1869 2481 apsi

173 2513 241 2566 pare
253 2498 380 2562 debeant,
392 2515 457 2550 num
469 2497 587 2551 alterius
595 2499 783 2567 paroecianus
791 2499 829 2550 sit
837 2498 867 2551 in
878 2498 1003 2565 ecclesio,
1031 2495 1113 2548 etium
1133 2495 1251 2564 gentiles
1270 2496 1457 2548 condemnare
1477 2505 1620 2552 curarunt.
1657 2495 1764 2559 Quibus
1783 2499 1867 2555 ratio·

174 2585 223 2651 qui
244 2585 362 2654 proprio
388 2591 522 2638 contemto
541 2587 707 2654 presbytero
734 2585 776 2638 iti
796 2586 864 2639 uelit
889 2586 1003 2637 nu'ssnm
1031 2581 1111 2636 nibus
1128 2581 1256 2644 addatur,
1275 2581 1350 2653 quod
1368 2597 1419 2651 per
1436 2581 1656 2652 praebendarum
1676 2583 1786 2638 iliarum
1803 2601 1867 2640 con·

174 2671 289 2738 audire,
313 2686 393 2747 quem
413 2671 441 2724 ss‘
456 2670 626 2741 invenerint,
653 2672 748 2725 statim
767 2672 803 2725 ot
820 2672 940 2725 ecclesia
956 2673 1002 2724 ab·
1031 2668 1182 2723 cessionem
1209 2668 1342 2723 ecclesiae
1372 2667 1503 2723 adimitur
1534 2668 1647 2724 libertas
1674 2669 1704 2723 in
1732 2672 1868 2729 electione

168 2756 275 2824 jiciant
293 2763 322 2811 et
340 2774 362 2811 c.
391 2755 487 2812 Omnis
506 2757 541 2813 de
560 2757 735 2829 poenitentiis
753 2763 781 2812 ct
798 2758 1004 2813 remissionibus
1031 2753 1147 2808 ministri
1172 2753 1265 2808 divino
1287 2754 1352 2823 jure
1376 2754 1429 2825 ipsi
1457 2763 1624 2825 competens.
1660 2756 1869 2829 Distinguenda

173 2842 315 2911 statuitur,
346 2843 420 2914 quod
448 2842 566 2914 quilibet
591 2845 713 2914 proprio
740 2846 883 2900 saeudou'
906 2847 1004 2899 debeat
1030 2848 1123 2895 tamen
1161 2857 1179 2895 a
1210 2840 1429 2910 praebendarum
1460 2841 1637 2897 concessione
1667 2843 1793 2914 adjuncti
1822 2846 1868 2902 vel

174 2929 300 2998 confiteri
313 2945 367 2981 auo
385 2938 515 2996 peccota,
541 2930 646 2998 siquis
664 2949 730 2987 uero
750 2932 843 2986 atinio
862 2932 1007 2986 sacerdoti
1030 2926 1173 2981 substituti
1191 2943 1254 2981 cum
1272 2941 1408 2982 consensu
1427 2927 1559 2983 ecelesiae
1586 2928 1662 2984 facta
1678 2930 1791 3000 electio,
1818 2931 1867 3002 qui

173 3015 293 3068 uoluerit
306 3015 390 3083 justa
408 3015 444 3068 de
463 3032 549 3067 carun
561 3019 695 3086 confiteri,
717 3019 814 3072 debeat
823 3019 908 3088 prius
919 3019 1004 3071 licen·
1030 3019 1168 3083 pastorem
1198 3029 1291 3068 senem
1320 3019 1404 3084 atque
1435 3013 1580 3069 emeritum
1612 3015 1706 3087 aliqua
1740 3017 1866 3074 laborum

62 3101 68 3112 '
174 3101 241 3154 tium
271 3119 290 3154 u
315 3101 437 3170 proprio
467 3104 614 3154 sacerdote
641 3105 790 3172 postulare
821 3112 846 3156 et
874 3106 1003 3158 obtinere.
1030 3104 1110 3170 parte
1129 3098 1270 3167 sublevet,
1297 3099 1474 3154 nihilominus
1495 3101 1568 3155 enim
1591 3102 1714 3157 collatori
1733 3113 1760 3160 et
1781 3107 1867 3162 ecole-

173 3186 255 3242 Hanc
274 3186 499 3242 constitutionem
515 3187 704 3258 recipiendam
724 3188 848 3257 dicimus,
869 3197 1004 3259 quatenus
1031 3186 1089 3241 siae
1114 3185 1233 3241 liberum
1257 3186 1436 3258 relinquitur,
1465 3204 1501 3242 an
1528 3193 1592 3258 post
1617 3189 1723 3244 obitum
1746 3193 1866 3261 pastoris

174 3274 329 3330 ordinarius
359 3279 454 3343 pastor
477 3273 592 3329 verbum
617 3273 718 3329 Christi
742 3275 847 3329 sincere
871 3276 953 3331 docet
977 3283 1005 3330 et
1031 3273 1104 3326 senis
1132 3289 1194 3327 eum
1221 3272 1258 3327 ad
1282 3272 1451 3326 ordinarium
1474 3282 1614 3344 pastorem
1632 3281 1660 3331 et
1680 3294 1867 3334 successorem

175 3366 347 3416 sacramenta
360 3361 442 3430 juxta
459 3360 533 3416 illius
551 3361 751 3417 institutionem
774 3363 897 3433 legitime
920 3363 1006 3417 admi·
1031 3374 1130 3414 vocare
1148 3358 1243 3414 velint.
1280 3358 1487 3429 Distinguenda
1506 3360 1589 3415 etiam
1608 3379 1626 3415 a
1642 3363 1865 3432 praebendarum

175 3449 288 3516 nistrat,
314 3453 380 3502 tunc
398 3447 471 3502 enim
490 3447 648 3502 turbaretur
667 3450 735 3503 ordo
753 3449 886 3503 (livinitus
907 3451 1007 3504 consti·
1032 3445 1208 3499 concessione
1233 3445 1385 3500 nomInotio
1409 3448 1573 3502 successoris
1595 3449 1631 3503 ab
1654 3450 1784 3520 episcopo
1804 3451 1866 3521 ipso

176 3541 252 3589 tutus
262 3535 478 3589 etministerium
492 3535 635 3590 orthodoxi
650 3536 770 3606 pastoris
780 3542 1007 3606 contemneretur,
1031 3536 1091 3585 tote
1109 3532 1226 3586 ecelesia
1248 3532 1436 3588 consentiente
1459 3533 1548 3602 ineu,
1577 3535 1666 3606 qualis
1692 3536 1746 3588 fuit
1769 3535 1868 3593 Eradii

175 3622 199 3676 si
221 3622 284 3692 quis
306 3621 342 3675 ad
367 3621 488 3675 alienum
511 3627 650 3692 pastorem
672 3622 749 3677 abire
774 3622 866 3677 vellet.
902 3622 957 3679 Sed
982 3625 1006 3678 si
1032 3617 1183 3672 nominatio
1202 3625 1276 3689 apud
1297 3619 1487 3689 Augustinum
1511 3620 1589 3690 epist.
1618 3627 1678 3680 110:
1709 3622 1801 3677 Aliud
1818 3633 1867 3695 cst,

175 3685 329 3761 ordinarius
358 3714 452 3776 pastor
475 3707 553 3763 verbi
576 3708 632 3763 Dei
658 3709 797 3764 contraria
822 3709 902 3764 docet
928 3716 956 3764 et
979 3710 1006 3763 in
1033 3702 1134 3773 (inquit
1158 3701 1309 3758 Gratianus
1337 3722 1361 3763 e.
1384 3705 1511 3775 Apostol.
1536 3712 1560 3761 8.
1583 3724 1609 3777 q.
1637 3711 1671 3774 l.)
1690 3711 1726 3760 de
1744 3710 1791 3762 sui
1806 3727 1867 3764 euc-

176 3792 382 3861 diepensatione
414 3798 647 3849 sacramentorum
677 3782 876 3850 institutionem
905 3796 1006 3852 Christi
1034 3790 1153 3844 cessoris
1170 3791 1300 3844 electione
1317 3809 1380 3846 mum
1397 3794 1537 3856 frutribus
1549 3795 1714 3858 deliberare,
1732 3796 1868 3851 aliudest

176 3878 275 3947 violat,
302 3884 369 3931 tunc
393 3877 499 3934 licitum
524 3888 566 3935 cst
591 3880 704 3935 alterius
728 3884 846 3951 pastoris
864 3883 1005 3938 orthodoxi
1035 3893 1067 3928 es
1084 3885 1245 3931 testamento
1263 3887 1396 3947 tunquam
1414 3896 1482 3933 aune
1501 3881 1649 3948 diqnituts's
1669 3882 1797 3936 heredem
1811 3884 1868 3937 sibi

177 3981 261 4034 opera
275 3965 304 4019 in
323 3965 496 4021 absolutione
513 3972 541 4021 et
558 3967 747 4023 communione
765 3969 820 4036 uti,
845 3970 910 4042 quia
930 3969 1007 4025 Chri·
1035 3981 1175 4033 quaerero.
1212 3968 1234 4018 8.
1252 3966 1300 4018 An
1314 3967 1480 4034 probandus
1501 3967 1537 4020 sit
1560 3985 1619 4019 nuos
1645 3969 1811 4036 qrritnsdam
1836 3972 1867 4024 io

177 4058 251 4119 stus,
269 4054 349 4122 cujus
369 4054 511 4107 oeconomi
529 4061 593 4107 sunt
610 4052 705 4109 fideles
723 4055 854 4125 ministri,
873 4051 1104 4127 nemine-milonis
1128 4060 1267 4122 receptus,
1295 4069 1349 4122 quo
1375 4071 1431 4106 non
1452 4061 1534 4123 potet
1560 4056 1600 4106 art
1622 4055 1821 4109 succensionem
1838 4057 1868 4110 in

177 4140 219 4192 od
246 4156 275 4191 ae
303 4139 453 4193 uenientem
479 4141 563 4203 forus
587 4141 715 4210 sepeliit,
743 4141 843 4199 Johan.
867 4147 892 4204 6,
914 4161 939 4197 v.
964 4148 1006 4198 37.
1020 4136 1022 4191 Ι
1035 4138 1188 4193 ministerio
1205 4140 1312 4207 aditus,
1339 4139 1397 4192 nisi
1413 4140 1457 4194 uel
1474 4140 1598 4207 uiduam,
1621 4142 1665 4193 uel
1678 4143 1773 4210 filium
1790 4152 1868 4200 unte

177 4225 296 4296 ideoque
320 4241 384 4280 cum
406 4224 436 4280 in
457 4225 537 4282 terris
560 4227 677 4283 docendi
702 4244 814 4284 munere
837 4228 1008 4300 iungeretur,
1035 4226 1152 4279 cessoris
1175 4227 1273 4295 ducat,
1303 4227 1347 4280 uel
1371 4228 1409 4279 sit
1425 4228 1507 4296 fitius
1529 4227 1574 4279 nat
1584 4230 1686 4294 frater
1708 4231 1867 4286 demortui!

179 4310 275 4381 recipit
291 4326 394 4379 omnes,
412 4311 461 4381 qui
480 4328 513 4365 ea
529 4312 628 4366 uicinia
647 4314 805 4368 mutatione
824 4323 850 4369 et
865 4317 952 4385 pupis
971 4316 1006 4368 ad
1035 4310 1259 4381 Respondemus:
1279 4329 1335 4366 non
1351 4312 1531 4383 refragamur,
1559 4314 1705 4385 quominus
1726 4316 1771 4369 vel
1786 4317 1868 4385 filius,

179 4397 269 4467 ipsum
287 4396 478 4465 confluebant,
498 4397 573 4468 quod
584 4398 675 4468 ipsum
692 4399 729 4454 ab
747 4401 879 4470 apostolis
899 4418 1008 4473 quoque
1034 4397 1078 4453 vel
1095 4405 1244 4469 cognatus,
1269 4399 1313 4453 vel
1337 4397 1428 4454 uenis
1445 4398 1570 4454 defuncti
1588 4401 1714 4470 pastoris,
1733 4402 1756 4455 si
1775 4420 1868 4458 neces-

178 4485 343 4539 factitatum,
377 4483 474 4554 Neque
502 4483 678 4553 arbitramur,
702 4485 771 4540 illud
791 4503 917 4558 pugnare
945 4505 1008 4542 cum
1035 4484 1113 4539 sariis
1140 4484 1218 4538 donis
1245 4484 1395 4539 instructus
1420 4483 1472 4552 sit,
1500 4485 1547 4542 ad.
1562 4492 1706 4541 vacantem
1724 4487 1870 4544 ministerii

178 4571 374 4627 constitutione
391 4570 580 4640 Passaviensi,
604 4571 633 4624 in
652 4589 708 4641 qua
727 4573 861 4641 edicitur,
886 4590 921 4629 ne
947 4574 1009 4645 quis
1035 4572 1130 4625 sedem
1154 4576 1281 4638 vocetur,
1308 4587 1398 4641 neque
1421 4569 1526 4625 inficias
1551 4571 1635 4639 imus,
1663 4581 1805 4643 pastorum
1832 4575 1868 4631 de

180 4654 293 4711 alterius
312 4665 400 4712 status
426 4656 551 4712 subditos
574 4657 611 4710 ad
635 4673 713 4711 suam
741 4659 901 4730 religionem
920 4668 1009 4731 cogat,
1036 4658 1153 4714 ecclesIa
1179 4657 1250 4714 bene
1278 4658 1438 4713 meritorum
1465 4659 1555 4714 viduis
1584 4679 1617 4715 ac
1643 4661 1737 4716 liberis
1761 4663 1867 4735 prospi-

180 4741 285 4796 alliciat
310 4743 354 4797 vel
381 4748 477 4798 eontra
504 4742 696 4814 magistratum
719 4744 865 4814 defendat,
895 4749 934 4803 tt
963 4749 1009 4815 loli
1036 4746 1163 4801 ciendum
1181 4762 1254 4810 esee,
1282 4745 1330 4799 sed
1349 4747 1516 4817 carendum,
1545 4767 1580 4803 ne
1597 4749 1704 4820 indigni
1729 4766 1761 4803 ac
1777 4751 1868 4806 minus

180 4829 234 4885 lein
258 4830 351 4884 eum
377 4831 424 4885 ben
455 4832 566 4896 unberu,
591 4831 652 4900 uoq
678 4831 797 4901 tcttcltcn
829 4835 1010 4903 tintertbanen
1037 4833 1129 4886 idonei
1154 4838 1266 4903 propter
1289 4831 1357 4886 talia
1380 4834 1518 4890 connubia
1541 4841 1769 4906 promoreantur,
1798 4855 1869 4894 neve

181 4930 211 4983 ou
232 4915 312 4985 tunm
330 4917 452 4984 astons
473 4917 596 4986 ttinqcn,
624 4918 823 4986 ctprccttcircn.
851 4920 911 4975 obet
931 4919 1154 5042 uttuqecelesia
1176 4919 1299 4988 privetur
1325 4937 1376 4974 sua
1398 4920 1525 4976 libertate
1550 4924 1578 4977 in
1605 4922 1738 4976 vocandis
1761 4923 1869 4980 idoneis

182 5002 237 5071 itte
259 5001 389 5071 Diriqtcit
413 5003 442 5058 tn
466 5003 558 5073 &quq
584 5006 638 5060 unt
663 5005 769 5074 &dirus
795 5006 917 5076 nctmcn,
949 5004 1169 5109 noct,eeciesiae
1181 5004 1322 5069 ministris,
1342 5005 1460 5078 denique
1473 5024 1508 5062 ne
1520 5025 1552 5063 ex
1567 5007 1766 5063 consuetudine
1786 5012 1869 5066 certis

182 5089 355 5158 tertiatione
375 5086 405 5144 iu
430 5088 524 5144 totitem
548 5091 636 5159 {Boon
665 5091 740 5146 aliud
763 5091 836 5146 enim
853 5099 895 5146 est
914 5089 1239 5162 sponteoconditionibus
1263 5090 1381 5146 limitata
1406 5093 1450 5149 lex
1468 5100 1611 5166 'quantiam
1629 5093 1821 5151 introducatur
1841 5106 1870 5155 et

182 5175 324 5230 venientes
355 5174 493 5246 recipere,
529 5176 606 5230 aliud
635 5177 778 5232 blanditiis
809 5177 938 5247 pellicere
967 5175 1241 5249 veljsuccessionum
1254 5176 1481 5235 hereditariarum
1490 5184 1556 5252 jura
1567 5181 1603 5235 ad
1616 5179 1769 5236 officiorum
1780 5184 1892 5240 ecolo'

182 5263 312 5317 violentia
328 5279 434 5334 eogere.
461 5263 520 5319 Nec
539 5264 594 5319 diei
610 5271 702 5334 potest
720 5266 881 5335 depastura
899 5264 1011 5319 aliunde
1023 5262 1024 5302 ἶ
1037 5262 1208 5317 siastieorum
1227 5265 1451 5322 constitutionem
1469 5266 1679 5323 transferantur.
1715 5272 1741 5324 9.
1761 5271 1808 5323 An
1825 5272 1867 5323 in·

183 5351 322 5404 venientes
340 5349 502 5419 recipiente,
521 5350 595 5421 quod
613 5351 788 5422 magistratui
805 5350 930 5407 subditos
947 5367 1011 5404 suos
1022 5362 1024 5413 ζ
1036 5352 1092 5404 aito
1111 5351 1333 5406 committendum
1352 5355 1389 5406 sit
1409 5355 1614 5409 ministerium!
1640 5355 1866 5427 Respondemus:

182 5435 303 5490 alienare
320 5436 437 5508 cogitet,
465 5435 644 5507 nequeenim
664 5436 804 5493 distinctio
828 5432 1025 5492 dominiorum³
1040 5431 1270 5510 Quendocunque
1299 5439 1381 5494 etiam
1412 5440 1451 5510 pii
1480 5445 1508 5495 et
1536 5440 1623 5495 sancti
1656 5440 1708 5496 riri
1740 5448 1868 5499 recusant
