4020 6014
200 375 260 436 232
408 363 410 370 ¹
779 363 901 423 nocue
919 362 1123 423 menemus
1138 342 1304 420 nunnus

200 524 316 580 scribat:
342 527 379 579 In
401 525 456 578 lac
477 526 585 592 synodo
606 540 688 592 papa
704 523 882 592 presbyteros
901 521 1031 592 deinceps
1055 534 1137 574 uerae
1157 521 1288 590 justitiae
1324 521 1516 591 compassione
1539 522 1658 575 clericos
1684 529 1715 575 ut
1739 537 1888 575 comesum

199 613 231 667 in
246 612 465 684 fornicationem
487 611 585 679 lapsos
609 609 712 678 abspes
737 624 786 678 spe
811 606 1031 679 semiper-ationis
1056 610 1156 674 coeant
1173 607 1218 662 oel
1235 616 1363 663 moneant
1382 608 1538 677 continere,
1557 610 1610 662 sed
1627 616 1761 662 manuos
1767 609 1889 677 jubeant

202 698 338 769 deposuit.
366 698 407 751 Et
431 697 565 764 scriptum
593 696 669 764 qnod
696 694 802 748 dicitnr
836 694 866 749 S.
903 693 1034 748 Udalrici
1056 710 1090 747 ac
1106 703 1207 764 copam
1229 695 1377 751 abstinere.
1413 697 1463 749 Ad
1487 697 1569 765 cujus
1588 695 1714 765 imperii,
1738 712 1773 749 ne
1795 695 1891 748 dicam

201 787 243 838 nd
262 803 371 855 papam
393 783 544 838 Nicolaum
570 784 605 836 ds
632 781 740 851 nuptiis
760 782 985 851 presbyterorum
1007 787 1033 832 et
1057 781 1178 851 consilii,
1198 789 1254 836 tam
1271 784 1384 848 satiram
1404 791 1513 854 tamque
1533 790 1643 853 turpem
1662 784 1773 836 addunt
1791 797 1890 850 suppe-

201 872 355 943 copitulam
392 869 549 939 Paphnutii
583 870 619 922 de
652 870 749 922 Mem
782 884 829 937 re,
857 869 912 922 imo
940 867 1033 922 omnia
1058 868 1186 939 stionem,
1209 877 1241 923 ut
1263 871 1373 924 dicam:
1401 869 1554 924 Honestius
1573 878 1615 924 est
1629 870 1763 940 plurilus
1781 868 1891 922 occulte

200 960 293 1012 samis
319 957 470 1012 canonibus
497 957 620 1009 aduersa
651 955 803 1008 damnauit.
855 953 1033 1025 Consequens
1057 954 1204 1024 implicari
1221 972 1306 1026 gesom
1332 964 1428 1026 aperte
1452 958 1482 1011 in
1506 957 1648 1011 hominum
1674 956 1752 1010 cultu
1774 963 1801 1009 et
1827 972 1892 1009 con·

201 1045 287 1117 igitur
312 1043 407 1108 fisarit,
431 1043 490 1113 jam
515 1047 574 1096 tum
593 1039 735 1095 Bartholdi
768 1046 873 1104 aetate,
903 1039 951 1113 qui
981 1039 1033 1094 sub
1058 1041 1175 1094 scicntia
1192 1043 1432 1111 camenalipari,
1446 1044 1524 1112 quod
1536 1043 1668 1113 profecto
1688 1059 1744 1095 non
1756 1042 1893 1104 dicerem,

201 1129 393 1186 HenricovIV.
414 1127 543 1200 Gregorii
570 1132 801 1197 contemporaneo
819 1126 915 1181 floruit
932 1126 1032 1197 episto·
1059 1128 1087 1180 si
1111 1143 1144 1180 ea
1169 1128 1220 1183 silo
1249 1136 1275 1183 et
1301 1130 1331 1182 in
1355 1129 1408 1184 illo
1426 1136 1527 1195 essent,
1553 1129 1603 1198 qni
1626 1128 1711 1182 dicit:
1740 1129 1798 1182 Vae
1815 1127 1894 1181 nolu

202 1217 257 1272 lam
281 1216 356 1270 illam
379 1215 464 1273 fuisse
489 1212 644 1269 confictam.
695 1211 750 1267 Sed
775 1212 911 1283 quidquid
937 1213 974 1267 sit
998 1213 1033 1267 de
1059 1214 1240 1278 Pharisaeis,
1271 1215 1322 1284 qui
1353 1216 1449 1269 omnic
1476 1216 1577 1281 focits's
1605 1223 1727 1285 propter
1752 1215 1895 1283 hominem·

201 1308 313 1358 auctore
342 1302 386 1358 vel
416 1308 541 1372 tempore
576 1299 660 1370 hujus
693 1298 838 1368 epistolae,
868 1299 1034 1369 respondeat
1060 1309 1085 1354 et
1106 1317 1161 1369 per
1184 1301 1376 1369 psalmistam:
1416 1301 1553 1366 Quoniam
1585 1302 1741 1356 hominibus
1766 1301 1895 1370 placent,

200 1389 384 1446 Bellarminus
410 1386 598 1443 fundamentis
621 1385 651 1440 in
670 1403 703 1441 ea
725 1385 866 1441 adductis:
893 1387 1033 1440 Dominus
1060 1389 1174 1456 confusi
1185 1396 1257 1455 sunt,
1276 1389 1406 1458 quoniam
1420 1389 1675 1459 Dominusspreoit
1689 1405 1742 1442 eos.
1774 1388 1818 1443 Hi
1830 1395 1896 1440 sunt

201 1474 315 1547 (inquit)
343 1476 373 1529 in
395 1474 482 1529 veteri
507 1474 566 1542 lepe
587 1473 729 1527 sacerdoti
752 1472 912 1542 conjugium
932 1472 1034 1527 consti·
1061 1474 1196 1543 homines,
1222 1475 1273 1544 qai
1293 1476 1377 1544 prius
1403 1476 1532 1530 delerent
1555 1476 1636 1528 nobis
1651 1475 1840 1546 persuadere,
1866 1481 1896 1527 ut

201 1565 263 1627 tuit,
281 1564 358 1633 quod
381 1563 429 1617 illi
447 1563 630 1632 postmodum
648 1560 828 1613 interdixisse
848 1576 904 1613 non
923 1561 1035 1630 lepitur,
1061 1560 1090 1614 in
1109 1568 1258 1631 conspecta
1275 1563 1349 1631 ejus,
1374 1563 1421 1615 cui
1440 1563 1535 1616 omnia
1557 1563 1635 1616 nuda
1658 1569 1684 1616 et
1701 1568 1804 1631 aperta
1821 1569 1896 1630 sunt,

201 1651 303 1705 sedin
322 1649 469 1718 euangelio
488 1649 625 1719 manetur,
643 1655 708 1700 sunt
726 1647 858 1711 eunuchi,
876 1648 926 1716 qai
942 1664 971 1701 se
989 1665 1035 1701 ca·
1062 1648 1254 1702 amiseramus
1277 1656 1441 1718 peccatores
1472 1666 1543 1719 esse,
1577 1667 1661 1719 qaam
1688 1649 1719 1702 in
1747 1655 1897 1718 conspeetu

201 1745 363 1794 straverunt
375 1744 495 1806 propter
512 1752 626 1806 regnum
644 1734 793 1803 coelorum,
809 1736 1035 1788 sednonomnes
1062 1733 1202 1788 lominum
1220 1736 1319 1789 mundi
1341 1752 1399 1790 esse
1421 1741 1471 1791 etc.
1508 1736 1564 1790 Hic
1588 1743 1628 1789 cst
1647 1743 1754 1800 autem,
1776 1736 1803 1788 si
1829 1735 1897 1789 ddi·

202 1828 254 1880 lsoc
283 1825 395 1878 uerbum
428 1823 557 1893 eripiunt,
589 1823 640 1892 qni
667 1829 760 1893 potest
789 1837 902 1892 capere,
933 1822 1034 1891 capiat.
1061 1827 1156 1888 center
1173 1821 1349 1891 inspiciatur,
1368 1823 1453 1876 totius
1469 1839 1564 1877 eorum
1582 1822 1745 1895 manipulus
1762 1821 1896 1881 maniae.

206 1914 384 1984 Quapropter
403 1910 548 1978 apostolus
566 1909 616 1978 ait,
635 1910 671 1962 de
684 1908 839 1978 vis-pinibus
855 1916 1035 1978 praeceptum
1062 1907 1145 1960 totius
1162 1916 1310 1962 conventus
1327 1910 1464 1979 insaniae,
1482 1916 1512 1962 ut
1530 1910 1598 1962 dum
1611 1909 1710 1962 clerici
1721 1908 1802 1962 licita
1813 1909 1897 1961 unias

204 1997 506 2061 Domininonlsobeo,
524 1995 775 2050 consiliumautem
793 1996 840 2063 do,
858 1996 1036 2064 quodetiam
1063 1994 1189 2048 mulieris
1211 1996 1351 2050 consortio
1376 1996 1545 2050 Plarisaico
1573 1995 1690 2060 deuicti,
1713 1996 1792 2065 quod
1816 1995 1897 2055 absit,

126 2144 129 2153 ,
198 2087 284 2156 juata
299 2083 481 2154 praedictum
494 2082 612 2137 Domini
630 2099 687 2135 non
707 2098 801 2136 omnes
818 2080 870 2135 loc
888 2082 1037 2136 consilium
1056 2081 1162 2148 surore
1179 2080 1338 2150 relinquere
1355 2089 1501 2152 coguntur,
1513 2082 1710 2149 fornicatores
1724 2089 1749 2135 et
1768 2082 1899 2135 adulteri

204 2187 306 2243 capere
314 2186 398 2240 posse
410 2170 583 2236 considnos,
601 2170 655 2223 sed
670 2169 771 2223 muros
783 2169 908 2237 ejusdem
926 2170 1039 2224 consilii
1064 2173 1090 2219 et
1108 2166 1232 2221 aliarum
1248 2169 1422 2240 mandamns
1441 2169 1597 2239 turpissimi
1607 2168 1731 2222 ministri
1747 2187 1810 2222 cum
1828 2169 1897 2238 ipsis

204 2265 406 2326 assentatores,
431 2256 588 2310 hominibus
611 2273 667 2308 non
687 2257 750 2309 Deo
775 2271 828 2323 pro
845 2255 927 2319 falsa
946 2257 1037 2326 specie
1064 2254 1234 2319 efficiantur.
1270 2254 1348 2311 Haec
1366 2255 1458 2311 omnia
1476 2255 1632 2321 Udalricus,
1651 2256 1687 2311 ad
1707 2272 1779 2327 quse
1798 2256 1897 2312 funda·

204 2343 389 2399 continentiae
404 2342 522 2412 placere
533 2342 654 2396 uolentes
673 2342 808 2410 praviora
824 2343 903 2395 uides
915 2344 1037 2397 commit·
1064 2346 1157 2396 menta
1176 2341 1264 2396 solide
1278 2341 1444 2414 respondeat
1455 2343 1648 2408 Bellarminus,
1665 2343 1711 2397 cui
1723 2359 1758 2398 ne
1770 2342 1898 2398 rideatur

203 2439 279 2495 tere,·
292 2438 408 2499 patrum
427 2430 534 2484 scilicet
551 2446 651 2483 emeres
663 2429 833 2499 subepitare,
851 2431 1036 2484 masculanum
1064 2426 1170 2481 irenen
1188 2428 1217 2482 in
1238 2445 1293 2483 uno
1311 2428 1439 2500 Gregorii
1458 2427 1563 2484 virano
1581 2433 1623 2484 tot
1642 2429 1738 2484 erania
1760 2427 1898 2483 infantum

138 2564 140 2569 .
205 2535 238 2573 ac
253 2519 394 2587 pecudum
411 2517 558 2586 amplexus
575 2534 631 2569 non
649 2516 810 2585 dioneae,
829 2532 864 2570 ne
881 2517 971 2570 morli
989 2518 1037 2570 lin·
1065 2531 1125 2570 esse
1143 2515 1268 2581 inventa,
1286 2516 1426 2584 addimus,
1443 2521 1554 2586 patrum
1573 2515 1705 2570 memoria
1722 2514 1811 2570 simile
1830 2513 1897 2586 quid

198 2607 250 2677 jus
268 2605 452 2674 adspersione
465 2605 506 2657 nd
513 2603 705 2673 pestilentiam
720 2619 806 2673 mque
823 2604 1038 2674 convalescente,
1065 2602 1207 2670 accidisse,
1227 2605 1338 2676 quando
1351 2605 1379 2658 in
1397 2604 1528 2658 comitatu
1541 2602 1739 2659 Mansfeldensi
1752 2601 1782 2656 in
1793 2600 1898 2672 oppido

205 2692 336 2745 niminem
348 2699 438 2744 status
451 2689 640 2754 labefactetur
658 2691 792 2744 ecclesiae
810 2691 902 2758 totins,
918 2698 1038 2761 propter
1065 2688 1218 2745 Gerbstidt
1247 2692 1276 2745 in
1306 2691 1414 2762 piscius
1443 2707 1529 2763 prope
1557 2689 1753 2746 monasterium
1783 2689 1900 2743 inventa

204 2779 431 2848 fornicationem,
453 2779 533 2847 dicit,
553 2778 742 2848 unnsquisque
759 2796 840 2831 suam
859 2795 972 2832 acorem
989 2777 1038 2830 lta-
1064 2777 1143 2833 fuere
1174 2783 1359 2834 trecentorum
1391 2778 1596 2833 submersorum
1626 2776 1764 2832 infantum
1795 2775 1899 2830 arania.

204 2868 279 2936 beat,
307 2867 384 2938 osted
416 2865 578 2935 specialiter
607 2865 649 2917 ad
678 2864 767 2918 laicos
794 2865 936 2933 pertinere
964 2865 1038 2918 idem
1066 2864 1243 2921 “Lutherus
1263 2865 1292 2921 in
1309 2870 1454 2924 comment.
1475 2882 1498 2922 c.
1515 2871 1541 2920 4.
1553 2863 1624 2921 Gen.
1642 2883 1669 2937 p.
1684 2870 1725 2920 54.
1761 2862 1900 2932 epistolae

205 2954 374 3008 mentiuntur
394 2952 572 3024 hypocritae,
598 2950 650 3020 qui
675 2951 739 3004 lieet
755 2951 786 3003 in
806 2951 904 3019 quovis
923 2952 1039 3004 sanctis·
1070 2953 1200 3007 Udalrici
1217 2970 1251 3007 oc
1269 2954 1441 3008 inventorum
1463 2969 1511 3006 sea
1536 2952 1613 3006 melle
1637 2951 1761 3021 capilum
1781 2949 1900 3015 infanti·

204 3041 274 3094 mmo
295 3040 396 3094 ordine
418 3037 568 3105 constituti,
588 3037 691 3091 alienis
719 3053 819 3091 reuera
834 3038 966 3092 neorimss
983 3056 1038 3091 non
1066 3038 1136 3093 lium
1155 3040 1184 3093 in
1203 3041 1311 3094 doario
1330 3041 1460 3094 Romano
1484 3037 1609 3094 meminit
1628 3043 1657 3092 et
1679 3036 1772 3092 addit:
1800 3035 1899 3090 Simile

205 3127 334 3180 aninam
351 3124 443 3194 alini,
468 3131 494 3179 et
517 3125 594 3193 guod
607 3124 704 3192 flendo
723 3124 876 3187 cernimus,
897 3141 989 3177 omnes
1010 3124 1039 3177 in
1067 3127 1221 3195 exemplum
1246 3136 1345 3181 nostra
1370 3134 1460 3180 aetate
1478 3125 1589 3180 occidit.
1625 3125 1694 3180 Cum
1712 3123 1849 3177 moniales
1870 3124 1900 3177 in

80 3225 139 3266 xus
148 3222 192 3267 sn.
204 3213 379 3283 supradictis
403 3212 531 3265 saeviunt
555 3209 715 3265 sceleribus.
756 3209 799 3262 Hi
826 3208 957 3263 nimirum
984 3228 1040 3264 non
1066 3213 1201 3266 Austriae
1233 3214 1292 3267 vico
1320 3212 1431 3267 Closter
1458 3213 1620 3280 Neumburp
1644 3217 1764 3284 propter
1791 3219 1900 3281 turpem

204 3307 278 3355 recte
303 3298 481 3370 Scripturam
504 3296 714 3362 intellexerunt,
741 3297 822 3366 cujus
848 3297 1040 3362 mammillam,
1066 3301 1152 3353 mlum
1182 3307 1346 3369 caperentur
1378 3307 1486 3353 mutare
1520 3299 1610 3354 locum
1646 3305 1671 3351 et
1701 3299 1901 3352 monasterium

205 3388 273 3459 quio
291 3388 393 3447 durius
410 3402 545 3456 pressere,
564 3384 729 3454 sanquinem
739 3401 794 3452 pro
814 3384 887 3437 lacte
908 3384 1039 3441 biberunt.
1068 3386 1268 3439 banderensis
1288 3386 1470 3440 habitandum
1489 3402 1647 3440 concessum
1666 3393 1735 3438 esset
1753 3392 1837 3454 atque
1856 3385 1903 3440 illi

205 3475 308 3530 Postea
332 3470 435 3545 excipit
461 3471 609 3529 Udalricus
630 3486 676 3525 eos
696 3469 743 3541 qui
762 3469 960 3525 continentiam
980 3490 1041 3542 pro·
1065 3490 1191 3543 pro-suo
1219 3473 1415 3527 commoditate
1437 3474 1574 3543 quaedam
1594 3470 1734 3535 aedificia·
1753 3478 1901 3536 mutarent,

205 3561 269 3616 fessi
288 3565 361 3628 sunt,
379 3576 448 3632 quos
461 3564 630 3629 postratum
642 3556 816 3612 matrimonio
832 3557 945 3627 junctos
960 3557 1042 3628 jubet
1068 3562 1194 3614 inventae
1212 3568 1275 3613 sunt
1293 3560 1323 3613 in
1336 3558 1537 3628 fundamentis
1555 3557 1633 3612 nonis
1650 3558 1800 3612 duodecim
1818 3558 1902 3628 ollae,

205 3647 241 3702 ab
265 3647 360 3701 ordine
384 3646 498 3717 deponi,
522 3646 597 3716 quod
618 3662 651 3699 ex
675 3644 761 3699 seculi
789 3643 863 3698 iliius
879 3645 1001 3700 moribus
1016 3645 1042 3701 ei
1067 3665 1187 3716 quarum
1207 3648 1336 3715 singulae
1349 3649 1469 3701 cadaver
1486 3645 1762 3712 infantisiabelant.
1792 3645 1900 3717 Hujus·

206 3732 342 3797 adhaesit,
362 3732 462 3787 deinde
481 3731 573 3787 addit:
597 3733 698 3786 Verum
717 3740 748 3785 ut
761 3732 917 3801 hujusvoti
933 3733 1041 3787 nescios
1067 3734 1146 3788 modi
1163 3734 1274 3798 infinito
1287 3733 1364 3787 alias
1381 3734 1491 3804 passim
1504 3733 1674 3786 ecciderunt.
1710 3734 1818 3787 Itomae
1836 3750 1902 3802 quo·

205 3820 317 3874 omnino
345 3819 421 3873 scias
447 3837 503 3872 non
529 3834 587 3871 esse
606 3821 764 3887 cogendos,
789 3818 862 3872 audi
885 3821 1042 3890 apostolum
1068 3837 1120 3890 que
1142 3829 1261 3892 propter
1284 3821 1397 3891 copiam
1420 3837 1575 3890 puerorum
1599 3819 1786 3889 sepositorum
1808 3827 1902 3873 erecta

206 3907 342 3962 dicentem
369 3907 409 3958 ad
434 3905 621 3958 Timotheum:
649 3905 764 3974 Oportet
788 3907 951 3976 episcopum
972 3908 1041 3961 irre·
1068 3917 1132 3966 sant
1150 3908 1336 3973 monasteria,
1356 3925 1473 3977 quorum
1485 3907 1617 3977 pontifex
1631 3914 1716 3976 poter
1734 3906 1853 3976 dicitur,
1877 3914 1904 3960 et

201 3991 420 4064 prehensilrilem
433 4008 491 4044 esse
511 3991 594 4044 unias
608 3991 704 4044 uteru
716 3992 814 4055 cirrum,
832 4009 915 4060 ptam
934 4011 969 4047 ne
981 3994 1042 4063 quis
1069 3998 1235 4051 antecedunt
1260 4012 1322 4048 eum
1339 3994 1466 4067 proximi
1488 3994 1518 4047 in
1533 3993 1757 4066 processionibus
1769 3993 1903 4063 publicis.

205 4079 369 4135 seutentiam
394 4080 435 4131 ad
458 4077 550 4131 solam
573 4078 718 4130 ecclesiam
737 4086 867 4147 uerteret,
884 4080 1041 4149 adjunxit:
1071 4087 1163 4139 Taceo
1197 4082 1308 4152 infinita
1341 4080 1416 4149 alie,
1449 4096 1521 4149 quoe
1550 4080 1660 4134 animus
1687 4080 1781 4134 dicere
1807 4081 1902 4144 refor-

208 4167 263 4231 Qui
289 4174 380 4219 autem
407 4164 505 4219 domui
527 4179 594 4217 sesae
614 4181 748 4236 proeesse
772 4164 874 4231 nescit,
903 4169 1040 4234 qrsomodo
1066 4168 1211 4226 midaii*

204 4254 337 4309 ecclesiae
349 4253 409 4307 Dei
421 4252 600 4320 diligentiam
613 4251 743 4305 habebit!
775 4251 922 4319 Similiter,
942 4253 1040 4322 inquil,
1101 4262 1159 4313 340.
1204 4261 1227 4310 6.
1259 4255 1293 4309 In
1322 4269 1488 4325 quoeunque
1515 4256 1589 4307 statu
1620 4251 1747 4307 vixerunt
1772 4269 1805 4307 ae
1835 4253 1897 4308 Deo
1912 4261 1963 4304 aa*

205 4343 321 4397 diaconi
338 4341 395 4394 sint
418 4337 501 4391 unius
523 4339 620 4391 aconis
638 4337 707 4406 oiri,
738 4338 788 4408 qui
810 4338 881 4402 filiis
898 4339 957 4392 ereis
975 4340 1041 4393 bene
1065 4343 1231 4414 placuerunt
1254 4339 1454 4414 patriarchae,
1484 4339 1641 4408 prophetae
1672 4357 1707 4392 ac
1737 4326 1963 4418 sacerdotesssfi

199 4429 331 4500 praesint
351 4434 376 4482 et
390 4425 604 4480 missionibus.
640 4422 729 4479 Paulo
747 4429 811 4495 post
828 4424 1039 4496 prohibitionem
1072 4429 1101 4482 V.
1122 4429 1154 4484 Τ.
1173 4428 1219 4482 ille
1244 4427 1312 4481 nihil
1337 4427 1455 4497 derogat
1480 4425 1621 4480 sanctitati
1646 4425 1790 4481 ministerii
1811 4427 1899 4483 accle-

203 4514 327 4587 conjugii
345 4518 428 4569 vocat
443 4510 633 4582 periculosum
652 4510 777 4565 haeresis
796 4514 945 4567 decretum.
983 4511 1039 4568 sub
1065 4515 1178 4572 siastici.
1222 4514 1276 4571 Sed
1304 4514 1332 4567 in
1355 4517 1430 4567 statu
1456 4513 1598 4585 conjugali
1630 4513 1758 4569 vixerunt
1780 4529 1814 4567 sc
1838 4515 1901 4570 Deo

204 4603 287 4658 linem
311 4600 464 4657 concludit:
498 4598 575 4662 Quid
601 4599 715 4653 veritati
744 4601 836 4669 napis
868 4601 1040 4654 contrarium
1065 4602 1231 4674 placuerunt
1261 4599 1448 4672 patriarchae,
1483 4599 1635 4671 prophetae
1674 4616 1707 4654 ac
1744 4600 1902 4658 sacerdotes

201 4697 294 4760 potest
311 4688 441 4756 inveniri,
459 4703 543 4756 qnam
562 4685 635 4740 loct
652 4702 712 4738 cum
727 4685 907 4756 ipseoeritas
926 4689 960 4740 de
977 4705 1039 4741 con·
1066 4689 1100 4745 V.
1119 4688 1153 4742 T.
1187 4687 1263 4758 Ergo
1285 4691 1373 4740 status
1400 4686 1557 4757 conjugalis
1576 4684 1645 4740 nihil
1666 4685 1782 4758 derogat
1800 4688 1903 4743 saneti-

204 4775 322 4830 tinentia
347 4776 463 4844 loquens
490 4791 545 4827 non
570 4773 654 4827 nnius
678 4772 812 4836 hominis,
843 4776 894 4827 sed
918 4753 1116 4835 omniumitati
1135 4772 1278 4830 ministerii
1295 4772 1484 4828 ecclesiastici.
1520 4758 1682 4827 Assumtum
1701 4779 1817 4842 constat,
1836 4772 1902 4845 qnia

200 4864 289 4933 plane
326 4869 437 4931 eccepto
472 4877 586 4914 numero
618 4859 817 4929 professorum
853 4861 1039 4914 continentiae
1065 4863 1166 4931 Adam,
1182 4859 1257 4930 Seth,
1276 4860 1362 4935 snos,
1383 4860 1490 4931 Enoch,
1508 4861 1556 4932 qui
1575 4878 1638 4915 cum
1659 4860 1719 4916 Deo
1737 4859 1901 4929 ambularit,

205 4950 299 5004 dicat:
329 4947 383 5011 Qui
395 4955 489 5017 potest
511 4964 625 5017 capere,
652 4946 763 5019 capiat,
789 4947 865 5016 quod
882 4946 938 5013 isti,
966 4950 1039 5002 unde
1065 4948 1145 5005 Noah
1163 4947 1205 5001 vir
1218 4949 1312 5018 justus
1331 4952 1359 5003 et
1383 4948 1536 5018 perlectus,
1561 4947 1637 5011 Sem,
1662 4945 1805 5002 Abraham
1822 4951 1904 5018 pater

204 5037 341 5104 nescitur,
365 5033 494 5101 instigati
514 5035 624 5088 dicant:
655 5033 710 5097 Qui
732 5051 788 5087 non
810 5040 903 5102 potest
928 5050 1039 5103 capere,
1064 5034 1248 5103 credentium,
1273 5035 1365 5099 Isaac,
1385 5032 1490 5099 Jacob,
1510 5033 1630 5105 loseph,
1650 5037 1744 5088 Aaron
1761 5039 1791 5089 et
1809 5033 1904 5089 cuncti

205 5123 330 5183 feriatur
348 5119 531 5174 anathemate.
571 5119 648 5183 ente
675 5136 740 5174 vero
758 5135 813 5190 per
835 5119 959 5171 homines
970 5121 1041 5187 fieri
1064 5120 1223 5176 sacerdotes
1241 5120 1274 5176 V.
1291 5120 1324 5174 Τ.
1343 5121 1426 5176 multi
1450 5121 1532 5178 etism
1551 5137 1584 5175 ex
1602 5119 1757 5192 prophetie,
1780 5120 1903 5192 Moyses,

200 5205 653 5278 poteststolidinstquiddiuinae
663 5205 858 5260 maledictioni
868 5204 1040 5273 oblinatiust
1065 5206 1190 5272 Samuel,
1213 5207 1344 5263 Ezechiel
1363 5216 1416 5265 ete.
1442 5209 1471 5263 in
1490 5208 1621 5279 conjugio
1639 5208 1775 5262 vixerunt.
1813 5205 1902 5279 Chry·

205 5312 288 5364 mam
307 5311 369 5347 cum
387 5292 485 5362 aliqui,
504 5291 549 5345 nel
569 5293 695 5362 episcopi
718 5291 802 5348 videl.
825 5291 868 5346 oel
894 5291 1039 5345 orchidia·
1064 5297 1201 5349 sostomus
1225 5294 1296 5350 hom.
1324 5301 1366 5351 tl.
1392 5295 1421 5349 in
1442 5292 1511 5349 Gen.
1536 5294 1571 5347 de
1595 5294 1708 5350 Enocho
1733 5294 1773 5348 sie
1791 5293 1901 5349 scribit:
1915 5305 1963 5346 1111

205 5381 276 5448 coni,
294 5381 335 5433 ita
342 5379 515 5451 praecipites
528 5379 584 5432 sint
598 5378 628 5431 in
642 5379 795 5446 libidinem,
813 5385 844 5432 nt
855 5394 942 5448 necue
957 5380 1038 5433 edul-
1065 5381 1194 5445 Andiont
1216 5381 1314 5436 mariti
1337 5389 1363 5434 et
1381 5397 1481 5435 utores
1500 5387 1525 5431 et
1544 5380 1656 5434 ducant
1668 5381 1746 5450 justi
1763 5381 1900 5445 uirtutem,

205 5467 286 5534 teria,
305 5482 393 5536 neque
412 5469 540 5536 incestus,
558 5481 646 5535 neqne
657 5466 847 5520 maeniorum
854 5465 932 5536 proli
939 5467 1038 5535 pudor
1064 5483 1115 5522 neo
1128 5475 1242 5538 pateret,
1266 5467 1380 5538 nuptias
1401 5466 1430 5519 in
1448 5481 1535 5517 eausa
1553 5482 1626 5535 esse,
1650 5483 1704 5536 quo
1727 5466 1819 5520 minus
1837 5467 1900 5538 quis

205 5551 382 5624 turpissimos
401 5553 546 5625 amplearss
563 5552 656 5607 sciant
673 5552 837 5624 diomero,
866 5553 944 5622 quad
959 5558 1040 5607 casta
1064 5555 1128 5609 Deo
1141 5554 1267 5626 placeat.
1302 5552 1379 5607 Nam
1397 5549 1505 5604 idcirco
1531 5549 1630 5606 divina
1647 5551 1798 5624 Scriptura
1815 5553 1901 5608 semel

204 5640 355 5698 cleriorum
379 5639 514 5710 conjugia
537 5637 594 5694 sibi
611 5637 709 5692 dicant
727 5639 850 5709 foetere,
869 5638 906 5694 al
923 5638 964 5694 eis
982 5656 1052 5694 :sors¹
1065 5646 1149 5710 atque
1170 5641 1269 5696 msam
1291 5638 1326 5692 id
1343 5634 1513 5706 naamani
1533 5636 1644 5692 diem:
1663 5634 1768 5694 (lenuit
1785 5638 1900 5696 Matiu-
