4020 6014
644 254 696 312 DE
716 253 938 314 MINISTERIO
956 252 1257 316 sccmfflssmco.
1740 269 1797 329 lbi

110 410 187 479 cipes
209 411 255 475 (ιιι
268 408 412 481 loquitur),
430 409 482 466 soli
499 409 605 467 habent
623 411 721 467 solium
740 413 799 468 sira
810 411 938 468 thronum
966 410 1127 481 phylactum
1148 413 1221 468 idem
1239 430 1303 468 oum
1320 413 1448 470 Aerianis
1466 414 1586 471 sensisse
1604 415 1717 482 scribit,
1736 432 1800 471 cum

109 497 136 550 in
151 496 281 560 ecclesia,
307 497 359 550 soli
376 497 626 568 excommunicant,
650 499 679 553 in
695 499 819 555 conciliis
836 498 938 569 praesi-
965 496 1012 553 illo
1031 498 1215 554 Bellarminus
1233 499 1375 572 transigat.
1412 507 1436 557 5.
1455 500 1486 556 Si
1504 508 1600 572 patres
1619 501 1658 556 illi
1675 502 1799 572 judicas·

110 584 174 639 dent
201 601 235 637 ac
260 582 336 654 leges
363 584 392 637 in
420 583 459 638 sis
485 583 584 655 figunt
620 585 675 640 Sed
700 586 771 640 tales
796 587 939 656 episcopos
966 590 1040 646 sent,
1066 587 1231 640 mutantium
1255 585 1332 640 illam
1359 586 1388 640 in
1413 587 1498 643 Aerio
1521 593 1654 659 tanquam
1674 587 1799 642 haeresin

109 671 238 742 ignorant
254 669 381 726 Christus
404 678 433 726 et
456 672 573 741 apostoli
595 672 748 742 iisdemque
765 670 939 727 consentiens
966 688 1027 725 esse
1045 671 1211 740 damnatam,
1230 679 1337 727 tantum
1354 673 1441 741 abest,
1461 679 1493 728 ut
1510 674 1602 729 verbis
1620 673 1661 728 illi
1675 674 1799 730 videren-

108 757 248 828 primitiva
266 756 391 812 aeclesis.
427 756 461 811 In
479 757 596 813 condlio
615 756 868 828 Hierosolymitano
884 774 940 812 non
966 764 1011 812 tur
1033 759 1193 831 suffragari,
1217 767 1249 815 ut
1273 761 1366 830 potius
1392 761 1421 815 in
1440 761 1607 817 contrariam
1626 767 1733 832 partem
1753 762 1798 816 de·

109 845 157 899 soli
176 843 305 915 apostoli,
325 843 375 898 sod
392 842 476 899 etiam
493 844 648 915 presbyteri
666 846 830 900 sententiam
846 845 941 900 ferunt
967 844 1128 913 clinasssnt,
1155 846 1230 916 quod
1257 847 1285 902 in
1304 848 1512 919 oppugnatione
1530 849 1683 904 sententiae
1702 848 1799 903 adver·

110 931 167 987 Act
187 937 235 999 15,
252 948 279 984 v.
299 936 324 986 6.
342 935 383 986 22.
403 937 432 986 et
450 935 491 987 tt.
510 947 543 985 ac
559 938 667 986 tantum
685 932 778 995 abest,
798 932 875 987 utin
895 947 939 987 ec·
966 947 1014 987 sae
1031 932 1097 1002 ipsis
1116 933 1243 988 accidere
1262 935 1413 990 consuerit.

109 1018 190 1073 alesia
215 1017 370 1086 apostolica
392 1023 420 1073 et
445 1017 611 1087 apostolicae
633 1018 724 1073 vicina
746 1018 869 1089 episcopi
893 1034 937 1072 ex·
1001 1023 1060 1073 stt.
1096 1019 1189 1090 Atque
1208 1018 1277 1076 haec
1296 1021 1372 1075 dicta
1390 1021 1445 1076 sint
1463 1021 1498 1076 de
1512 1020 1658 1076 ministerii
1670 1020 1797 1075 ecclesia·
1812 1021 1908 1064 orsini·

108 1105 189 1159 clusis
217 1103 387 1174 presbyteris
410 1108 575 1174 potestatem
599 1103 728 1159 vibrandi
755 1104 938 1159 excommuni-
965 1104 1028 1158 ttici
1052 1103 1198 1174 gradibus,
1230 1122 1347 1175 quorum
1370 1106 1514 1177 Scriptura
1531 1107 1696 1162 mentionem
1715 1106 1799 1174 sacit;
1812 1075 1931 1124 ”mm

109 1191 223 1246 cationis
252 1190 358 1244 fulmen
382 1188 435 1243 sibi
454 1189 529 1243 solis
556 1191 758 1261 arrogaverint,
782 1195 815 1245 ut
835 1191 938 1245 Paulus
967 1196 1062 1258 restat,
1093 1198 1126 1246 ut
1148 1191 1358 1248 Pontificiorum
1384 1193 1509 1256 ordines,
1539 1211 1656 1264 quorum
1673 1193 1799 1264 plerique

109 1276 249 1348 apostolus
271 1293 327 1331 non
352 1275 406 1330 nisi
432 1275 563 1331 ecclesiae
586 1276 778 1332 Corinthiacus
803 1294 938 1333 consensu
966 1280 1031 1329 suut
1060 1276 1172 1330 isserat
1195 1284 1223 1332 et
1247 1279 1408 1346 inordinati,
1441 1279 1653 1336 consideremus.
1694 1278 1800 1334 Bellat-

110 1365 293 1418 inoestuosum
306 1361 426 1418 Satanae
443 1364 552 1417 tradere
563 1363 701 1433 judicavit
720 1369 744 1419 2.
756 1363 818 1444 (io'r.
831 1372 855 1432 t,
874 1382 900 1419 v.
913 1370 938 1420 t.
966 1362 1055 1416 minus
1067 1362 1115 1418 lib.
1129 1364 1164 1417 da
1178 1364 1285 1418 clericis
1297 1383 1321 1422 c.
1336 1372 1373 1421 11.
1386 1366 1520 1436 disputat,
1529 1367 1646 1435 proprie
1658 1366 1800 1435 loquendo

110 1451 200 1522 Atque
223 1451 293 1504 haec
319 1448 395 1503 dicta
412 1449 466 1503 sint
483 1449 520 1503 ad
539 1450 632 1520 priora
651 1449 707 1504 duo
723 1450 847 1504 membra
864 1450 938 1504 illius
965 1457 1066 1517 septem
1088 1469 1106 1503 a
1124 1450 1278 1504 Catholicis
1293 1453 1411 1506 ordines
1427 1454 1573 1506 nummosi
1581 1494 1588 1520 ,
1608 1453 1657 1522 qui
1675 1459 1738 1505 sunt
1754 1469 1800 1505 sa·

109 1536 215 1608 capitis,
233 1536 329 1606 inquo
342 1536 529 1590 demonstrare
542 1545 657 1591 conatur
670 1537 862 1605 Bellarminus,
881 1538 937 1607 epi·
965 1537 1072 1604 cardos,
1085 1538 1227 1599 diaconus,
1240 1538 1437 1605 subdiaconus,
1451 1539 1606 1607 acoluthus,
1618 1540 1712 1606 lector,
1723 1557 1800 1594 eucr-

111 1641 207 1694 scopos
222 1624 286 1694 jure
299 1622 391 1677 divino
404 1639 463 1677 esse
477 1624 595 1693 majores
608 1622 771 1694 presbytero
786 1623 878 1694 quoad
889 1640 937 1693 po·
966 1622 1045 1691 cista,
1065 1623 1207 1678 ostiarius.
1226 1640 1258 1678 ex
1277 1640 1301 1678 c.
1322 1623 1425 1679 Cieros.
1446 1624 1511 1684 dist.
1531 1631 1572 1680 21.
1591 1625 1657 1680 Illos
1673 1624 1800 1679 dividunt

111 1716 239 1765 testatem
276 1709 380 1763 ordinis
410 1714 438 1764 et
465 1709 701 1780 jurisdictionem
738 1710 814 1781 quod
842 1711 940 1765 attinet
966 1709 995 1762 in
1014 1710 1130 1763 ordines
1148 1710 1269 1763 minoren
1289 1718 1315 1764 et
1332 1712 1464 1780 majores.
1495 1710 1615 1767 Minores
1634 1711 1800 1766 dicuntesse

112 1797 263 1853 membrum
282 1795 401 1862 tertium,
416 1795 445 1848 in
463 1812 518 1865 quo
538 1796 653 1865 probare
673 1795 778 1861 nititur,
796 1797 940 1867 episcopos
967 1802 1100 1866 quatuor:
1127 1797 1317 1864 ostiariatnns,
1348 1796 1527 1866 lemmatum,
1555 1799 1749 1852 eaorcistctum
1773 1805 1799 1852 et

112 1883 139 1938 in
158 1882 245 1938 veteri
265 1881 382 1938 eeclesia
398 1897 454 1936 non
471 1882 557 1937 fuisse
577 1883 605 1936 in
624 1882 941 1953 coetuprosbyterorum
967 1881 1173 1950 acolutlotam3
1192 1884 1309 1953 majores
1325 1888 1395 1937 tres:
1414 1885 1653 1949 subdiaconatum,
1666 1883 1798 1937 diacona·

110 1969 188 2040 quasi
208 1969 334 2023 comules
353 1968 382 2021 in
398 1973 504 2036 senatu,
522 1968 571 2023 sed
594 1968 673 2040 qussi
689 1985 771 2040 reges
789 1985 821 2023 ac
839 1969 939 2039 prinoi-
968 1976 1023 2020 tum
1059 1975 1086 2020 et
1114 1968 1341 2038 presbyteratum.
1396 1968 1509 2025 Catecb.
1538 1969 1679 2024 Romanus
1711 1986 1734 2022 c.
1766 1967 1800 2023 de

110 2073 158 2125 pes
176 2056 205 2110 in
223 2061 304 2109 coetu
322 2054 553 2123 consiliariorum,
574 2055 608 2108 de
627 2071 660 2110 eo
678 2056 745 2126 quid
764 2056 940 2110 statuendum
968 2070 1037 2109 sacr.
1062 2053 1179 2109 ordinib.
1204 2053 1273 2109 Fab.
1299 2054 1462 2110 Incamatus
1485 2056 1514 2109 in
1537 2055 1669 2110 scrutinio
1692 2073 1720 2126 p.
1743 2061 1800 2111 1⁰9.

110 2144 152 2211 sit,
173 2159 206 2197 ex
226 2141 308 2197 dictis
325 2140 408 2195 facile
427 2148 551 2212 apparet.
968 2158 990 2195 o.
1020 2143 1058 2195 12.
1087 2139 1271 2194 Bellarminus
1295 2143 1330 2194 de
1351 2142 1517 2210 antiquitate
1534 2143 1651 2197 illerism
1668 2143 1799 2196 crstinum

11 2229 58 2271 ²2¹
144 2236 203 2286 tte,
239 2228 302 2284 Non
327 2235 369 2283 est
395 2228 447 2282 hoe
472 2227 533 2283 loco
552 2230 839 2298 praetermittendum,
868 2230 941 2301 quod
969 2226 1094 2294 disserit,
1124 2243 1206 2297 quam
1230 2243 1285 2280 non
1308 2227 1393 2282 audet
1416 2227 1528 2299 quidem
1553 2229 1656 2284 diserte
1680 2229 1716 2283 ad
1735 2245 1799 2299 spo·
1887 2291 1895 2309 ‚

11 2282 95 2374 iiiii⁸⁸
113 2325 134 2371 5.
148 2318 177 2371 in
189 2314 631 2388 principio2capitisBellarminus
651 2314 755 2384 scribit,
771 2317 942 2370 baeresinil-
968 2314 1053 2368 stolos
1082 2329 1224 2381 revocare,
1256 2314 1365 2369 interim
1397 2322 1488 2370 tamen
1515 2332 1577 2372 cum
1602 2315 1632 2369 in
1659 2314 1800 2370 Clemente

11 2394 81 2479 iiis·-
110 2406 166 2459 tam
178 2404 245 2473 jans
266 2403 333 2455 olim
350 2404 379 2454 in
399 2402 486 2455 Aeria
505 2403 667 2455 damnatam
686 2419 756 2469 esse,
776 2404 852 2472 quod
871 2403 942 2455 inter
968 2406 996 2454 et
1025 2399 1134 2470 Ignatio
1166 2400 1350 2469 apostolorum
1378 2400 1521 2471 discipulis
1548 2401 1676 2456 ordinum
1706 2418 1799 2456 eorum

11 2487 60 2530 tiens.
111 2492 267 2560 opaccpum
291 2497 316 2541 et
340 2489 530 2557 presbyterum
553 2487 625 2540 nihil
652 2488 762 2541 intersit
785 2494 856 2543 teste
876 2488 942 2557 Epi·
969 2486 1134 2540 mentionem
1163 2485 1222 2540 fieri
1253 2491 1371 2555 statuat,
1409 2488 1519 2542 videtur
1549 2489 1585 2541 ed
1615 2487 1800 2558 apostolorum

111 2576 208 2655 pbanio
234 2575 306 2630 haer.
336 2582 374 2629 tt.
403 2581 431 2628 ct
455 2573 613 2643 Augustino
643 2575 677 2628 de
695 2575 769 2629 haer.
789 2598 809 2628 c.
829 2582 869 2629 53.
888 2574 1094 2651 Re-ttempors
1116 2573 1250 2643 originem
1270 2573 1419 2627 eorundem
1438 2574 1547 2629 referre.
1579 2576 1799 2642 e.13.aleoffi·

111 2663 290 2732 spondemus:
323 2670 343 2715 t.
369 2659 471 2714 Acrius
496 2659 543 2713 ille
568 2667 598 2714 ut
623 2667 740 2715 testatur
758 2661 1020 2730 Epiphanius,3‹·s'is
1057 2659 1230 2726 sispalorum
1268 2658 1453 2713 ministrorum
1481 2660 1597 2715 disserit.
1642 2661 1800 2714 anrdinm

108 2750 160 2804 fuit
185 2758 256 2803 totns
283 2749 414 2802 Ariansss.
452 2753 474 2802 2.
500 2746 586 2802 Nemo
615 2753 737 2801 noenum
764 2749 845 2814 dicit,
872 2750 941 2805 nillil
953 2730 1078 2815 itirrqisit)
1097 2747 1215 2798 mittitur
1242 2747 1268 2796 in
1288 2746 1407 2798 securta
1427 2764 1443 2797 a
1459 2746 1554 2816 primu
1573 2757 1701 2813 tonsu-ru,
1730 2765 1799 2815 quae
1856 2761 1859 2765 ’

110 2839 239 2890 interesse
257 2835 329 2887 inter
349 2835 508 2902 episcopum
529 2843 552 2888 et
568 2836 767 2903 presbyterum,
787 2836 835 2888 sed
856 2852 940 2906 agno·
953 2878 956 2905 ,
969 2835 1080 2903 quide-ru
1110 2853 1161 2886 nun
1188 2843 1229 2885 est
1258 2835 1342 2899 urdo,
1366 2851 1426 2885 cunt
1446 2834 1552 2886 risuum
1577 2834 1675 2886 tabeat
1696 2842 1798 2887 certam

109 2924 215 2986 seimus,
235 2927 347 2992 propter
360 2919 487 2981 εὐταξίαν
498 2918 713 2975 ecclesiasticam
726 2908 1092 3009 etconcordiamiofficium
1113 2936 1260 2985 arenarum,
1289 2920 1341 2971 sed
1366 2927 1405 2971 est
1431 2921 1569 2987 maedam
1596 2920 1745 2989 disposiaa
1765 2937 1799 2973 ue

109 3010 234 3066 alendam
262 3008 328 3063 utile
357 3024 432 3072 esse,
468 3012 500 3061 ut
526 3006 673 3062 discrimen
700 3006 890 3077 episcoporum
915 3013 943 3063 et
964 3007 1153 3076 praeparatio
1171 3007 1212 3059 ad
1227 3006 1350 3074 ordines,
1370 3014 1401 3058 ut
1417 3005 1596 3059 enuntiemus
1610 3007 1651 3060 aa
1664 3004 1799 3060 Christis

108 3096 334 3167 presbyterorum
355 3094 383 3147 in
401 3092 518 3148 ecelesia
535 3097 720 3148 conservetur.
758 3092 827 3147 Tale
847 3094 941 3148 discri·
967 3095 1093 3147 niernum.
1130 3092 1319 3147 Ostiae-iorum
1345 3091 1465 3147 officium
1484 3097 1527 3147 est
1544 3094 1658 3165 aperire
1673 3101 1699 3148 et
1720 3093 1800 3147 clau

110 3200 169 3237 men
196 3179 313 3236 anobis
338 3178 423 3234 statui
446 3178 572 3250 agnoscit
593 3177 745 3250 Gregorius
770 3179 804 3233 de
829 3178 940 3235 Valent.
969 3183 1035 3234 dere
1051 3181 1131 3244 fores
1156 3181 1290 3234 ecclesiae
1310 3187 1336 3232 et
1355 3197 1452 3232 curam
1470 3180 1568 3248 templi
1584 3181 1700 3250 laborm
1725 3180 1800 3235 unda

109 3277 172 3324 tom.
196 3275 221 3323 t.
240 3267 311 3336 disp.
329 3273 354 3322 u.
374 3283 400 3336 q.
422 3273 443 3321 l.
462 3269 555 3336 punct.
576 3270 606 3321 2:
632 3266 733 3319 Omnes
751 3267 942 3320 Protestantes
968 3270 996 3322 in
1014 3266 1185 3322 ordinatione
1206 3266 1352 3336 episcopus
1364 3265 1481 3336 porrigit
1500 3266 1568 3336 ipsis
1586 3268 1677 3320 claues
1691 3267 1800 3321 dicens:

23 3345 218 3427 ¹¹¹·³⁰·(inquit)
244 3354 394 3407 admittunt
417 3361 473 3405 tres
494 3352 595 3406 saltem
617 3352 806 3407 ministrorum
823 3357 942 3422 prades,
973 3356 1078 3423 Accipe
1087 3360 1254 3422 potestatem
1271 3353 1422 3421 aperiendi
1436 3354 1582 3406 ecclesiam
1600 3362 1625 3406 et
1642 3353 1801 3406 sacrarium

109 3459 203 3510 nempe
227 3440 434 3508 episcoporum,
460 3456 529 3506 quos
550 3445 649 3492 uocant
675 3440 940 3511 superintendentes,
969 3451 996 3497 et
1031 3441 1186 3495 claudendi
1226 3439 1395 3508 infidelibus.
1453 3439 1628 3493 Lombardus
1670 3445 1694 3494 t.
1732 3444 1800 3493 sent.

109 3539 136 3583 nt
161 3529 280 3582 babeant
307 3543 403 3577 curam
427 3523 632 3578 ecclesiasticae
651 3525 839 3593 disciplinae,-
859 3516 1030 3594 pres-luiso.
1056 3533 1096 3583 24.
1122 3526 1163 3579 lit.
1186 3525 1217 3581 C.
1245 3526 1279 3579 de
1303 3525 1422 3580 ostiariis
1447 3525 1556 3588 scribit,
1578 3527 1655 3594 quod
1680 3532 1801 3579 tenentes

110 3617 272 3683 bptercrum,
291 3628 359 3680 quoe
374 3618 475 3664 uocant
491 3610 634 3664 ministros
652 3612 730 3664 uerbi
741 3620 767 3665 et
781 3629 939 3667 samamen·
951 3596 954 3675 i
967 3616 1071 3669 clasem
1100 3613 1195 3666 emnia
1214 3612 1289 3664 intus
1310 3619 1336 3664 et
1353 3619 1432 3664 cetra
1450 3612 1609 3664 macutant
1627 3619 1709 3680 atque
1728 3612 1802 3666 inter

108 3711 215 3764 torum;
245 3717 279 3752 ac
306 3698 505 3759 diaconorum,
533 3697 583 3765 qai
607 3699 896 3765 mpsrtntsndsntitns
915 3682 954 3753 eti
969 3703 1053 3756 banos
1073 3707 1099 3752 et
1119 3699 1210 3753 males
1228 3697 1357 3750 labentes
1371 3698 1515 3766 judicium
1532 3699 1635 3767 dipnos
1652 3698 1801 3768 recipiant,

107 3787 266 3856 pastoribus
284 3791 385 3838 navent
404 3800 519 3852 operam
537 3784 567 3836 in
585 3785 829 3840 administratione
844 3805 938 3840 sacra·
951 3767 954 3880 ἰ
968 3788 1101 3856 indipnos
1114 3792 1263 3854 respuant;
1280 3784 1353 3839 unde
1371 3784 1400 3837 iu
1412 3782 1585 3838 ordinatione
1597 3783 1663 3855 ipsis
1679 3784 1799 3843 dicatur:

110 3882 259 3929 mentorum
289 3879 314 3924 et
345 3871 452 3937 officiis
484 3869 560 3926 aliis,
602 3870 786 3926 Bellerminus
808 3872 868 3942 ipse
892 3872 954 3943 lib,
969 3875 1016 3928 Sic
1045 3873 1134 3942 cpite,
1166 3879 1299 3940 tunquam
1324 3873 1388 3924 Deo
1410 3870 1549 3924 rationem
1579 3871 1724 3924 reddituri
1744 3888 1801 3940 pro

111 3962 143 4016 de
163 3958 271 4016 clericis
295 3974 319 4011 c.
340 3962 380 4012 ll.
399 3956 428 4010 in
449 3957 548 4026 princ:
573 3956 748 4011 Clemnicius
767 3960 860 4027 docet,
883 3948 1059 4027 tres‘rebus,
1081 3975 1152 4028 quae
1170 3957 1295 4011 clavibus
1312 3957 1372 4010 istis
1399 3957 1610 4011 concluduntur.
1652 3958 1800 4011 Lectmum

110 4056 214 4102 tantum
237 4061 296 4099 esse
312 4060 393 4098 omos
411 4044 537 4096 ordines:
565 4043 770 4112 episcoporum,
797 4063 865 4112 quoe
885 4047 942 4115 ipsi
972 4045 1094 4103 officium
1115 4036 1157 4099 est
1181 4044 1273 4111 tepere
1291 4059 1323 4095 ea
1337 4043 1449 4112 pulpito
1468 4043 1498 4095 in
1517 4043 1648 4107 ecclesia,
1665 4041 1800 4114 quidquid

108 4143 234 4202 pastores
256 4130 394 4185 tritemius
412 4137 529 4194 uocant,·
549 4130 791 4198 presbyterorum,
814 4149 882 4200 quos
899 4112 1119 4224 se·}legendum
1144 4148 1181 4185 er
1208 4135 1325 4199 utroque
1351 4129 1406 4197 (vel
1433 4129 1584 4183 secundum
1615 4128 1683 4184 alios
1708 4146 1741 4184 ex
1764 4128 1800 4186 V.

111 4222 201 4274 riores
219 4218 264 4273 uel
282 4219 411 4270 electores
430 4216 473 4270 uel
492 4216 721 4270 ministrosoerbi
733 4218 897 4287 appellant;
916 4228 941 4274 et
969 4219 1117 4288 duntaxat)
1135 4218 1326 4285 Testamenta,
1345 4216 1473 4270 nimirum
1490 4222 1568 4271 extm
1588 4223 1697 4286 tempus
1717 4216 1800 4271 sacri

111 4310 300 4361 diaconorum.
335 4303 423 4373 Atqui
442 4302 465 4355 si
484 4302 676 4373 episcoporum
693 4303 818 4358 ordinem
838 4321 940 4376 apres·
968 4306 1031 4362 ficii.
1087 4306 1122 4359 In
1158 4304 1268 4359 illorum
1298 4302 1470 4358 ordinatione
1507 4303 1651 4373 episcopus
1683 4301 1801 4373 porrigit

111 4393 214 4465 byteris
235 4389 438 4460 distinguimus,
455 4388 551 4459 utique
568 4388 640 4442 inter
653 4388 811 4459 episcopum
827 4397 940 4462 etpres·
967 4394 1079 4460 librum,
1097 4409 1179 4462 quem
1197 4396 1299 4444 vocant
1318 4390 1530 4457 lectionarium,
1559 4388 1667 4444 diceus:
1693 4389 1801 4458 Accipe

111 4479 237 4550 byterum
267 4476 373 4547 aliquid
395 4476 528 4531 interesse
555 4475 681 4530 dicimus.
717 4481 740 4531 3.
764 4475 840 4547 Ergo
866 4480 940 4550 quod
953 4436 1130 4548 ipotestatem
1152 4485 1177 4530 et
1201 4483 1258 4529 esto
1282 4475 1360 4529 uerbi
1385 4477 1444 4528 Dei
1468 4476 1583 4529 relator.
1626 4472 1800 4529 Lombardus

110 4568 209 4622 Acrius
233 4564 297 4619 odio
321 4563 472 4627 Eustathii,
498 4564 546 4635 qui
565 4562 594 4617 in
613 4563 775 4633 episcopatu
795 4565 847 4635 ipsi
865 4572 940 4620 aute·
953 4540 955 4612 i
968 4567 993 4621 d.
1012 4566 1073 4621 loco
1090 4563 1131 4617 lit.
1151 4562 1186 4619 D.
1207 4569 1313 4631 monet,
1335 4562 1445 4617 eosdem
1462 4561 1555 4617 vocari
1581 4560 1664 4616 etiam
1679 4561 1799 4630 psalmi·

111 4653 180 4708 latus
211 4658 284 4719 erat,
311 4649 505 4720 aequalitatem
533 4649 624 4718 illam,
654 4666 726 4719 quae
748 4649 801 4704 luit
819 4624 1025 4722 tempore'stas
1038 4658 1064 4705 et
1078 4649 1317 4720 pronuntiatores,
1336 4665 1368 4703 so
1382 4648 1409 4702 in
1428 4645 1601 4702 ordinatione
1619 4645 1654 4700 ab
1669 4646 1798 4717 episcopo

111 4740 309 4810 apostolorum,
329 4737 368 4793 ita
385 4737 476 4808 coepit
496 4755 610 4809 urgere,
628 4744 659 4792 ut
676 4736 808 4792 ecclesiae
827 4755 939 4794 cousue-
952 4718 955 4788 i
967 4738 1021 4793 illis
1039 4737 1108 4792 dici:
1134 4738 1240 4807 Accipe
1265 4745 1291 4791 et
1318 4745 1374 4791 esta
1405 4735 1483 4789 uerti
1502 4734 1561 4786 Dei
1576 4733 1697 4797 relator,
1722 4734 1798 4787 babi-

111 4829 250 4892 tudinem,
270 4841 342 4896 quae
360 4825 388 4879 in
407 4825 558 4880 remedium
576 4824 770 4889 schismatum,
789 4824 893 4878 ordinis
913 4829 941 4879 et
952 4862 955 4952 Ι
966 4834 1060 4894 tumes,
1081 4825 1108 4895 si
1124 4824 1253 4888 fideliter
1273 4822 1431 4893 impleveris
1448 4819 1587 4887 officium,
1607 4829 1720 4893 partem
1739 4839 1800 4875 cum

953 4959 956 5003 Ι

111 4912 272 4970 concordiae
290 4928 375 4966 causa
386 4910 546 4981 episcopum
558 4909 727 4980 presbyteris
739 4916 767 4965 et
779 4910 941 4980 inspectioni
967 4911 1022 4978 tis,
1052 4910 1101 4979 qui
1127 4912 1192 4964 bene
1220 4910 1331 4963 verbam
1352 4908 1412 4961 Dei
1436 4905 1663 4960 ministraverint.
1706 4910 1798 4962 Euor-

111 5003 193 5056 totius
219 4998 352 5053 ecclesiae
374 4995 575 5068 praeponebat,
598 4995 760 5066 simpliciter
777 4996 942 5068 repudiaret,
968 4997 1102 5050 materian
1128 4995 1249 5051 officium
1279 4999 1323 5049 est
1353 4993 1518 5047 supraemos
1547 4993 1679 5048 ecclesiae
1708 4995 1798 5060 tepere

110 5088 138 5142 id
162 5104 226 5140 cum
251 5085 288 5139 sd
313 5084 488 5140 confusiones
505 5097 539 5135 ac
557 5081 740 5138 dissensiones
758 5091 885 5155 spectare
902 5084 941 5137 vi·
968 5100 1053 5151 super
1071 5099 1276 5152 enerpnmenos,
1298 5085 1327 5134 et
1344 5095 1376 5134 eo
1396 5079 1478 5133 modo
1496 5095 1662 5150 praeparare
1680 5079 1750 5149 illos,
1769 5084 1800 5136 ut
1814 5082 1905 5125 ¹11·OE-

111 5176 237 5240 deretur,
260 5172 357 5227 merito
374 5172 402 5225 in
419 5170 467 5224 illo
484 5167 662 5238 reprobatum
681 5169 744 5225 fnit.
779 5177 804 5227 4.
823 5170 942 5226 Michael
954 5196 957 5262 ἶ
968 5168 1095 5225 sacrificii
1121 5167 1207 5222 divini
1232 5165 1383 5236 participes
1402 5164 1463 5220 fieri
1488 5166 1601 5236 possint.
1637 5166 1672 5220 In
1691 5166 1799 5221 illorum

20 5253 24 5263 ’
111 5261 226 5316 Medina
242 5257 402 5314 Pontificius
426 5256 473 5312 lib.
501 5260 522 5308 l.
548 5256 583 5310 de
606 5272 707 5310 seeror.
733 5257 805 5312 hom.
825 5259 893 5329 orig.
915 5262 943 5313 et
969 5257 1140 5312 ordinatione
1160 5255 1306 5324 episcopus
1320 5253 1406 5308 uadit
1421 5253 1576 5307 eislibrum
1587 5253 1799 5307 exorcismorum

111 5345 280 5402 continentia
299 5363 323 5400 c.
341 5352 364 5401 5.
384 5361 439 5398 non
456 5340 548 5396 solum
566 5341 776 5412 Hieronymum,
795 5345 845 5399 sed
863 5343 943 5398 etism
970 5343 1076 5399 dicens:
1096 5343 1201 5410 Accipe
1218 5348 1244 5394 et
1262 5341 1425 5393 commenda
1441 5339 1588 5392 mernoriae
1600 5345 1626 5391 et
1644 5338 1713 5392 lale
1723 5346 1799 5408 pote·

112 5433 305 5499 Ambrosium,
339 5426 544 5501 Augustinum,
583 5427 740 5495 Sedulium,
770 5428 943 5495 Primtrsium,
968 5437 1070 5483 statem
1099 5427 1265 5498 imponendi
1288 5444 1388 5480 manus
1415 5441 1500 5495 super
1526 5440 1722 5490 enerpumenas
1744 5425 1801 5478 sire

113 5520 342 5588 chrysostomum,
362 5511 578 5590 Theodoretum,
596 5512 794 5574 Oecumenium
811 5521 839 5573 et
856 5515 943 5574 Theo·
971 5517 1125 5578 buptisutos
1137 5516 1194 5570 sice
1212 5514 1429 5570 cuteclsumenos.
1463 5511 1664 5568 Aeolutlsarum
1678 5511 1800 5565 officium

1126 5666 1133 5693 l
