4020 6014
598 110 651 167 Dii
668 110 895 170 marculo
909 110 1211 172 scommatice
1683 59 1745 178 stt

51 268 121 325 tudo
145 266 303 339 conjugalis
335 265 491 323 ssoerdotss
518 266 555 322 sd
577 267 731 323 ministeria
755 267 883 340 indignos
919 267 1089 324 adstruendo
1124 268 1298 324 sacerdotum
1336 267 1468 340 maingis
1506 264 1686 323 concitorem
1721 270 1751 321 et

51 352 190 410 redderet
230 351 360 417 Quinimo
381 358 492 408 constat
521 369 554 408 er
581 361 604 412 1.
631 354 724 410 Paral.
745 359 787 409 23.
816 353 890 426 quod
917 360 1025 423 patrum
1044 355 1128 423 dicta,
1148 354 1282 410 ecclesiae
1300 353 1458 425 primitivae
1475 353 1616 424 exempla,
1634 352 1703 424 quin
1721 359 1751 408 et

51 439 128 495 vices
156 437 222 494 illae
245 439 455 509 quadringentis
479 438 542 508 plus
570 440 660 494 minus
689 444 752 510 post
773 439 888 510 Moysen
916 442 1055 510 propriam
1086 442 1306 496 adversariorum
1336 439 1537 496 confessionem
1569 439 1749 510 produximus

51 525 134 580 annis
156 541 174 578 a
197 525 307 579 Davide
325 525 428 580 fuerint
446 524 605 593 institutae,
634 526 742 582 interea
757 526 889 595 temporis
917 527 1000 596 paulo
1027 528 1161 598 superins.
1197 535 1220 583 t.
1245 526 1378 591 Quamvis
1399 525 1561 596 pontificum
1587 525 1704 581 decretis
1717 531 1751 580 et

51 611 211 667 sacerdotes
238 629 346 681 semper
370 611 449 666 suere
476 613 629 684 conjugati.
673 612 739 681 Ipse
766 628 888 665 summus
918 613 1122 681 particularium
1151 614 1328 667 conciliorum
1354 613 1465 666 statutis
1496 612 1649 666 coelibatus
1680 611 1749 666 satis

50 698 180 769 pontifex
198 697 316 764 singulis
336 697 434 752 diebus
461 715 542 752 mane
559 715 593 753 ac
609 698 718 768 vesperi
734 697 888 768 jubebatur
916 707 1024 753 mature
1047 700 1136 754 ordini
1155 701 1342 754 ministrorum
1369 698 1499 753 obtrusus
1529 698 1626 765 fuerit,
1656 703 1750 753 tamen

51 784 174 842 Domino
193 783 293 840 offerre
310 784 476 839 sacrificium
496 784 583 841 Exod.
603 790 645 852 29,
658 802 683 839 v.
698 789 740 840 38.
753 788 885 838 ettamen
916 786 964 840 diu
985 786 1039 840 illis
1058 787 1113 840 fuit
1130 787 1328 854 reclamatum,
1353 784 1515 856 pracsertim
1542 784 1572 838 in
1591 784 1749 850 Gennania,

52 869 210 943 generabat
227 870 329 926 liberos
347 869 430 926 Num.
453 877 499 941 28,
524 888 549 926 v.
571 877 594 927 3.
613 886 668 943 qua
686 871 721 925 de
738 886 769 924 re
787 876 889 924 tractat
916 880 1049 942 utsupra
1067 872 1121 926 sirit
1141 873 1364 928 demonstratum.
1402 878 1426 928 5.
1445 870 1661 925 Prouincialium
1686 888 1750 943 syn-

52 955 232 1028 Angustinus
259 961 364 1025 quaest.
390 960 431 1011 82.
459 957 489 1009 in
516 956 606 1012 Levit.
642 956 701 1012 Nec
725 955 784 1009 ulla
799 960 889 1010 exstat
915 960 1046 1022 odorum,
1069 958 1314 1015 Neocaesariensis
1334 957 1447 1025 scilicet,
1467 958 1623 1021 Romanae,
1644 957 1750 1013 Eliber-

53 1043 107 1106 lex,
126 1058 198 1113 quae
217 1041 407 1097 sicardotibus
425 1041 807 1112 prohibeatconsnetndinem
825 1058 889 1095 con·
916 1047 999 1114 tinae,
1023 1045 1196 1100 Arelatensis
1220 1044 1359 1100 secundae
1378 1050 1407 1098 et
1427 1045 1595 1113 Ancyranae
1621 1060 1748 1106 canones,

49 1129 179 1200 jugalem
202 1143 235 1182 ac
254 1128 354 1196 jubeat
381 1143 427 1182 cos
453 1127 550 1183 abesse
577 1128 659 1182 domo
684 1128 795 1198 propria
822 1133 890 1182 tam·
917 1132 964 1202 qni
1002 1131 1189 1186 ministrorum
1221 1131 1355 1185 ecclesias
1388 1130 1525 1200 conjugiis
1558 1130 1667 1184 adversi
1699 1147 1749 1200 per

54 1231 122 1286 pore
141 1214 210 1267 vicis
228 1229 310 1281 suae,
336 1230 426 1283 neque
443 1220 534 1268 exstat
552 1214 611 1282 lex,
638 1214 712 1285 quod
733 1213 889 1268 sacerdotes
918 1219 1067 1273 Nicaenam
1085 1217 1290 1273 oecumenicam
1307 1216 1444 1286 synodum
1464 1215 1542 1269 fuere
1567 1216 1698 1286 repressi,
1720 1216 1749 1270 in

56 1317 90 1355 ex
108 1299 238 1353 domibus
256 1298 313 1352 suis
332 1298 474 1354 venientes
492 1317 542 1371 per
560 1300 674 1371 aliquod
692 1308 802 1369 tempus
816 1300 890 1370 puri·
918 1321 952 1360 ea
971 1304 1107 1376 siquidem
1127 1303 1300 1374 Paphnutius
1320 1310 1425 1372 mamm
1451 1301 1586 1366 ostendit,
1611 1302 1749 1370 presbyte-

39 1384 161 1440 'ficandi
197 1384 265 1452 siut,
301 1384 462 1454 priusquam
500 1387 635 1456 templum
670 1386 889 1458 ingrederentur.
917 1391 959 1444 ris
989 1391 1150 1459 conjugatis
1173 1407 1252 1442 usum
1275 1388 1398 1456 conjnqii
1418 1405 1475 1440 non
1499 1404 1558 1440 esse
1576 1388 1636 1455 ispe
1651 1387 1748 1456 probi-

56 1470 251 1525 ”chharias
271 1470 300 1524 in
318 1471 425 1525 exedris
445 1472 542 1541 templi
562 1471 706 1533 manebat,
734 1487 789 1527 non
815 1472 889 1543 quod
919 1478 1044 1537 bendum,
1062 1494 1123 1529 cum
1141 1476 1276 1543 scriptum
1290 1475 1335 1540 sit,
1358 1474 1532 1527 Honorabite
1543 1474 1749 1526 matrimonium

57 1556 121 1628 lege
135 1556 295 1624 juberetur,
318 1556 367 1609 sed
387 1557 461 1628 quod
480 1556 508 1610 in
526 1557 638 1612 civitate
655 1556 733 1611 Juda
752 1556 891 1613 habitaret
919 1564 948 1615 in
967 1563 1098 1616 omnibus.
1134 1567 1160 1617 6.
1180 1560 1210 1616 Si
1229 1561 1257 1614 in
1275 1560 1368 1630 specis
1388 1561 1566 1615 conciliorum
1592 1565 1620 1613 et
1638 1565 1750 1629 patrum

59 1648 88 1697 et
108 1659 224 1712 peregre
243 1641 406 1696 advenisset
443 1641 472 1697 si
488 1642 621 1697 Leviticis
639 1644 846 1709 sacerdotibus,
863 1644 891 1697 in
919 1648 1077 1704 testimonia
1094 1664 1112 1701 a
1128 1647 1297 1702 Bellarmino
1311 1646 1432 1701 adducta
1445 1651 1645 1712 excuterentur,
1664 1644 1750 1699 mani-

58 1728 162 1800 quibus
186 1733 292 1783 nutam
319 1730 468 1798 puritatem
492 1730 537 1783 lex
561 1729 705 1801 exigebat,
729 1730 891 1801 probrosum
917 1736 1020 1790 festam
1041 1733 1134 1801 fieret,
1167 1733 1302 1804 quaedam
1333 1749 1393 1788 esse
1418 1732 1584 1802 depravata,
1614 1731 1751 1802 quaedam

59 1832 116 1870 non
141 1820 202 1870 erat
224 1815 253 1868 in
280 1815 478 1870 consuetudine
497 1816 638 1887 conjugali
655 1818 762 1879 vivere,
788 1824 891 1887 quanto
919 1820 1108 1891 supposititia,
1136 1819 1272 1890 quaedam
1296 1819 1332 1873 ad
1356 1826 1512 1889 temporum
1529 1818 1639 1872 illorum
1658 1817 1751 1871 condi·

57 1900 150 1955 minus
177 1918 212 1955 ea
230 1901 432 1956 contaminabit
449 1901 587 1956 ministros
607 1902 739 1957 ecclesias
758 1903 787 1957 in
804 1902 839 1960 N.
857 1902 890 1959 'tt
920 1908 1022 1962 tionem
1041 1914 1153 1976 aptata,
1181 1906 1317 1977 quaedam
1341 1920 1375 1958 ex
1395 1904 1523 1958 humanis
1541 1903 1750 1974 praesumtioni·

58 1989 95 2043 de
119 1987 221 2057 quibus
249 2004 376 2057 expresse
401 1989 542 2058 apostolus
562 1988 644 2056 dicit,
668 1989 799 2043 constitui
816 2006 891 2059 pres·
918 1994 971 2048 bus
989 2001 1018 2048 et
1029 1993 1184 2048 seculorum
1195 1993 1311 2047 istorum
1325 1991 1463 2046 erroribus
1476 1998 1536 2046 orta
1554 2007 1588 2044 ac
1600 1990 1654 2045 Dei
1666 1989 1750 2045 verbo

58 2074 182 2146 byteros,
200 2073 224 2127 si
243 2074 305 2143 quis
324 2083 366 2129 cst
384 2074 466 2128 unius
484 2075 576 2129 uxoris
594 2075 644 2130 vir.
656 2075 688 2108 *⁴⁸
724 2075 890 2130 Invertimus
918 2079 1110 2151 repugnantia.

57 2161 145 2232 igitur
163 2160 325 2216 Bellarmini
350 2169 551 2233 argumentum.
587 2163 621 2216 In
644 2160 674 2216 V·
692 2162 725 2216 T·
752 2163 891 2217 matrimo-
953 2172 1011 2222 att.
1031 2166 1167 2222 Ultimum
1184 2169 1409 2235 argumentorum
1424 2163 1542 2217 classem
1561 2161 1675 2216 deducit
1687 2161 1751 2216 Bel·
1763 2171 1782 2213 t.
1796 2173 1829 2214 aa
1842 2184 1877 2214 rs·

58 2249 134 2302 nium
165 2249 281 2318 ejusque
309 2265 375 2301 usus
401 2265 549 2303 concessus
572 2248 627 2303 tuit
650 2248 839 2303 sacerdotibus
857 2266 890 2303 ac
916 2252 1049 2306 larminus
1064 2268 1099 2306 ex
1120 2250 1241 2305 radone:
1262 2249 1429 2319 Oonjuqium
1445 2249 1616 2302 vehementer
1633 2227 1834 2317 impeditum

58 2333 211 2390 moderatio
227 2333 361 2388 duntaxat
374 2334 455 2389 certis
471 2335 640 2404 temporibus
655 2334 793 2389 mandata
813 2335 889 2406 Ergo
917 2338 1107 2392 ecclesiastiea
1123 2353 1248 2390 munera.
1283 2337 1363 2402 Erpa
1380 2352 1499 2404 nemum
1514 2335 1588 2401 suit,
1611 2340 1752 2390 atmer-

57 2418 131 2474 idem
152 2419 360 2474 concedendum
378 2419 508 2475 ministris
527 2419 561 2475 N.
582 2420 616 2477 T.
637 2438 672 2476 ne
684 2421 888 2492 gravioreque
919 2425 1029 2478 dotibus
1050 2422 1183 2489 coniupia
1200 2421 1424 2490 prolaberentur.
1459 2422 1637 2475 Antecsdens
1648 2422 1751 2490 proba

58 2503 122 2560 dam
158 2514 317 2575 premantur
349 2506 421 2576 jugo
459 2522 542 2576 quam
577 2506 613 2562 V.
650 2506 682 2560 Τ.
723 2508 889 2561 sacerdotes.
918 2519 971 2564 tur.
1001 2509 1266 2562 Ecclesiastieorum
1277 2513 1467 2560 munnamnt
1478 2505 1648 2574 misicone,
1661 2522 1753 2570 orare,

57 2591 127 2648 ⁴³1.
148 2590 255 2645 Nullibi
279 2591 308 2645 in
335 2598 395 2646 tota
418 2592 480 2662 legs
498 2591 621 2646 Mosaios
638 2593 808 2648 consuetudo
825 2610 889 2649 con·
917 2598 1033 2664 doces,
1051 2594 1207 2658 exhortari,
1230 2600 1409 2646 armamento
1434 2591 1595 2645 ministrare
1614 2599 1640 2646 et
1656 2608 1753 2645 curam

57 2677 162 2749 jugalis
180 2677 299 2732 refertur
315 2677 386 2733 inter
403 2694 447 2731 res
467 2678 640 2743 immundas,
668 2685 781 2748 propter
806 2697 889 2751 quam
913 2698 1073 2750 puerperam
1092 2696 1199 2748 perere.
1236 2680 1275 2732 At
1290 2679 1498 2732 matrimonium
1515 2676 1634 2744 impedit
1651 2681 1675 2732 1.
1694 2695 1752 2730 mu·

57 2781 76 2821 a
103 2763 190 2818 sacris
220 2763 357 2818 abstinere
387 2763 541 2818 conveniat.
583 2769 608 2820 2.
636 2763 741 2819 Variae
768 2767 890 2820 rationes
920 2787 972 2822 nus
995 2767 1196 2836 sacrificandi,
1227 2767 1295 2837 quia
1316 2783 1423 2819 mmma
1443 2766 1581 2834 quaedam
1595 2765 1710 2832 paritas
1727 2772 1753 2818 st

58 2849 299 2906 contaminationis
335 2866 353 2903 a
391 2849 553 2904 mulieribus
590 2851 738 2905 traduntur
768 2851 797 2905 in
828 2851 891 2923 lege
918 2855 1054 2909 sanctitas
1079 2855 1110 2906 in
1136 2871 1167 2908 eo
1190 2853 1357 2922 requiritur,
1386 2851 1416 2903 in
1441 2858 1505 2903 aare
1530 2865 1596 2903 nero
1626 2849 1755 2919 conjnpis'

59 2936 182 3007 Moysis,
217 2944 311 3006 utpote
335 2937 364 2990 in
389 2936 550 3007 puerperio,
587 2937 616 2990 in
643 2936 719 2991 fluxu
750 2939 892 3009 menstrui,
919 2942 1020 3010 negari
1038 2958 1095 2994 non
1109 2947 1218 3009 potest,
1243 2939 1312 3007 quin
1334 2938 1463 2991 admista
1487 2938 1525 2989 sit
1544 2938 1683 3004 quaedam
1700 2937 1751 2990 im·

60 3022 204 3094 sanguinis
223 3029 275 3078 etc.
312 3027 336 3078 3.
354 3023 459 3077 Fluxus
483 3023 661 3093 purulentus,
688 3022 786 3078 effusio
812 3024 891 3078 semi·
915 3028 1030 3096 puritas
1051 3035 1078 3080 et
1092 3013 1224 3094 pdltutio,
1242 3042 1298 3078 non
1314 3031 1540 3093 quaspeccatum
1553 3024 1598 3088 sit,
1615 3025 1667 3076 sed
1681 3039 1752 3090 quae

61 3109 105 3163 nis
128 3109 272 3178 inopinata
298 3109 454 3163 immundos
482 3109 636 3164 reddebant
660 3109 733 3165 viros
751 3128 837 3182 nsque
855 3112 891 3165 ad
919 3131 952 3168 en
971 3121 1089 3182 peccato
1117 3121 1208 3165 tamen
1230 3119 1309 3168 nata.
1352 3113 1379 3164 2.
1407 3109 1538 3163 Studium
1564 3108 1701 3162 motionis
1726 3117 1752 3162 et

61 3212 220 3265 vesperam,
251 3212 302 3250 nec
329 3202 422 3250 tamen
438 3195 599 3250 Pontificios
624 3212 642 3249 a
665 3197 819 3250 sacerdotio
847 3198 891 3252 rel
919 3199 1062 3263 lectionis,
1095 3200 1126 3251 tn
1152 3215 1206 3266 qno
1229 3198 1362 3250 sacerdos
1387 3195 1502 3249 assidue
1530 3195 1642 3247 occari
1665 3196 1752 3248 debet·

61 3282 178 3337 eeclesia
197 3287 300 3336 arcent
343 3288 367 3336 t.
388 3282 540 3336 Contactus
561 3281 704 3336 cadaveris
723 3282 891 3337 contamina·
921 3288 1019 3341 Oratio
1038 3285 1110 3339 enim
1126 3284 1247 3353 requirit
1265 3282 1537 3348 mentemeteoatam,
1552 3289 1706 3348 pus-potam
1727 3288 1754 3333 et

61 3369 119 3425 bat.
138 3374 166 3424 et
183 3376 275 3422 tamen
294 3367 417 3423 officium
438 3368 553 3422 curandi
569 3367 668 3421 funera
687 3367 723 3421 ab
734 3366 891 3437 Epiphanio
920 3371 1122 3440 tranquillum,
1149 3372 1201 3423 sed
1229 3376 1308 3423 actrrs
1341 3368 1468 3438 conjugii
1496 3369 1614 3420 manime
1646 3367 1754 3421 iebant

62 3461 90 3511 ct
109 3455 281 3525 Hieronymo
299 3454 419 3509 refertur
436 3455 507 3511 inter
527 3471 620 3510 sacros
638 3454 797 3510 ordines.**
921 3460 1009 3513 aciem
1036 3458 1181 3511 mentiret
1208 3455 1340 3525 deprimit
1365 3457 1408 3507 aet
1424 3454 1564 3516 inferiora
1589 3461 1615 3507 st
1632 3455 1754 3506 animam

97 3546 155 3597 353.
175 3542 298 3596 Alteram
320 3548 544 3613 argumentorum
569 3540 684 3595 classem
702 3539 816 3594 deducit
828 3539 892 3594 Bel·
919 3547 1011 3616 ipsam
1029 3545 1236 3613 qrsodnmmodo
1255 3541 1400 3594 camalam
1417 3540 1499 3604 sarit.
1539 3541 1566 3592 3.
1584 3539 1755 3606 Efficaciam

10 3683 14 3695 ‚
61 3628 193 3683 lsrminus
212 3645 245 3682 ex
264 3628 400 3696 conciliis,
418 3625 580 3698 pontificum
600 3626 732 3689 decretis,
746 3627 892 3697 imperato·
918 3630 1158 3700 praedicationes5
1178 3629 1316 3697 quomodo
1336 3627 1409 3679 enim
1426 3627 1582 3690 efficaciter
1601 3626 1755 3680 exhortabi-

60 3732 122 3770 rum
148 3713 288 3783 rescriptis
316 3731 349 3768 ac
379 3722 489 3785 patrum
516 3712 678 3767 testimoniis
703 3717 732 3766 et
750 3712 890 3783 exemplis.
918 3726 964 3771 tur
982 3717 1106 3784 sirpines
1123 3724 1151 3770 et
1168 3717 1284 3777 uiduae,
1310 3714 1360 3782 qui
1376 3713 1472 3766 leberti
1487 3721 1623 3781 perpetuo
1641 3729 1757 3781 operam

59 3801 280 3871 Respondemus:
301 3801 337 3854 de
355 3801 409 3856 illis
427 3800 456 3855 in
476 3799 568 3871 specie
587 3806 615 3854 et
626 3799 769 3870 sigillatim
789 3806 893 3854 tractat
919 3806 990 3858 dett
1008 3807 1032 3856 t.
1054 3805 1156 3856 Curam
1170 3801 1364 3871 pastoralem,·
1392 3817 1458 3853 nom
1477 3799 1527 3869 qui
1544 3815 1659 3852 uxorem
1677 3807 1704 3851 et
1721 3799 1756 3852 ls'-

59 3888 95 3943 D.
116 3886 292 3942 Chemnicius
320 3893 390 3957 part.
423 3892 447 3942 3.
468 3885 583 3942 examin.
615 3885 644 3939 in
670 3900 730 3955 cap.
758 3885 793 3940 ds
811 3887 892 3941 coeli·
919 3891 999 3943 beros
1017 3889 1107 3950 tabet
1126 3890 1162 3941 de
1177 3887 1239 3941 iltis
1256 3904 1365 3956 semper
1385 3887 1490 3952 cespitat
1509 3892 1535 3939 et
1555 3887 1680 3955 affectus,
1698 3902 1752 3953 quo

60 3975 127 4031 batn
145 3974 329 4037 sacerdotnm,
349 3990 431 4043 quern
449 3976 600 4026 tractmum
616 3987 634 4024 a
659 3987 689 4026 sc
712 3970 835 4025 nondum
852 3972 892 4025 vi·
920 3993 983 4030 ores
1001 3992 1069 4028 suas
1083 3975 1221 4045 prosequi
1238 3974 1361 4038 minet,
1389 3973 1419 4025 in
1438 3989 1525 4026 unere
1547 3979 1574 4025 et
1597 3971 1665 4033 titiis
1681 3979 1755 4024 totus

59 4078 120 4115 sum
141 4059 325 4114 Bellarminus
345 4056 451 4124 asserit,
470 4057 511 4112 uti
530 4058 614 4112 ctiam
632 4055 782 4111 Mornaeus
799 4056 848 4112 lib.
866 4064 891 4114 2.
919 4063 1099 4117 consumitur.
1138 4064 1164 4115 5.
1185 4060 1288 4114 Curam
1308 4076 1465 4128 pauperum
1492 4066 1519 4112 et
1536 4057 1753 4126 hospitalitatem
1804 4046 1812 4061 ⁸

60 4146 95 4203 de
112 4146 204 4200 sacris.
224 4146 321 4201 missae
341 4161 402 4215 cap.
425 4150 465 4200 10.
482 4160 510 4212 p.
528 4148 587 4200 619.
623 4142 656 4197 Ιιι
676 4159 778 4213 genere
800 4160 891 4198 mone·
919 4166 954 4201 ae
973 4147 1179 4216 benignitatem.
1203 4147 1279 4199 Nam
1299 4146 1348 4214 qui
1364 4162 1479 4199 usar-em
1499 4153 1525 4197 et
1542 4144 1645 4196 liberos
1663 4142 1753 4204 trabe,

59 4250 120 4287 mus
144 4239 166 4289 1.
185 4232 220 4286 de
240 4232 283 4286 his
302 4231 428 4286 omnibus
446 4247 480 4284 ex
493 4229 638 4299 Scriptura
655 4228 813 4283 iaciendum
831 4245 892 4283 esse
921 4235 1000 4287 debet
1017 4233 1057 4286 eis
1077 4232 1274 4300 thesaurisare,
1291 4239 1317 4284 et
1330 4250 1399 4285 raro
1412 4231 1588 4285 inveniuntur
1600 4228 1756 4296 ooniupats,

56 4319 208 4391 judicium,
234 4324 266 4371 at
285 4335 334 4371 suo
354 4315 415 4370 loco
432 4316 574 4372 evidenter
593 4316 648 4370 fuit
665 4315 891 4371 demonstratum.
920 4320 969 4389 qai
987 4320 1159 4388 superfluum
1177 4319 1304 4371 labeant.
1343 4319 1429 4371 Adde
1455 4317 1531 4385 quod
1557 4331 1617 4367 cum
1636 4315 1755 4368 ctericus

60 4411 85 4461 2.
103 4405 132 4462 Si
151 4404 195 4458 vel
216 4403 331 4458 maxime
349 4401 524 4457 sacerdotum
541 4401 695 4456 coelibatus
714 4399 892 4456 conciliorum
918 4424 973 4460 non
991 4406 1081 4475 possit
1097 4407 1157 4459 suis
1175 4406 1334 4475 relinquere
1352 4405 1493 4470 teneriora,
1512 4411 1537 4456 et
1555 4411 1648 4455 tamen
1666 4404 1755 4455 omnis

62 4490 178 4545 decretis
197 4496 225 4544 et
243 4496 352 4560 patrum
366 4486 529 4542 testimoniis
542 4487 681 4542 stabilitus
698 4494 778 4551 esset,
798 4495 891 4541 tamen
917 4502 1003 4561 pater
1020 4492 1118 4561 capiat
1138 4493 1203 4547 bene
1216 4500 1398 4562 prospectum
1409 4490 1482 4559 filiis
1499 4489 1574 4556 suis,
1592 4497 1755 4556 eoperenmr

62 4576 251 4630 ecelesiastica
279 4576 403 4644 modam
425 4573 487 4639 laps
512 4572 647 4629 duntaxat
669 4574 817 4641 niteretur,
844 4590 892 4628 ne·
920 4596 979 4633 esse
995 4578 1160 4632 ocarmsimi
1181 4587 1209 4632 et
1234 4581 1354 4632 rendere
1381 4582 1568 4630 sacramento.
1605 4578 1632 4633 d.
1650 4575 1754 4630 Sacra·

61 4678 199 4734 quaquam
218 4679 282 4716 vero
294 4663 363 4731 jure
383 4659 478 4713 diuino
492 4659 742 4728 velapostolorum
759 4661 893 4730 instituto,
919 4674 1072 4720 mentorum
1090 4664 1377 4726 administrationem,¹
1401 4669 1465 4714 tune
1491 4662 1563 4715 enim
1586 4663 1633 4715 oie
1656 4662 1754 4715 diann-

10 4752 47 4796 nt.
59 4749 176 4820 proinde
204 4766 266 4802 cum
295 4745 499 4802 constitutionis
528 4744 612 4815 hujus
636 4747 810 4803 incommoda
838 4748 894 4802 sint
918 4758 1070 4819 querentur
1088 4749 1186 4803 clerici
1201 4766 1219 4802 a
1236 4748 1318 4801 taics's
1336 4755 1364 4801 et
1382 4754 1454 4800 esset
1471 4747 1544 4799 sisset
1559 4748 1699 4817 populus,
1715 4748 1756 4799 sie

61 4835 215 4899 manifesta,
231 4850 294 4888 cum
312 4834 410 4888 Aenea
429 4831 536 4904 Sylvio‚
554 4830 675 4904 Georgio
694 4832 850 4889 Cassandro
866 4841 894 4890 st
919 4838 1061 4893 sacerdos.
1093 4837 1167 4889 Inde
1185 4851 1247 4888 rum
1269 4841 1392 4901 tempore
1418 4832 1556 4902 Greqorii
1579 4835 1644 4888 ΠΙ.
1664 4850 1756 4887 eccer-

62 4929 169 4976 oratore
189 4919 324 4975 Bavarico
343 4918 582 4986 concludendum,
607 4919 682 4988 quod
707 4920 799 4990 legem
816 4915 999 4997 illamidotes
1026 4923 1057 4974 in
1084 4920 1239 4975 Germania
1259 4919 1414 4987 commeent
1430 4936 1531 4972 umores
1550 4922 1667 4987 ducere,
1694 4927 1755 4973 tan·

61 5007 136 5062 hisce
155 5007 297 5061 hominum
316 5006 439 5060 moribus
458 5021 491 5059 ac
508 5003 680 5074 temporibus
697 5004 810 5062 abolere
828 5022 892 5061 con·
905 5006 908 5019 '
920 5016 964 5062 tus
984 5016 1135 5061 eomemtns
1151 5013 1388 5060 armamentorum
1404 5014 1516 5059 secutur
1536 5014 1585 5069 set,
1600 5014 1632 5058 ut
1645 5008 1756 5074 passim

60 5094 162 5149 veniat
198 5094 260 5160 Quo
278 5094 398 5163 pertinet
419 5093 469 5149 illa
485 5091 584 5164 regula
602 5089 743 5147 Gratiani:
774 5093 893 5156 Qando
919 5094 991 5148 laici
1007 5100 1186 5148 samamenta
1203 5092 1436 5146 administrarent
1453 5093 1592 5156 referente
1603 5093 1754 5146 Nauetero.

60 5189 192 5234 statutum
210 5181 534 5252 als’quodnonamptius
548 5179 688 5247 aeds'ficat,
703 5180 755 5232 sed
765 5176 1131 5250 destruit,¹Respondemus
1169 5179 1290 5249 primum
1315 5179 1344 5232 in
1377 5195 1487 5250 genere
1532 5185 1553 5232 l.
1581 5178 1756 5248 Argumenta

59 5286 115 5321 non
133 5276 172 5321 est
191 5267 288 5335 ripidc
300 5273 327 5317 st
341 5268 519 5323 inclementer
538 5267 756 5334 defendendum,
776 5268 828 5321 ssd
836 5284 892 5334 pro
905 5242 908 5331 i
921 5266 990 5322 haec
1008 5271 1058 5322 aut
1074 5264 1213 5333 efficiunt,
1239 5264 1396 5320 sacerdotes
1413 5265 1575 5335 conjugatos
1600 5265 1682 5333 plane
1699 5282 1754 5319 non

58 5354 168 5408 ratione
191 5350 399 5415 aedificationis
423 5355 556 5409 makmas
580 5353 751 5407 mutandum.
788 5357 811 5408 3.
837 5346 1002 5423 Pro'posse
1020 5350 1184 5420 sacrificare,
1202 5351 1294 5406 studio
1313 5351 1444 5406 credonis
1463 5367 1497 5405 ac
1512 5350 1638 5405 lectionis
1649 5351 1754 5405 incum-
