4020 6014
246 229 308 289 tet
817 215 940 277 mous
958 213 1163 282 VIOESIMUS
1179 160 1359 282 QUARTUS

246 374 357 429 nullum
371 372 452 441 facit
467 372 618 442 injuriam,
642 372 732 427 utitur
750 379 842 429 sums
854 373 925 441 jure
941 389 1005 439 esso,
1030 369 1079 440 qui
1105 369 1176 428 Nor.
1196 377 1238 429 86.
1257 389 1282 430 e.
1303 380 1326 430 1.
1345 372 1408 432 Nor
1442 377 1504 431 12³..
1517 371 1587 431 Nos.
1612 376 1657 431 22.
1674 371 1705 428 iu
1721 370 1817 442 prime·
1835 373 1945 429 atuh

247 460 328 528 eiipit
346 467 461 527 statues,
489 476 568 528 quens
595 458 651 513 sibi
677 460 767 529 napis
791 460 996 514 conuertentem
1019 473 1080 512 esse
1105 475 1228 528 prooem.
1247 459 1329 516 edict.
1350 459 1454 517 Justiu.
1481 459 1524 514 ad
1545 457 1692 530 archiepis.
1716 464 1746 513 et
1770 455 1944 529 patriarchas

247 554 346 614 censet,
364 546 490 615 quaneh
502 563 562 615 per
582 546 713 617 accidens
732 553 880 615 sequuur,
900 551 930 598 ut
943 544 1080 616 princeps
1108 544 1202 615 script.
1221 545 1368 616 exquibus
1379 550 1497 612 constet,
1513 545 1705 603 Justinisnum
1718 544 1789 600 lieet
1800 541 1942 614 episeopis

246 632 359 686 subdito
379 649 429 685 suo
443 631 592 699 privetur.
616 633 691 686 Num
702 633 756 686 etri
767 633 829 702 quis
836 633 920 701 justu
938 631 975 684 de
992 645 1080 689 causa
1105 629 1280 687 ardunum
1291 631 1466 701 conuenerit,
1484 638 1577 688 tanim
1595 630 1783 702 counitiossrn
1802 637 1831 683 st
1845 629 1942 698 uppal-

248 718 419 772 domicilium
436 735 516 771 euum
533 718 563 770 in
581 717 671 771 aliam
689 717 830 772 eioitmen
846 717 889 771 oct
904 715 1080 789 prouinciam
1105 717 1241 770 lationem
1260 735 1416 789 supremam
1434 717 1487 773 sibi
1514 734 1677 774 reservasse
1713 717 1873 786 Imperator
1889 714 1942 771 Vs·

248 805 414 869 traruferat,
429 804 538 857 desinet
554 804 683 857 meuses
693 820 752 858 esse
768 804 864 873 priori
875 802 1013 876 principi,
1031 819 1081 855 nso
1108 802 1276 858 lentiniauus
1290 803 1323 858 -in
1340 804 1420 875 epist.
1439 805 1476 860 sd
1487 803 1633 875 episcopos
1648 804 1742 868 Asina
1761 818 1849 874 quam
1862 800 1944 858 ress
1953 798 1998 840 ΧΠ·

248 898 340 944 tumen
364 890 501 958 injuriam
526 889 574 944 illi
593 889 697 953 secuse
726 890 877 944 videbitur.
921 887 1081 960 Responde·
1106 887 1363 946 Theodoreuntu
1381 889 1444 946 hist
1459 906 1485 947 e.
1505 896 1528 947 t.
1545 890 1651 959 scribit,
1673 889 1944 960 probosepisoopos

156 990 158 995 ’
247 993 323 1032 mus:
342 983 384 1030 est
397 975 584 1047 dispensatio,
603 976 651 1046 qui
670 975 840 1031 domicilium
853 993 933 1030 suum
952 975 983 1030 in
999 974 1081 1028 aliam
1109 992 1165 1028 non
1191 976 1281 1030 solum
1308 976 1379 1043 Dei,
1405 978 1459 1030 sed
1484 977 1569 1031 stiam
1590 994 1688 1045 rapum
1710 975 1821 1046 lepibrss
1847 974 1944 1030 oue*

180 1061 184 1071 ’
247 1062 387 1117 civitatem
412 1062 457 1117 vel
480 1062 651 1133 provinciam
676 1061 825 1130 transfert,
852 1062 875 1116 is
902 1060 1003 1116 desinit
1020 1074 1082 1114 esse
1104 1079 1218 1133 perure.
1264 1060 1335 1116 Inde
1360 1062 1545 1120 Ferrarieusis
1570 1063 1600 1118 in
1620 1064 1702 1119 torm.
1726 1062 1790 1119 libr.
1819 1066 1845 1118 8.
1873 1060 1945 1118 sont.

246 1166 312 1219 pars
331 1165 364 1202 ac
378 1148 446 1202 civis
458 1148 557 1217 prieris
578 1147 764 1218 reipublicae;
785 1148 834 1202 sed
856 1147 950 1203 clerici
966 1147 1081 1216 papales
1109 1146 1146 1216 gl.
1168 1153 1192 1202 7.
1210 1146 1286 1203 verb.
1304 1148 1415 1219 plenam
1439 1155 1468 1205 et
1485 1149 1670 1205 omnimodam
1687 1166 1734 1205 nu.
1748 1153 1828 1205 ser
1847 1147 1944 1218 ,Innec

245 1233 613 1305 esbypothesiBellarmini
632 1234 812 1289 nihilominus
830 1233 1000 1288 voluntesse
1019 1249 1080 1303 par·
1110 1233 1282 1287 naturaliter
1310 1241 1337 1287 et
1367 1252 1387 1288 a
1413 1235 1557 1307 principio
1588 1237 1688 1290 mundi
1708 1251 1806 1290 ausser
1827 1234 1944 1289 surm·

244 1326 288 1396 tes
319 1336 351 1375 ac
370 1320 444 1374 cives
468 1320 647 1390 reipublicae,
674 1337 692 1373 a
721 1320 803 1390 cujus
831 1319 1025 1389 jurisdictione
1052 1333 1082 1372 se
1108 1320 1198 1391 fuisse
1221 1320 1273 1373 suh
1288 1320 1491 1389 jurisdictione
1524 1329 1551 1376 st
1568 1329 1711 1391 potestate
1734 1322 1944 1392 inpurum

246 1413 366 1462 exemtus
386 1422 446 1460 esse
464 1411 604 1475 statuunt;
625 1405 667 1459 illi
683 1412 712 1461 et
739 1405 869 1461 oneribus
895 1411 924 1460 et
941 1403 1082 1460 beneficiis
1110 1405 1260 1459 dulcedine
1277 1413 1369 1460 erstem
1386 1414 1413 1460 et
1431 1407 1601 1475 tenipnitats
1621 1408 1829 1477 imperatorum
1849 1407 1944 1461 distre

246 1492 419 1557 reipublicae
435 1491 492 1546 frui
512 1492 650 1559 desinunt,
674 1491 704 1546 hi
721 1492 832 1562 rejectis
850 1491 980 1548 maribus
999 1490 1082 1546 bene·
1109 1507 1155 1544 sos
1180 1491 1232 1544 sut
1244 1497 1413 1560 potestaten
1436 1509 1546 1562 pupas,
1575 1494 1652 1561 quod
1673 1493 1839 1562 beneficium
1854 1493 1891 1560 ii,
1915 1498 1945 1544 ut

246 1578 310 1633 ficia
325 1584 434 1633 tantum
447 1578 682 1647 sihi-vendicant,
702 1577 812 1633 illorum
835 1578 1003 1633 renuntiatio
1022 1577 1080 1649 pls·
1109 1576 1224 1646 inprati,
1243 1578 1317 1632 mule
1330 1585 1494 1647 uanescunt,
1513 1577 1620 1634 assent
1648 1576 1728 1632 Idem
1747 1578 1778 1632 in
1794 1577 1880 1633 form.
1898 1576 1943 1631 lib.

245 1680 353 1737 runque
371 1664 404 1720 fit
422 1682 498 1720 cum.
514 1680 651 1720 consensu
668 1664 847 1736 magistratus
877 1671 992 1721 etcum
1015 1680 1081 1735 quo·
1110 1679 1165 1731 quo
1192 1662 1252 1734 agit
1278 1679 1312 1718 ox
1326 1662 1447 1719 substit
1471 1663 1556 1735 gloss
1579 1670 1604 1720 9.
1630 1680 1735 1718 numer.
1765 1669 1792 1719 4.
1816 1668 1848 1719 et
1870 1679 1944 1734 seqq.

246 1752 312 1806 dam
329 1767 412 1807 onere
430 1752 585 1806 secundum
611 1751 746 1821 cujusque
771 1750 825 1806 loci
845 1750 1080 1816 consuetudinem,
1110 1753 1190 1818 optat
1207 1749 1416 1818 imperatorem,
1436 1750 1487 1819 qui
1504 1751 1616 1804 cumeis
1628 1749 1866 1818 jurisdictionem
1883 1768 1942 1805 eos·

246 1841 279 1890 nt
296 1836 423 1891 nimirum
443 1838 479 1891 de
499 1835 578 1893 bonis
596 1835 654 1889 suis
670 1835 776 1906 aliquid
796 1835 971 1906 magistratui
989 1835 1080 1906 pensi·
1108 1851 1213 1888 cusum
1228 1835 1347 1899 adimet,
1370 1843 1397 1888 et
1415 1836 1513 1889 ds'cant
1530 1853 1637 1905 omnes,
1670 1836 1741 1890 star
1759 1837 1873 1905 pasin
1888 1838 1943 1891 ru-

245 1927 321 1991 tent,
348 1923 423 1993 quod
442 1928 544 1978 vocant
562 1922 710 1991 nedicunt
729 1922 882 1991 enititbten,
899 1920 928 1975 hi
948 1938 1013 1977 vero
1030 1938 1081 1992 pro
1108 1929 1165 1974 rurs
1183 1928 1232 1974 tue
1250 1929 1276 1974 et
1296 1922 1473 1976 ubmdantia
1489 1922 1520 1976 in
1545 1922 1669 1975 turribiis
1686 1923 1750 1978 tuis.
1788 1921 1827 1977 Et
1844 1921 1944 1978 clsn‘m

245 2009 329 2063 libitu
346 2010 429 2064 etiam
448 2008 542 2063 inritis
559 2008 768 2079 magistratibus
780 2007 933 2079 plenariam
951 2007 1080 2062 eremtio
1109 2006 1138 2061 in
1157 2006 1236 2061 form.
1249 2024 1320 2077 resp.
1334 2008 1375 2063 rei
1387 2013 1512 2063 convent
1532 2008 1570 2079 gl.
1590 2014 1615 2065 7.
1632 2025 1706 2062 num.
1722 2013 1762 2064 1³.
1780 2013 1812 2064 et
1829 2026 1944 2081 sequen·

180 2112 185 2123 ’
225 2103 227 2107 ’
245 2114 310 2151 nem
327 2096 381 2150 sibi
393 2095 551 2150 vendicant.
566 2112 590 2149 c
609 2100 651 2149 31.
668 2101 742 2151 cont.
760 2094 851 2149 Barcl.
864 2093 945 2148 aliter
963 2093 1081 2162 excipit:
1108 2094 1157 2149 tib.
1194 2094 1323 2158 Quinimo
1342 2099 1465 2163 constat,
1488 2112 1522 2150 er
1544 2094 1605 2164 ipso
1620 2095 1684 2164 jure
1702 2094 1839 2151 camnine
1859 2096 1942 2168 impe

249 2182 328 2236 Sicut
351 2199 403 2236 rex
425 2169 563 2235 irrsbtrulsit
590 2181 686 2234 comati
712 2180 853 2233 subditum
878 2195 992 2248 eumque
1018 2197 1081 2233 con-
1110 2187 1227 2236 iuturus¹
1242 2179 1307 2235 olim
1330 2179 1463 2235 habuisse
1486 2185 1653 2250 potestatem
1680 2180 1831 2236 co'e'rcendi
1855 2182 1942 2251 punti-

177 2260 179 2265 ’
247 2269 365 2322 stitusne
384 2268 545 2337 principem
557 2266 759 2334 jurisdictione
777 2265 887 2319 comnis
906 2266 1017 2331 enimin
1040 2263 1081 2316 ita
1108 2263 1174 2319 fices
1194 2282 1228 2320 ao
1244 2266 1371 2333 clericos,
1398 2272 1430 2320 nt
1445 2265 1547 2336 probat
1567 2266 1691 2323 Jacobns
1708 2283 1758 2322 rex
1779 2266 1943 2324 Britanniae

243 2370 326 2424 popu
356 2355 398 2407 ad
421 2353 552 2407 altiorem
575 2353 697 2420 pradum
722 2352 859 2406 metendo
883 2350 975 2405 lassos
989 2357 1083 2421 potest
1109 2351 1138 2405 in
1156 2351 1275 2422 praelat.
1287 2352 1413 2409 monitor.
1427 2352 1464 2407 sd
1477 2352 1616 2423 principes
1627 2351 1810 2423 Christianos,
1829 2355 1944 2410 eteires

247 2457 295 2493 sos
314 2441 435 2493 ecimers
448 2438 653 2507 ¹jurisdictione
671 2438 839 2507 temporali,·
866 2437 941 2492 idem
960 2435 1083 2491 declarat
1110 2437 1210 2494 Veneti
1224 2438 1342 2508 in-resp.
1361 2436 1397 2492 sd
1414 2439 1580 2508 paraenesin
1598 2438 1712 2494 Bsronii
1734 2439 1829 2511 ipsum
1852 2441 1944 2496 remit·

247 2525 389 2595 exemplis,
414 2527 492 2594 quod
510 2525 612 2578 mulier
632 2523 920 2577 sonemulr'bsretur
940 2523 978 2576 ab
996 2524 1083 2593 impe·
1109 2529 1174 2578 tunt
1191 2522 1227 2578 sd
1243 2529 1348 2578 tomum
1368 2530 1394 2579 7.
1412 2524 1505 2579 annal.
1523 2541 1587 2580 ann.
1606 2530 1662 2580 5561
1681 2522 1709 2601 ξ.
1727 2532 1752 2581 5.
1782 2527 1828 2581 Ae
1843 2531 1945 2583 testam

175 2622 177 2627 ’
247 2612 292 2665 rio
315 2611 415 2664 mariti
439 2609 577 2677 infidelis,
600 2611 678 2678 quod
701 2617 795 2663 uotum
823 2611 916 2665 soluat
938 2610 1082 2682 premiere
1109 2617 1156 2665 tur
1172 2610 1317 2680 historiae,
1345 2608 1516 2666 Christianos
1536 2611 1717 2683 imperatores
1740 2613 1857 2683 saepius
1870 2613 1945 2685 judi-

148 2706 159 2770 s
244 2696 476 2764 mammonialia,
498 2698 575 2764 quod
593 2695 670 2759 filius
689 2697 1083 2767 episcopuseseutpotestute
1110 2712 1188 2751 cesae
1200 2712 1233 2751 ac
1245 2696 1405 2766 deposuisse
1414 2696 1566 2767 pontifices.
1585 2696 1804 2752 Constantiusin
1817 2699 1943 2754 exsilium

242 2784 344 2853 putria
379 2789 431 2838 etc.
466 2774 694 2852 Resphndemus:
723 2782 804 2851 Papa
821 2787 938 2837 nonest
957 2782 1083 2837 dominus
1110 2782 1185 2837 misit
1203 2781 1355 2850 Liberium,
1379 2781 1562 2836 erins‘anus
1580 2781 1754 2853 Sylverium,
1775 2787 1841 2840 Otto
1859 2786 1883 2842 1.
1897 2787 1945 2842 du

246 2886 359 2940 regum,
381 2875 413 2922 ut
436 2884 483 2922 rex
509 2873 552 2922 est
574 2867 702 2922 dominus
725 2866 848 2933 comitis,
874 2867 1002 2937 exempla
1018 2875 1084 2924 sunt
1108 2868 1228 2924 hannem
1240 2868 1307 2923 XII.
1326 2868 1456 2939 deposuit
1466 2874 1495 2923 et
1505 2868 1535 2922 in
1551 2868 1612 2938 ejus
1623 2869 1715 2925 locum
1726 2868 1853 2928 Leonem
1866 2872 1944 2928 vm

247 2955 349 3025 partlm
378 2954 465 3022 falsa,
495 2953 597 3024 partim
629 2953 790 3008 Bellarmini
822 2970 907 3024 scopo
936 2954 1082 3010 contraria.
1108 2954 1262 3020 substituit,
1282 2953 1423 3008 Henrious
1440 2954 1501 3008 ΙΙΙ.
1520 2952 1688 3026 Gregorium
1698 2955 1748 3012 VI.
1768 2957 1900 3028 deposuit
1915 2964 1944 3014 st

248 3040 488 3106 Quemadmodum
516 3039 588 3094 enim
608 3039 707 3095 mulier
725 3038 817 3094 fidelis
842 3057 897 3094 non
915 3040 1083 3096 liberatura
1110 3039 1279 3096 Clementem
1296 3038 1334 3093 11.
1355 3038 1476 3094 ordinari
1492 3039 1585 3109 jussit
1627 3041 1783 3097 Athanasio
1801 3043 1839 3099 de
1858 3052 1945 3100 morte

249 3126 361 3180 vinculo
379 3125 529 3196 conjugali,
548 3141 603 3195 quo
616 3126 717 3179 marito
737 3125 841 3180 infideli
855 3125 990 3182 obstricta
1006 3133 1082 3183 tene·
1109 3126 1219 3181 Arsenii
1235 3129 1366 3181 monaste
1380 3123 1562 3179 Constantius
1572 3125 1721 3196 imperntor
1728 3127 1841 3197 judiees
1860 3129 1943 3199 dedit,

247 3218 301 3281 tur,
325 3219 347 3268 1.
368 3210 430 3266 Cor.
449 3218 479 3280 7,
506 3228 532 3265 v.
555 3216 594 3266 12.
621 3211 671 3265 sed
694 3211 724 3264 in
750 3228 836 3266 causa
854 3212 995 3285 religIonis
1014 3214 1082 3268 dun-
1109 3212 1237 3268 Socrates
1253 3212 1312 3268 libr.
1336 3219 1357 3268 1.
1377 3228 1438 3281 cap.
1459 3217 1500 3268 20.
1519 3213 1696 3266 Aurelianus
1712 3213 1833 3270 Paulum
1851 3214 1944 3271 Ssmo·

247 3290 325 3354 taxat
343 3298 379 3352 ab
399 3296 558 3351 obedientia
575 3295 710 3352 liberatur
717 3319 725 3362 ,·
755 3297 795 3351 sic
814 3297 931 3353 clericus
951 3316 1008 3354 non
1026 3301 1081 3354 exi·
1109 3305 1236 3353 aetenum
1271 3299 1403 3362 removit3
1447 3297 1532 3369 legati
1575 3296 1735 3353 Constantis
1768 3299 1943 3372 imperaturis

248 3385 335 3438 mitur
351 3399 368 3437 a
384 3382 578 3454 jurisdictione
596 3383 790 3453 magistratus,
817 3383 871 3438 nisi
890 3385 920 3438 in
937 3383 987 3455 iis,
1010 3401 1082 3457 quae
1109 3385 1281 3456 Stephanum
1304 3384 1510 3439 Antiochenam
1532 3385 1694 3456 episcopum
1718 3385 1752 3441 de
1772 3387 1800 3441 ri
1818 3387 1896 3459 publ.
1916 3394 1943 3444 et

243 3472 325 3541 juxta
342 3468 542 3540 praescriptum
561 3467 639 3522 verbi
657 3468 686 3522 in
704 3485 754 3523 suo
772 3467 863 3524 officio
881 3469 947 3540 agit
1108 3471 1126 3524 1.
1147 3471 1252 3527 Cornel.
1271 3472 1307 3526 de
1324 3470 1403 3525 sicar.
1422 3487 1500 3527 reum
1516 3478 1634 3542 egerunt
1651 3488 1684 3526 ec
1702 3471 1731 3526 in
1745 3472 1853 3542 palatio
1866 3473 1941 3528 dam-

283 3560 340 3610 418.
382 3557 409 3609 θ.
434 3555 482 3606 Eu
514 3555 715 3624 imperatorum
743 3562 856 3608 statuto.
899 3554 1082 3625 Imperatores
1108 3562 1218 3625 nerunt,
1244 3556 1434 3612 Theodoretus
1458 3556 1506 3611 lib.
1532 3572 1594 3626 cap.
1622 3562 1659 3612 11.
1699 3555 1812 3628 Excipit
1839 3559 1943 3615 Beller-

152 3628 177 3657 '⁸
248 3640 363 3696 clericos
383 3639 502 3709 politicis
526 3638 643 3711 legibus
654 3639 850 3710 subjecerunt,
869 3647 901 3695 ut
918 3648 1028 3696 constat
1048 3658 1082 3696 er
1108 3643 1199 3697 minus
1218 3643 1253 3697 de
1271 3642 1333 3697 cler.
1353 3659 1414 3713 cap.
1432 3647 1473 3697 ³0.
1488 3659 1560 3712 resp.
1581 3642 1617 3696 sd
1636 3648 1661 3698 2.
1674 3642 1749 3712 loyes
1767 3644 1839 3698 ilias
1858 3646 1942 3716 imps-

248 3725 344 3780 eodice
370 3729 398 3778 et
418 3723 584 3778 authenticis
601 3723 755 3780 iustiniani
782 3731 811 3781 et
828 3742 862 3780 ex
882 3726 1082 3796 capitularibus
1106 3738 1234 3784 rator-usn
1247 3730 1404 3797 procedere
1425 3728 1460 3781 de
1478 3729 1566 3796 facto,
1585 3746 1640 3782 non
1658 3729 1777 3797 dejure
1796 3738 1824 3784 et
1840 3731 1943 3786 toleru-

248 3809 491 3865 constitutionibus
521 3807 613 3864 Caroli
644 3811 662 3867 l.
698 3810 880 3867 Decemimus
912 3816 954 3868 26.
985 3813 1015 3869 C.
1047 3814 1082 3869 de
1108 3824 1152 3870 tus
1163 3815 1320 3884 aliquunde
1337 3813 1480 3867 asummir
1487 3814 1677 3884 pontificibus,
1689 3832 1835 3885 nunquam
1850 3825 1942 3872 autern

250 3895 333 3966 episc.
358 3902 386 3950 et
409 3894 488 3950 cler:
516 3897 709 3965 Decernimus,
731 3905 762 3950 ut
777 3898 898 3967 posthac
916 3915 1005 3969 nsque
1027 3918 1082 3953 rno-
1108 3902 1291 3974 approbatas.
1310 3899 1359 3954 lib.
1379 3905 1404 3954 2.
1423 3899 1458 3954 de
1470 3899 1550 3956 Rom.
1562 3899 1661 3969 pontii.
1682 3916 1743 3970 cap.
1755 3905 1797 3957 29.
1818 3919 1891 3974 resp.
1907 3905 1941 3959 sd

249 3981 342 4048 nacti,
375 3996 463 4048 nsque
482 3981 638 4051 quicunque
656 3982 712 4034 ulii
728 3984 917 4052 cujuscunque
932 3993 1023 4038 status
1042 3994 1083 4039 ut·
1109 3994 1135 4044 4.
1153 3987 1264 4057 excipit,
1290 3985 1360 4040 tusc
1386 3987 1500 4055 quidem
1529 3987 1610 4040 fucta
1625 3993 1691 4040 sunt
1708 3988 1750 4040 ub
1764 3988 1941 4058 imperatori·

246 4082 307 4134 ¹qua
324 4065 461 4130 fortunae
479 4066 511 4118 in
530 4067 616 4119 aedes
638 4066 835 4134 publicasset
854 4068 1081 4141 inquuscunque
1108 4076 1167 4141 bus,
1189 4075 1241 4127 sed
1264 4090 1318 4142 quo
1338 4072 1406 4141 jure
1426 4073 1483 4142 ipsi
1505 4073 1636 4128 uiderint.
1676 4072 1765 4145 Atqui
1784 4073 1863 4146 leges
1880 4075 1941 4132 illss

243 4153 314 4206 ioca
328 4151 434 4223 popuii
451 4151 638 4220 voluptatibus
655 4154 801 4216 fabricatu
815 4156 1000 4209 uenerabilem
1020 4175 1082 4211 sru-
1110 4158 1309 4216 ecclesiasticas
1328 4158 1453 4212 tulerunt
1470 4163 1499 4211 et
1514 4156 1659 4229 pontifices
1685 4157 1842 4215 haereticos
1858 4168 1942 4232 atque

249 4255 308 4292 cens
333 4245 359 4290 et
384 4244 546 4290 sanctorum
570 4245 726 4304 martyrum
747 4239 890 4306 reliquias
914 4240 1015 4295 illicito
1041 4243 1082 4296 in·
1108 4245 1207 4315 impios
1219 4245 1259 4315 pii
1273 4244 1454 4314 imperatores
1469 4243 1529 4298 loco
1541 4249 1688 4297 moverunt
1700 4246 1938 4302 consentientibus

248 4327 328 4387 serre
352 4330 484 4377 conentur
508 4328 561 4377 etc.
585 4322 651 4375 ideo
672 4323 841 4392 potientium
866 4333 892 4378 et
917 4328 1083 4381 modestiam
1108 4339 1191 4404 atque
1217 4330 1435 4401 approbantibus
1459 4330 1616 4400 praecipuis
1647 4329 1757 4385 illorum
1784 4338 1939 4403 temporum

242 4428 338 4478 suom,
357 4426 442 4478 quum
464 4409 541 4477 lepus
564 4415 686 4462 naturae
707 4415 732 4461 st
745 4409 865 4480 publica
883 4411 1039 4481 disciplina
1057 4423 1082 4468 et
1108 4417 1241 4472 ecclesiae
1258 4414 1424 4484 doctoribus,
1443 4414 1579 4484 quinimo
1597 4414 1708 4485 ipsimet
1725 4415 1873 4485 pontifices
1892 4418 1942 4473 im-

248 4497 374 4566 s'psorurn
387 4495 584 4549 monachorum
601 4511 699 4548 nomen
712 4495 843 4563 reposcit,
861 4499 986 4552 studiose
1000 4518 1081 4553 unus·
1108 4501 1282 4572 peratoribus
1310 4517 1339 4556 se
1371 4501 1512 4569 subjectos
1542 4516 1602 4555 esse
1632 4499 1751 4555 confessi
1775 4501 1891 4558 fuerunt
1914 4511 1941 4559 et

248 4580 365 4649 quisque
387 4588 444 4634 turn
469 4580 634 4648 monachus,
663 4598 748 4649 quom
770 4581 903 4651 ulterius,
935 4585 1083 4654 cujrsslibet
1108 4587 1241 4643 auxilium
1260 4587 1458 4656 imperatorum
1477 4585 1709 4655 imploraverunt,
1736 4585 1791 4642 boc
1816 4587 1879 4644 loeo
1896 4605 1941 4644 no

248 4666 369 4720 alerius
388 4665 580 4735 professionis
606 4665 735 4720 retineat.
767 4666 784 4720 l
808 4666 910 4723 Omnes
933 4675 972 4726 10.
999 4671 1030 4724 C.
1048 4671 1083 4726 de
1108 4681 1168 4729 tare
1183 4671 1315 4743 jubemus
1332 4671 1417 4726 verbs
1438 4669 1611 4732 Bellarmini‚
1636 4670 1739 4741 quibus
1756 4672 1940 4743 trepidantem

250 4751 336 4822 legib.
369 4756 398 4807 et
428 4751 537 4808 constit.
568 4751 670 4823 prino:
704 4752 806 4806 Omnes
832 4757 982 4809 secundum
1009 4757 1083 4826 lepos
1108 4776 1187 4815 suam
1200 4757 1396 4814 conscientiam
1409 4755 1503 4826 prodit
1522 4757 1570 4812 lib.
1585 4761 1608 4811 2.
1625 4757 1660 4811 de
1677 4757 1712 4812 B.
1732 4756 1765 4813 P.
1782 4774 1808 4815 c.
1828 4765 1875 4817 tt:
1898 4760 1941 4814 Ab

248 4839 358 4902 uiuam,
395 4837 506 4890 etiarnsi
539 4840 581 4891 ad
616 4838 741 4892 diuinum
775 4841 888 4893 domurn
913 4843 1084 4910 pertineant.
1110 4847 1208 4902 Ottone
1221 4846 1246 4900 Ι.
1266 4844 1337 4897 satis
1354 4849 1462 4896 constet
1475 4842 1545 4896 bono
1564 4842 1632 4910 selo,
1649 4843 1701 4896 sed
1718 4860 1776 4896 non
1791 4848 1941 4899 ssmsduns

248 4922 356 4984 Novell.
382 4929 438 4979 123.
456 4940 480 4980 c.
505 4929 546 4979 8.:
570 4924 677 4978 Nullus
695 4925 844 4994 episcopus
863 4924 967 4980 inritus
986 4929 1081 4982 traha·
1107 4931 1254 4985 scientium
1274 4929 1431 4998 depositum
1449 4944 1508 4982 esse
1527 4928 1687 4982 Jolsonnsnr
1703 4929 1776 4985 XII.
1792 4932 1854 4995 tuit
1872 4933 1942 4986 enses

248 5015 295 5061 tur
313 5009 528 5075 succederem,
544 5010 603 5061 nisi
614 5010 751 5079 princeps
763 5010 886 5079 jrsssers't
903 5013 985 5082 (quae
997 5013 1083 5069 rerba
1107 5018 1253 5071 Jotunnss
1274 5016 1326 5069 rste
1347 5014 1469 5068 omniurn
1488 5013 1656 5084 pontificum
1680 5015 1744 5078 fere
1768 5017 1941 5084 deterrimus,

249 5093 417 5163 posteriora,
448 5099 480 5148 ut
505 5099 533 5149 et
556 5093 670 5149 verbum
694 5095 811 5161 invitus,
841 5097 908 5167 quia
919 5114 1081 5167 supremam
1108 5111 1191 5172 atque
1211 5102 1276 5155 ideo
1295 5118 1352 5155 non
1370 5099 1484 5166 mirum,
1512 5100 1540 5153 si
1552 5099 1623 5168 pius
1649 5100 1823 5172 imperator,
1849 5104 1943 5173 quuls's

248 5184 413 5248 potestatem
432 5178 591 5250 imperatori
609 5187 767 5250 reservant,
786 5180 939 5237 Gratianus
957 5183 1080 5241 studiose
1106 5189 1165 5254 suit
1185 5188 1248 5242 Otto
1267 5187 1293 5240 1.
1312 5187 1364 5240 sed
1382 5186 1474 5241 minus
1488 5186 1602 5255 peritus
1620 5201 1716 5240 rer-sun
1740 5187 1943 5244 soeksiustiea·

249 5265 375 5321 omisitc.
388 5265 489 5321 Nullus
502 5271 553 5322 etc.
570 5271 608 5321 11.
621 5284 647 5338 q.
663 5269 696 5332 1).
728 5266 793 5321 Huc
804 5267 877 5323 refer
888 5269 907 5325 l.
917 5269 1043 5325 addictos
1057 5277 1081 5325 6.
1107 5291 1170 5328 rum
1183 5272 1368 5342 moveri,
1392 5288 1453 5326 eum
1473 5271 1601 5341 potuisse
1626 5272 1743 5342 deponi,
1771 5276 1943 5343 praeustas

248 5350 266 5405 l.
279 5352 303 5404 si
318 5351 574 5422 quisexconsensu
593 5358 616 5408 7.
635 5357 664 5408 et
682 5359 702 5410 t.
716 5359 737 5408 t.
752 5353 784 5410 G.
803 5354 840 5409 de
858 5355 941 5425 spise
958 5356 1081 5414 audient.
1107 5376 1170 5413 cum
1198 5357 1281 5412 multi
1301 5359 1430 5413 doctum
1455 5360 1542 5424 (nota)
1576 5356 1650 5413 idern
1673 5359 1819 5414 semednt.
1865 5358 1944 5414 Idem

248 5433 344 5493 Nesei.
363 5448 388 5492 a.
405 5437 436 5494 in
453 5439 541 5512 princ.
560 5438 632 5498 Nor.
645 5445 670 5497 6.
688 5456 712 5494 c.
732 5445 757 5496 8.
776 5445 805 5494 et
828 5440 857 5496 in
877 5441 940 5523 epil.
959 5442 1032 5502 Nov.
1053 5452 1078 5503 9.
1107 5449 1205 5503 oonha
1221 5443 1315 5501 Barcl.
1327 5460 1352 5500 c.
1368 5450 1410 5501 31.
1425 5443 1537 5518 excipit,
1552 5444 1613 5518 piis
1629 5443 1805 5516 principibus
1821 5446 1945 5501 modurn
