4020 6014
644 291 697 351 DE
711 277 968 350 molemus]
986 291 1176 350 romuleo:
1695 303 1754 360 457

53 444 191 501 relictum.
226 443 350 499 Externa
374 445 477 502 delicte
502 446 623 502 externis
647 447 744 518 poenis
770 444 891 502 ce'e'rceri
916 445 1073 503 humaniter
1090 448 1128 503 ed
1151 463 1266 504 coenam
1290 461 1422 521 magnam
1448 447 1613 515 inritamen
1639 447 1690 503 sed
1708 446 1756 518 qni
1834 478 1846 496 -r

54 536 186 601 possunt,
210 530 259 586 sed
278 530 420 591 interiores
437 533 620 605 cogitationes
638 529 668 590 ¹ct
685 550 815 590 ermncae
832 532 890 602 opi·
916 533 945 588 in
962 533 1014 588 viis
1035 551 1069 589 ac
1088 533 1164 590 circa
1180 551 1259 607 sepes
1276 541 1354 590 extre
1377 534 1497 589 civitatis
1513 532 1655 604 pomoeria
1672 549 1757 605 vaga·
1851 530 1854 537 “

54 617 154 672 niones
170 633 227 671 non
245 616 319 672 temo
336 623 366 672 et
389 619 417 672 vi
434 624 555 685 amena,
575 621 626 676 sed
638 620 686 691 pia
698 617 892 676 informatione
916 619 1003 674 bundi
1011 619 1151 690 oberrant,
1161 621 1265 677 intrare
1275 621 1489 690 conrpellannsr.
1516 619 1645 676 Ceterum
1654 618 1757 690 duplex

55 706 86 758 ct
116 702 316 757 aeneadarum
346 703 547 774 cogitationum
583 705 763 762 motione
791 704 892 776 corrigi
916 710 960 759 est
985 704 1034 760 illa
1054 705 1208 777 compulsIo
1227 723 1261 761 ac
1280 706 1401 762 coactio:
1427 705 1522 760 Primo
1551 705 1607 761 alia
1625 704 1755 759 nechao·

56 795 143 860 etque
172 789 314 844 emendari
339 796 464 859 possunt
508 790 599 846 Testis
625 791 670 858 pel
697 790 822 861 mcuplas
850 796 894 845 est
917 791 990 844 stica
1006 807 1057 847 sen
1074 790 1237 863 spiritualis,
1255 808 1312 864 qna
1336 791 1482 847 conciones
1508 791 1613 864 legales
1636 807 1756 862 exagge-

56 874 241 945 experientia,
267 875 456 933 coactionibus
482 876 537 932 illis
563 877 592 932 in
616 877 728 948 negotio
751 866 1024 950 religionislrantun
1043 891 1195 947 menarum
1204 879 1430 934 comminationes
1442 878 1624 943 inculcantur,
1633 877 1756 948 gravitas

55 976 156 1030 parum
180 959 269 1016 tuisse
292 962 461 1032 profectum,
486 963 555 1034 quin
581 967 609 1019 et
627 964 746 1035 pessime
762 969 795 1019 ut
811 960 895 1033 pluri·
920 960 1025 1031 delicti,
1045 961 1140 1018 violati
1157 962 1265 1019 scilicet
1280 963 1400 1020 foederis
1419 980 1483 1018 cum
1501 962 1563 1020 Deo
1587 964 1664 1034 prins
1685 962 1756 1027 initi,

58 1061 135 1098 mum
154 1045 265 1102 easdem
283 1047 407 1105 cessisse.
439 1047 493 1114 Qui
511 1049 583 1104 enim
602 1048 728 1105 violentis
744 1046 842 1104 mediis
860 1046 896 1101 ad
917 1046 994 1116 justo
1013 1047 1074 1103 nelo
1091 1052 1220 1117 taxatur,
1244 1049 1317 1105 hanc
1336 1048 1373 1103 ab
1396 1048 1530 1104 scobsiae
1557 1047 1691 1104 ministris
1707 1047 1757 1103 ad·

57 1129 201 1201 religionis
221 1132 424 1204 abjurationem
441 1140 597 1206 coguntur,
615 1141 664 1190 aut
679 1133 810 1206 Epicurei
834 1149 896 1188 era·
921 1131 1072 1189 bibendam
1088 1133 1172 1189 facile
1188 1134 1380 1199 concedimus:
1404 1134 1460 1189 elia
1477 1126 1596 1204 politica
1614 1134 1672 1188 aive
1690 1131 1758 1188 civi·

59 1216 145 1287 dunt,
176 1218 278 1289 quibus
304 1220 393 1275 omnis
419 1218 517 1293 religio
550 1227 594 1276 est
623 1237 681 1276 uns
708 1219 819 1293 religio,
848 1225 898 1274 aut
921 1217 972 1288 lis,
991 1235 1063 1290 quae
1082 1218 1117 1275 fit
1133 1220 1228 1292 gladio
1246 1221 1441 1292 magistratum,
1467 1236 1531 1275 eam
1548 1225 1645 1274 centra
1663 1219 1758 1275 haere·

58 1302 236 1374 hypocritae,
260 1306 308 1375 qui
331 1323 437 1376 poenm
453 1314 530 1362 metu
558 1306 669 1379 quidvis
688 1305 818 1378 amplecti
836 1321 896 1360 sese
921 1303 992 1359 ticos
1013 1304 1199 1361 adhibendam
1221 1323 1364 1379 negamus,
1382 1323 1435 1361 nec
1453 1306 1557 1377 poterit
1574 1305 1758 1361 Bellarminns

59 1388 202 1455 simulent,
218 1396 267 1446 aut
277 1391 411 1462 seditiosi,
424 1391 472 1461 qui
485 1396 631 1462 praetextu
645 1391 785 1464 religionis
795 1390 896 1446 tumul·
922 1390 1090 1447 cocuntium
1107 1409 1141 1449 ex
1159 1409 1192 1448 ee
1210 1393 1414 1462 demonstrare,
1433 1393 1509 1465 quod
1525 1392 1656 1449 maetici
1673 1391 1757 1447 fidem

58 1481 104 1530 tus
121 1476 252 1533 excitant.
272 1477 403 1532 Richard.
423 1477 646 1536 inc.10.rofut
666 1478 771 1534 Alcon:
799 1479 896 1532 Poteet
922 1475 951 1531 in
970 1475 1101 1548 baptismi
1118 1477 1232 1534 foedere
1248 1478 1312 1535 Deo
1337 1479 1466 1535 dederint
1491 1478 1609 1550 ideoque
1633 1478 1670 1533 ad
1696 1495 1758 1533 eam

60 1562 123 1630 quse
138 1563 214 1630 cepi,
240 1571 270 1616 ut
288 1579 337 1617 ore
351 1566 532 1633 confiteatur,
548 1581 579 1618 se
596 1567 718 1632 eredere,
735 1581 784 1619 cer
802 1572 895 1617 autem
921 1562 1085 1618 sanandam
1098 1565 1266 1634 capitalibus
1282 1565 1427 1638 suppliciis
1445 1564 1508 1636 cogi
1519 1565 1634 1637 possint,
1655 1565 1758 1620 etenim

59 1648 102 1699 ad
119 1649 287 1702 credendum
307 1650 372 1717 cogi
389 1658 431 1704 eet
448 1650 628 1720 impassibile.
662 1649 774 1721 Excipit
790 1648 895 1704 Beller·
921 1647 944 1702 si
965 1663 1060 1705 omnes
1078 1649 1126 1719 illi,
1143 1651 1224 1722 qnia
1241 1650 1371 1721 baptismi
1386 1651 1498 1707 foedere
1515 1651 1648 1718 resiliunt,
1662 1649 1758 1722 gladio
1855 1670 1860 1675 ·

58 1733 151 1787 minus
173 1739 194 1790 1.
215 1735 301 1802 fidem
325 1735 367 1788 ita
385 1752 443 1789 sese
461 1739 565 1791 donum
583 1736 659 1805 Dei,
685 1745 716 1790 ut
746 1736 830 1790 etiam
858 1736 895 1788 eit
921 1734 1054 1805 puniendi
1082 1740 1111 1791 et
1142 1737 1179 1791 ad
1207 1738 1371 1792 mmandam
1387 1738 1449 1793 Deo
1478 1737 1563 1793 fidem
1592 1736 1758 1808 capitalibus

59 1828 140 1874 actus
162 1821 247 1874 liberi
264 1821 387 1891 arbitrii,
414 1822 543 1891 alioquin
566 1824 650 1876 etiam
672 1823 790 1876 caetitae
808 1829 834 1875 et
853 1839 895 1876 ce·
920 1820 1064 1891 suppliciis
1100 1821 1231 1893 cogendi,
1264 1839 1345 1877 nemo
1376 1823 1517 1892 bominum
1549 1822 1637 1878 aciem
1670 1822 1757 1894 gladii

60 1915 139 1961 teras
156 1907 272 1961 uirtutes
290 1915 355 1961 sunt
370 1908 449 1961 dena
465 1909 537 1976 Dei,
562 1916 587 1961 et
612 1916 704 1962 tamen
725 1915 798 1963 recte
812 1907 895 1976 puni·
921 1905 1045 1978 effugere
1071 1908 1182 1977 poterit.
1219 1908 1330 1965 Deinde
1352 1909 1409 1965 alia
1431 1908 1537 1964 coactio
1557 1910 1588 1974 fit
1607 1911 1649 1962 od
1659 1910 1758 1978 fidem,

58 2000 144 2046 rentur
171 1992 311 2059 adulteri,
337 1993 511 2058 homicidae,
538 1994 679 2058 latronse,
707 2001 733 2048 et
758 2002 895 2064 cognatm
921 1992 977 2047 alia
1000 1995 1042 2048 aa
1064 1993 1135 2059 fidei
1159 1995 1267 2063 media,
1294 1995 1422 2050 auditum
1441 1994 1546 2051 scilicet
1565 1994 1642 2050 verbi
1663 1994 1758 2063 divini,

58 2086 135 2132 caete
152 2097 186 2133 aa
202 2079 277 2147 juste
297 2081 397 2136 uiuae.
434 2079 585 2149 Sapientia
604 2096 711 2150 qrsoque
731 2088 772 2134 est
790 2082 895 2134 dmum
923 2078 971 2133 illa
996 2095 1053 2134 non
1079 2085 1172 2150 potest
1196 2080 1329 2148 obtineri,
1360 2096 1427 2152 ergo
1456 2095 1508 2148 nec
1534 2079 1618 2135 debet
1645 2079 1757 2151 suscipi,

58 2165 126 2233 Dei,
150 2173 178 2219 et
198 2173 290 2220 tamen
315 2166 450 2235 scriptum
469 2175 508 2220 est
526 2167 610 2224 Prae.
630 2169 676 2221 29.
695 2166 778 2236 uirga
796 2173 822 2220 et
836 2184 895 2220 cor·
921 2164 990 2220 haec
1009 2182 1075 2220 vero
1092 2165 1132 2236 pii
1151 2164 1330 2238 magistratus
1348 2165 1496 2239 vigilantia
1518 2165 1636 2222 obtineri
1657 2172 1757 2236 potest.

58 2251 151 2320 reptio
175 2251 300 2304 tribuunt
324 2251 502 2320 sapientiam.
537 2252 670 2321 Decimae
688 2253 767 2320 fider
783 2259 825 2306 est
845 2254 895 2306 do·
922 2254 948 2305 3.
982 2252 1150 2306 Terroribus
1184 2261 1210 2306 et
1239 2253 1390 2322 suppliciis
1418 2253 1623 2307 hamaicorum
1644 2253 1759 2321 aliquid

58 2355 127 2391 num
151 2337 223 2402 Dei,
252 2337 305 2390 sed
327 2338 407 2391 Deus
430 2337 481 2392 boc
508 2340 613 2392 Meum
640 2346 785 2393 conserent
807 2339 896 2392 eurise
918 2337 1036 2405 profici,
1056 2337 1229 2407 experientia
1248 2345 1315 2393 teste
1333 2339 1546 2408 comprobatur,
1571 2337 1640 2410 quia
1657 2340 1756 2393 Desso-

58 2423 164 2484 modie,
191 2439 309 2491 querum
326 2440 398 2475 unus
416 2430 457 2476 cet
483 2419 632 2492 correptio.
665 2423 894 2495 Respondemus:
922 2421 1015 2490 tietoe,
1052 2423 1221 2478 Manichaei
1237 2431 1263 2477 et
1282 2424 1451 2493 albigenses
1467 2425 1556 2478 arenis
1571 2424 1758 2494 profligatiet

59 2528 78 2565 a
105 2507 278 2580 correptione
306 2508 493 2565 ecclesiastica
521 2516 550 2566 et
576 2509 689 2582 politica
713 2510 751 2565 ed
775 2510 896 2581 capitale
924 2507 1053 2560 restincti
1068 2516 1141 2574 sunt,
1160 2515 1187 2562 et
1203 2510 1379 2580 Aupuetinue
1396 2511 1476 2580 epist
1493 2514 1535 2565 48.
1553 2516 1678 2579 testatur,
1692 2510 1759 2581 ptu-

59 2595 226 2667 supplicium
246 2610 301 2650 non
319 2595 396 2651 valet
414 2596 625 2667 consequentia,
652 2595 719 2668 quia
736 2594 897 2667 proceditur
922 2592 1008 2647 mmor
1021 2610 1168 2649 cancerem
1181 2612 1232 2649 suo
1249 2597 1418 2665 temperent
1431 2603 1533 2650 metum
1546 2608 1667 2664 poenos.
1704 2595 1758 2651 Re·

63 2700 82 2737 a
99 2699 154 2738 non
175 2680 326 2737 distributo
340 2681 377 2736 ad
397 2681 585 2740 distributim.
624 2681 820 2754 Corripiendos
837 2696 897 2737 esse
922 2679 1108 2750 spondemus:
1132 2680 1262 2737 violentie
1283 2681 1338 2735 illis
1356 2681 1455 2750 mediis
1480 2679 1569 2736 enimi
1582 2680 1724 2737 hominum
1739 2699 1759 2737 a

66 2773 192 2824 errantes
208 2767 238 2822 in
253 2765 324 2834 fide,
341 2766 531 2836 concedimus,
559 2767 609 2823 sed
626 2767 746 2838 capitali*
761 2766 898 2838 supplicio
922 2763 1056 2836 religione
1083 2765 1174 2838 magis
1197 2766 1408 2835 abalienantur,
1443 2766 1625 2823 seditionibus
1649 2767 1759 2823 occasio

61 2852 225 2909 afficiendos
242 2869 311 2922 esse,
327 2869 472 2924 negamus.
507 2852 604 2907 Fidem
623 2869 683 2908 esse
695 2851 781 2908 liberi
793 2850 899 2908 arbitrii
923 2849 1072 2922 praebetur
1094 2856 1123 2907 et
1140 2852 1294 2922 hypocrisis
1324 2852 1369 2908 vel
1384 2851 1534 2923 Epicurea
1557 2852 1691 2908 securitas
1718 2853 1759 2908 in·

13 2930 34 2978 ',
63 2944 157 2994 actum
188 2937 319 3011 ambigue
342 2937 458 3007 dicitur,
489 2938 536 2993 rel
559 2938 632 2993 enim
658 2937 822 3010 intelligitur
846 2937 899 2992 hec
924 2935 1093 3002 troducitur,
1118 2941 1151 2991 nt
1176 2937 1271 2993 multis
1293 2938 1425 3009 exemplis
1449 2938 1632 2994 demonstrari
1656 2942 1758 3009 petest.

62 3041 162 3092 mesu,
189 3024 264 3095 qnod
289 3022 358 3080 fides
375 3024 412 3079 sit
430 3041 501 3095 opus
519 3023 619 3078 virium
635 3023 819 3087 naturalium:
845 3023 900 3090 vel,
924 3021 1011 3078 Facili
1040 3024 1152 3095 negotio
1176 3023 1238 3079 fieri
1270 3028 1377 3095 potest,
1406 3030 1438 3079 ut
1465 3023 1592 3078 diversae
1617 3023 1760 3095 religionis

63 3110 139 3182 qnod
175 3110 299 3166 volentos
337 3110 497 3176 credamne,
533 3108 637 3181 Spiritu
669 3113 765 3164 sancto
793 3109 901 3164 scilicet
925 3109 1047 3164 meclee
1073 3110 1203 3165 violentis
1225 3111 1322 3166 mediis
1345 3111 1383 3166 ed
1405 3117 1529 3165 noctram
1546 3108 1681 3180 compulsi
1699 3127 1760 3164 mu·

61 3197 234 3252 voluntatem
253 3195 403 3252 efficaciter
419 3200 563 3259 movente,
596 3195 750 3249 inclinante
774 3202 803 3250 et
820 3195 898 3250 noris
924 3199 986 3248 tata
1009 3212 1101 3250 rerum
1117 3195 1190 3252 fecie
1212 3196 1295 3251 simili
1322 3195 1487 3254 crudelitate
1504 3211 1694 3264 conversuros,
1715 3196 1761 3252 vel

62 3282 251 3354 spiritualibus
276 3282 382 3339 viribus
407 3283 569 3339 inennente.
611 3280 699 3336 Priori
716 3298 800 3336 sensu
826 3281 898 3337 hanc
925 3281 1019 3350 potins
1040 3287 1230 3352 persecutores
1248 3299 1312 3338 suos
1338 3287 1461 3337 tractent
1481 3297 1515 3336 ac
1535 3281 1588 3336 snb
1614 3286 1760 3352 praetextu

61 3369 176 3441 phrasin
199 3385 348 3440 negamus,
377 3357 521 3439 posteriori
546 3367 723 3423 concedimus
747 3372 776 3422 et
803 3384 837 3422 ex
865 3382 898 3421 oo
923 3367 1065 3438 religionis
1082 3368 1296 3440 sanguinolenta
1313 3368 1388 3426 bella
1405 3366 1533 3424 excitent
1565 3367 1712 3438 Scioppius
1731 3369 1760 3423 in

60 3455 218 3524 interimus,
236 3454 302 3526 qnia
319 3470 400 3509 nemo
416 3454 481 3524 cogi
497 3459 602 3524 potest,
622 3460 655 3508 nt
673 3453 770 3509 credat
785 3453 898 3521 invitus,
925 3452 1027 3520 Soalig.
1045 3453 1177 3524 hypobol
1198 3470 1264 3525 pag.
1277 3459 1335 3510 321.
1348 3454 1450 3524 excipit
1462 3459 1485 3509 1.
1500 3452 1641 3507 Uiriatum
1651 3454 1718 3507 Jet.
1733 3456 1759 3522 6,

60 3542 125 3597 ideo
152 3540 295 3596 coactione
323 3547 437 3595 externa
463 3539 533 3594 nibil
565 3539 717 3611 quidquam
746 3538 898 3610 proficitur.
924 3556 949 3595 o.
968 3541 1009 3591 tt.
1028 3555 1161 3607 mamere,
1181 3541 1260 3609 praed
1276 3556 1355 3594 neme
1374 3541 1415 3593 ad
1432 3557 1463 3593 se
1479 3540 1586 3603 renim,
1604 3539 1662 3592 nisi
1674 3547 1760 3608 poter

60 3627 233 3694 Homicidia,
266 3625 419 3691 adulteria,
445 3625 592 3681 latrocinia
622 3631 674 3680 etc.
703 3631 769 3680 sunt
797 3624 900 3680 delicta
927 3624 1046 3677 tronum
1066 3625 1169 3692 ipsum.
1204 3625 1285 3692 Ergo
1301 3625 1459 3679 coactionee
1475 3625 1612 3679 illosnea
1631 3640 1690 3678 cese
1709 3625 1759 3679 im·

60 3720 192 3784 externa,
219 3713 338 3784 ideoque
362 3713 446 3768 etiem
471 3713 566 3783 poenis
593 3710 712 3766 externis
731 3710 899 3781 capitalibus
921 3709 1095 3781 probandas.
1134 3709 1366 3780 Respondemus:
1390 3726 1523 3781 magnum
1544 3708 1694 3764 discrimen
1718 3714 1760 3764 est

60 3784 341 3877 pessdnt‚ce‘e'rceri,
368 3799 418 3853 sed
448 3798 570 3853 haeresis
596 3801 639 3853 est
656 3797 788 3853 delictum
814 3796 898 3851 animi
924 3795 996 3849 inter
1022 3794 1186 3850 tractionem
1212 3795 1266 3851 Dei
1292 3796 1428 3850 internam
1454 3801 1483 3851 et
1501 3796 1557 3850 vim
1577 3795 1758 3866 magistratus

61 3886 193 3953 interius,
220 3885 340 3956 ideoque
365 3884 463 3955 poenis
481 3883 602 3939 externis
620 3882 787 3954 capitalibus
806 3898 897 3937 emen·
924 3878 1057 3948 capitalia
1074 3880 1215 3952 supplicia
1226 3881 1373 3952 irrogantis
1386 3887 1535 3938 externam.
1570 3881 1758 3937 'l'rahitDeus

63 3972 125 4027 dari
146 3978 175 4026 et
187 3970 288 4042 corrigi
299 3971 404 4041 nequit.
441 3972 468 4026 2.
486 3971 618 4023 Liberum
632 3969 773 4038 accipitur
791 3969 898 4023 ducente
924 3971 1043 4020 mentem
1070 3966 1184 4021 interius
1201 3965 1395 4037 illuminando,
1423 3968 1593 4023 veluntatem
1610 3967 1760 4023 efficaciter

62 4057 165 4127 raedae,
179 4058 272 4127 prime
290 4057 326 4110 ab
345 4056 522 4124 eblipatiene,
540 4063 566 4109 et
583 4056 624 4109 eie
642 4056 715 4119 fides
734 4055 764 4108 in
782 4055 832 4123 iis,
849 4055 901 4124 qui
923 4051 1074 4121 flectendo,
1101 4053 1211 4124 hacque
1232 4053 1339 4109 ratium
1363 4071 1396 4109 ex
1413 4054 1525 4111 nolente
1542 4055 1680 4124 volentem
1698 4053 1757 4110 effi·

62 4161 125 4197 eam
143 4160 286 4212 nunquam
303 4149 480 4211 receperunt,
505 4141 596 4194 libero
616 4149 657 4195 est
675 4139 710 4194 ob
730 4140 899 4208 oblipatieae
923 4138 1030 4206 ciendo,
1047 4139 1123 4193 unde
1138 4139 1232 4194 statim
1249 4139 1362 4194 additur
1380 4158 1405 4195 v.
1419 4147 1466 4196 45:
1488 4141 1585 4195 Omnia
1605 4141 1656 4210 qui
1673 4141 1756 4195 audi-

55 4231 137 4299 jurr'a
154 4229 284 4296 lumeni,
307 4229 360 4282 sed
372 4245 428 4281 nen
447 4227 551 4294 diuini,
572 4234 599 4280 et
616 4227 682 4281 ideo
701 4226 825 4281 hemines
842 4243 899 4279 nen
923 4224 963 4277 eit
981 4242 999 4278 a
1012 4225 1102 4278 Patre
1120 4232 1147 4278 et
1166 4225 1277 4294 dirimi,
1298 4227 1372 4280 veni
1391 4229 1433 4282 aa
1450 4243 1500 4283 me.
1539 4226 1594 4282 Sed
1614 4226 1758 4297 magistra·

62 4401 200 4470 baptirmo
208 4399 339 4471 professi
348 4405 420 4462 eunt,
438 4415 494 4452 nen
507 4403 547 4450 eet
562 4397 653 4451 libera
667 4397 703 4450 ab
720 4397 900 4467 obligatione,
925 4396 1044 4451 externis
1064 4395 1172 4451 actibus
1191 4401 1220 4451 et
1235 4396 1328 4452 verbis
1354 4396 1384 4451 in
1409 4413 1457 4452 ore
1478 4397 1551 4452 natis
1577 4413 1607 4452 se
1630 4397 1760 4467 amplecti

62 4504 114 4541 nec
125 4487 206 4556 jucis
225 4486 332 4549 rimini,
349 4501 400 4538 nec
417 4483 548 4548 lamani,
566 4491 592 4536 et
607 4483 672 4536 ideo
691 4492 794 4553 copiast
812 4485 898 4538 lomi·
925 4480 1069 4548 simulent,
1103 4483 1178 4553 quod
1205 4484 1289 4538 corde
1323 4490 1486 4539 aversantur
1513 4500 1547 4538 ac
1577 4483 1758 4538 detestentur.

61 4590 126 4641 nes,
154 4580 185 4625 ut
203 4589 238 4626 ea
255 4578 398 4640 servem,-
427 4570 550 4623 semmdo
572 4569 692 4622 semitm
709 4569 841 4634 liberum,
868 4576 899 4623 ut
925 4569 953 4621 2.
980 4569 1047 4623 Non
1080 4576 1139 4623 tam
1167 4571 1208 4623 ud
1228 4570 1318 4639 fidem
1346 4585 1431 4638 msam
1455 4569 1664 4624 solicitudinem
1690 4571 1760 4632 fidei

62 4659 246 4727 distinguitur
272 4665 370 4714 contra
386 4656 584 4724 neceesarium,
606 4671 677 4724 qnae
701 4654 819 4708 libertae
842 4673 898 4710 non
924 4654 1094 4708 coactionem
1110 4657 1182 4723 ficri,
1200 4672 1235 4708 ac
1246 4655 1409 4710 etalidiores
1426 4656 1457 4709 in
1469 4671 1565 4709 errore
1577 4672 1634 4708 nen
1651 4663 1758 4709 tantum

62 4746 191 4815 impedit,
219 4743 288 4814 quin
305 4743 430 4796 homines
447 4741 521 4795 mole
539 4748 652 4810 agentes
664 4740 823 4810 puniantur
845 4746 898 4798 etc.
925 4741 1117 4810 correptione,
1146 4743 1199 4794 sed
1223 4748 1331 4794 eentum
1351 4740 1464 4810 plagio,
1493 4739 1527 4792 id
1544 4746 1584 4793 eet
1602 4741 1704 4809 poenis
1723 4759 1758 4796 uo

61 4828 287 4902 Respondemus:
306 4827 379 4882 talea
395 4833 437 4882 est
454 4826 504 4881 illa
523 4825 677 4896 (inunctio,
700 4826 775 4898 quod
792 4826 825 4891 ii,
850 4826 900 4897 qui
924 4826 1114 4894 acommoda,
1141 4828 1356 4895 comparcendo:
1373 4840 1438 4879 esse.
1474 4824 1697 4896 Respondemus:
1721 4826 1757 4881 ad

61 4932 156 4971 veram
179 4913 265 4969 fidem
289 4930 346 4969 non
368 4919 434 4968 sunt
458 4911 594 4984 amplexi,
619 4929 675 4968 non
698 4911 753 4966 sint
770 4912 899 4983 cogendi,
923 4912 987 4967 fidei
1017 4911 1221 4967 solicitudinem
1252 4918 1281 4967 et
1309 4910 1408 4966 enoris
1438 4910 1636 4967 correctionem
1665 4913 1758 4969 medie

62 5002 104 5056 illi
121 5018 203 5066 vero,
224 4999 271 5071 qni
290 4999 320 5054 in
339 4999 478 5070 baptismo
495 5015 556 5054 eam
573 4998 701 5069 professi,
721 4998 770 5054 scd
785 4999 844 5069 jam
861 4998 897 5053 ab
923 4997 1049 5070 legitime
1077 5003 1143 5051 sunt
1167 4995 1342 5063 adhibenda,
1372 4995 1502 5052 videlicet
1527 4996 1647 5068 diligens
1674 4997 1759 5052 infor·

60 5105 95 5144 ea
111 5086 284 5155 defecerunt,
304 5085 424 5157 cogendi
442 5084 507 5153 sint,
522 5089 555 5138 ut
571 5081 656 5137 fidem
673 5089 791 5138 ament
825 5082 897 5139 Gen·
924 5083 1021 5148 matio,
1048 5082 1138 5138 selide
1160 5098 1282 5137 errorum
1301 5080 1447 5149 refutatio,
1472 5081 1510 5136 ad
1536 5081 1664 5138 sedulum
1680 5083 1757 5139 verbi

60 5174 175 5229 madum
191 5172 304 5243 aliquot
323 5171 493 5242 argumentis
517 5167 688 5225 ostendimus
706 5169 847 5240 superins,
864 5186 897 5225 ac
923 5168 1049 5224 auditum
1073 5166 1230 5222 adhortatio
1254 5173 1308 5223 etc.
1337 5165 1504 5237 capitalibus
1531 5172 1625 5222 entem
1653 5168 1759 5239 suppli-

60 5260 85 5315 si
103 5259 172 5330 quid
196 5258 321 5313 dandum
345 5257 399 5312 hac
426 5257 455 5310 in
480 5262 560 5327 parte
583 5253 748 5309 discriminis
765 5273 799 5312 ex
816 5273 897 5326 para·
922 5254 973 5309 ciis
994 5271 1058 5309 non
1074 5253 1224 5309 errantium
1249 5251 1400 5321 comestio,
1424 5251 1476 5306 sed
1500 5269 1595 5307 eornm
1621 5255 1759 5310 excidium

60 5345 126 5402 bela
142 5344 205 5399 Luc
219 5349 264 5408 14,
293 5360 318 5398 v.
339 5349 378 5398 lt.
394 5341 477 5412 plene
495 5339 664 5395 contrarium
682 5341 778 5412 colligi
796 5348 897 5412 posset,
924 5341 1072 5411 quaeritur.

60 5432 110 5485 ib?
124 5431 197 5485 enim
223 5429 270 5502 qui
290 5430 351 5500 jam
374 5431 455 5483 erant
481 5425 553 5482 intra
573 5424 716 5481 civitatem
737 5426 803 5493 Dei,
828 5434 899 5499 puta
957 5432 1016 5483 ³³4.
1053 5431 1078 5481 3.
1101 5423 1243 5496 Capitalia
1266 5423 1405 5494 supplicia
1428 5423 1537 5479 delictis
1566 5423 1788 5495 corporalibus&
1802 5427 1821 5468 Α
1834 5428 1884 5469 ⁰¹¹¹·

60 5516 183 5582 emsa,
213 5532 264 5587 per
288 5512 524 5571 carmeianen
552 5511 581 5567 in
619 5509 764 5569 aeleram
792 5514 898 5584 recepe
922 5510 1095 5583 gravionem
1119 5509 1261 5582 puerum
1284 5509 1422 5565 numana
1445 5507 1584 5564 aarum
1601 5483 1859 5582 umqum-3⁶:53.
