<?xml version="1.0" encoding="UTF-8"?>
<!DOCTYPE html PUBLIC "-//W3C//DTD XHTML 1.0 Transitional//EN"
    "http://www.w3.org/TR/xhtml1/DTD/xhtml1-transitional.dtd">
<html xmlns="http://www.w3.org/1999/xhtml" xml:lang="en" lang="en">
 <head>
  <title>
</title>
<meta http-equiv="Content-Type" content="text/html;charset=utf-8" />
  <meta name='ocr-system' content='tesseract 3.04.00' />
  <meta name='ocr-capabilities' content='ocr_page ocr_carea ocr_par ocr_line ocrx_word'/>
</head>
<body>
  <div class='ocr_page' id='page_1' title='image "./locitheologicic01gerhgoog/locitheologicic01gerhgoog_0073.png"; bbox 0 0 4020 6014; ppageno 0'>
   <div class='ocr_carea' id='block_1_1' title="bbox 222 256 1333 336">
    <p class='ocr_par' dir='ltr' id='par_1_1' title="bbox 222 256 1333 336">
     <span class='ocr_line' id='line_1_1' title="bbox 222 256 1333 336; baseline -0.007 0"><span class='ocrx_word' id='word_1_1' title='bbox 222 256 261 336; x_wconf 82' lang='grc' dir='ltr'><strong><em>ιι</em></strong></span> <span class='ocrx_word' id='word_1_2' title='bbox 785 268 929 330; x_wconf 78' lang='lat' dir='ltr'><strong><em>nouus</em></strong></span> <span class='ocrx_word' id='word_1_3' title='bbox 947 258 1152 330; x_wconf 78' lang='lat' dir='ltr'><strong><em>monemus</em></strong></span> <span class='ocrx_word' id='word_1_4' title='bbox 1169 268 1333 331; x_wconf 76' lang='lat' dir='ltr'><strong><em>rossus</em></strong></span> 
     </span>
    </p>
   </div>
   <div class='ocr_carea' id='block_1_2' title="bbox 217 427 1912 1627">
    <p class='ocr_par' dir='ltr' id='par_1_2' title="bbox 217 427 1912 1627">
     <span class='ocr_line' id='line_1_2' title="bbox 218 427 1912 500; baseline 0.002 -20"><span class='ocrx_word' id='word_1_5' title='bbox 218 434 274 481; x_wconf 89' lang='lat' dir='ltr'><strong><em>tum</em></strong></span> <span class='ocrx_word' id='word_1_6' title='bbox 301 428 425 497; x_wconf 73' lang='lat' dir='ltr'><strong><em>coepisse</em></strong></span> <span class='ocrx_word' id='word_1_7' title='bbox 452 429 692 498; x_wconf 69' lang='lat' dir='ltr'><strong><em>consuetudinem,</em></strong></span> <span class='ocrx_word' id='word_1_8' title='bbox 723 436 753 484; x_wconf 90' lang='grc' dir='ltr'><strong><em>ιιι</em></strong></span> <span class='ocrx_word' id='word_1_9' title='bbox 771 429 897 500; x_wconf 87' lang='lat' dir='ltr'><strong><em>populus</em></strong></span> <span class='ocrx_word' id='word_1_10' title='bbox 922 428 1052 484; x_wconf 89' lang='lat' dir='ltr'><strong><em>electioni</em></strong></span> <span class='ocrx_word' id='word_1_11' title='bbox 1075 445 1179 498; x_wconf 79' lang='lat' dir='ltr'><strong><em>mapno</em></strong></span> <span class='ocrx_word' id='word_1_12' title='bbox 1203 445 1265 482; x_wconf 88' lang='lat' dir='ltr'><strong><em>eum</em></strong></span> <span class='ocrx_word' id='word_1_13' title='bbox 1289 429 1470 484; x_wconf 77' lang='lat' dir='ltr'><strong><em>eandtotione</em></strong></span> <span class='ocrx_word' id='word_1_14' title='bbox 1491 429 1653 496; x_wconf 71' lang='lat' dir='ltr'><strong><em>retulimus,</em></strong></span> <span class='ocrx_word' id='word_1_15' title='bbox 1680 443 1731 481; x_wconf 89' lang='lat' dir='ltr'><strong><em>nos</em></strong></span> <span class='ocrx_word' id='word_1_16' title='bbox 1754 443 1864 499; x_wconf 75' lang='lat' dir='ltr'><strong><em>puopsc</em></strong></span> <span class='ocrx_word' id='word_1_17' title='bbox 1880 427 1912 483; x_wconf 82' lang='lat' dir='ltr'><strong><em>in</em></strong></span> 
     </span>
     <span class='ocr_line' id='line_1_3' title="bbox 218 513 1911 588; baseline 0.002 -20"><span class='ocrx_word' id='word_1_18' title='bbox 218 513 432 583; x_wconf 74' lang='lat' dir='ltr'><strong><em>admisceretur,</em></strong></span> <span class='ocrx_word' id='word_1_19' title='bbox 458 519 537 584; x_wconf 81' lang='lat' dir='ltr'><strong><em>quod</em></strong></span> <span class='ocrx_word' id='word_1_20' title='bbox 551 534 607 570; x_wconf 87' lang='lat' dir='ltr'><strong><em>nom</em></strong></span> <span class='ocrx_word' id='word_1_21' title='bbox 625 524 739 588; x_wconf 80' lang='lat' dir='ltr'><strong><em>nepctur</em></strong></span> <span class='ocrx_word' id='word_1_22' title='bbox 757 535 776 570; x_wconf 91' lang='lat' dir='ltr'><strong><em>a</em></strong></span> <span class='ocrx_word' id='word_1_23' title='bbox 793 516 961 583; x_wconf 77' lang='lat' dir='ltr'><strong><em>Pontificiis.</em></strong></span> <span class='ocrx_word' id='word_1_24' title='bbox 997 514 1050 571; x_wconf 84' lang='lat' dir='ltr'><strong><em>Re·</em></strong></span> <span class='ocrx_word' id='word_1_25' title='bbox 1072 532 1198 584; x_wconf 82' lang='lat' dir='ltr'><strong><em>persona</em></strong></span> <span class='ocrx_word' id='word_1_26' title='bbox 1220 518 1411 581; x_wconf 68' lang='lat' dir='ltr'><strong><em>fraternitatis</em></strong></span> <span class='ocrx_word' id='word_1_27' title='bbox 1436 524 1500 570; x_wconf 83' lang='lat' dir='ltr'><strong><em>tuae</em></strong></span> <span class='ocrx_word' id='word_1_28' title='bbox 1521 516 1572 586; x_wconf 88' lang='lat' dir='ltr'><strong><em>pe&#39;r</em></strong></span> <span class='ocrx_word' id='word_1_29' title='bbox 1597 516 1691 569; x_wconf 88' lang='lat' dir='ltr'><strong><em>omnia</em></strong></span> <span class='ocrx_word' id='word_1_30' title='bbox 1716 516 1911 571; x_wconf 78' lang='lat' dir='ltr'><strong><em>consentimus.</em></strong></span> 
     </span>
     <span class='ocr_line' id='line_1_4' title="bbox 220 592 1911 676; baseline 0.001 -22"><span class='ocrx_word' id='word_1_31' title='bbox 220 592 401 672; x_wconf 70' lang='lat' dir='ltr'><strong><em>spondemus:</em></strong></span> <span class='ocrx_word' id='word_1_32' title='bbox 420 595 475 657; x_wconf 82' lang='lat' dir='ltr'><strong><em>im&#39;o</em></strong></span> <span class='ocrx_word' id='word_1_33' title='bbox 494 619 559 658; x_wconf 83' lang='lat' dir='ltr'><strong><em>vero</em></strong></span> <span class='ocrx_word' id='word_1_34' title='bbox 576 621 632 658; x_wconf 91' lang='lat' dir='ltr'><strong><em>non</em></strong></span> <span class='ocrx_word' id='word_1_35' title='bbox 650 602 968 676; x_wconf 87' lang='lat' dir='ltr'><strong><em>consuetudoqnaedam</em></strong></span> <span class='ocrx_word' id='word_1_36' title='bbox 984 600 1051 657; x_wconf 88' lang='lat' dir='ltr'><strong><em>reci·</em></strong></span> <span class='ocrx_word' id='word_1_37' title='bbox 1075 601 1154 657; x_wconf 92' lang='lat' dir='ltr'><strong><em>Idem</em></strong></span> <span class='ocrx_word' id='word_1_38' title='bbox 1180 602 1229 657; x_wconf 89' lang='lat' dir='ltr'><strong><em>lib.</em></strong></span> <span class='ocrx_word' id='word_1_39' title='bbox 1253 608 1277 658; x_wconf 82' lang='lat'><strong><em>2.</em></strong></span> <span class='ocrx_word' id='word_1_40' title='bbox 1302 603 1381 673; x_wconf 86' lang='lat' dir='ltr'><strong><em>epist.</em></strong></span> <span class='ocrx_word' id='word_1_41' title='bbox 1410 607 1449 658; x_wconf 79' lang='lat' dir='ltr'><strong><em>to.</em></strong></span> <span class='ocrx_word' id='word_1_42' title='bbox 1480 602 1516 657; x_wconf 87' lang='lat' dir='ltr'><strong><em>ad</em></strong></span> <span class='ocrx_word' id='word_1_43' title='bbox 1540 602 1639 658; x_wconf 86' lang='lat' dir='ltr'><strong><em>laban.</em></strong></span> <span class='ocrx_word' id='word_1_44' title='bbox 1659 602 1862 657; x_wconf 73' lang='lat' dir='ltr'><strong><em>subdiaconum</em></strong></span> <span class='ocrx_word' id='word_1_45' title='bbox 1882 606 1911 657; x_wconf 89' lang='lat' dir='ltr'><strong><em>et</em></strong></span> 
     </span>
     <span class='ocr_line' id='line_1_5' title="bbox 218 688 1910 764; baseline 0 -22"><span class='ocrx_word' id='word_1_46' title='bbox 218 693 306 757; x_wconf 84' lang='lat' dir='ltr'><strong><em>tatur,</em></strong></span> <span class='ocrx_word' id='word_1_47' title='bbox 337 689 385 744; x_wconf 89' lang='lat' dir='ltr'><strong><em>sed</em></strong></span> <span class='ocrx_word' id='word_1_48' title='bbox 412 690 553 746; x_wconf 89' lang='lat' dir='ltr'><strong><em>decretum</em></strong></span> <span class='ocrx_word' id='word_1_49' title='bbox 581 691 690 747; x_wconf 88' lang='lat' dir='ltr'><strong><em>concilii</em></strong></span> <span class='ocrx_word' id='word_1_50' title='bbox 715 693 891 764; x_wconf 88' lang='lat' dir='ltr'><strong><em>proponitur,</em></strong></span> <span class='ocrx_word' id='word_1_51' title='bbox 922 706 974 745; x_wconf 88' lang='lat' dir='ltr'><strong><em>nec</em></strong></span> <span class='ocrx_word' id='word_1_52' title='bbox 1002 688 1050 744; x_wconf 92' lang='lat' dir='ltr'><strong><em>illo</em></strong></span> <span class='ocrx_word' id='word_1_53' title='bbox 1075 689 1176 744; x_wconf 87' lang='lat' dir='ltr'><strong><em>citatur</em></strong></span> <span class='ocrx_word' id='word_1_54' title='bbox 1194 707 1216 743; x_wconf 92' lang='lat' dir='ltr'><strong><em>c.</em></strong></span> <span class='ocrx_word' id='word_1_55' title='bbox 1237 688 1355 755; x_wconf 86' lang='lat' dir='ltr'><strong><em>Quanto.</em></strong></span> <span class='ocrx_word' id='word_1_56' title='bbox 1375 688 1438 743; x_wconf 88' lang='lat' dir='ltr'><strong><em>dist.</em></strong></span> <span class='ocrx_word' id='word_1_57' title='bbox 1459 689 1534 744; x_wconf 81' lang='lat' dir='ltr'><strong><em>aad:</em></strong></span> <span class='ocrx_word' id='word_1_58' title='bbox 1565 689 1637 752; x_wconf 58' lang='lat' dir='ltr'><strong><em>Quia</em></strong></span> <span class='ocrx_word' id='word_1_59' title='bbox 1660 688 1744 741; x_wconf 89' lang='lat' dir='ltr'><strong><em>multi</em></strong></span> <span class='ocrx_word' id='word_1_60' title='bbox 1764 688 1910 742; x_wconf 86' lang='lat' dir='ltr'><strong><em>Mediola-</em></strong></span> 
     </span>
     <span class='ocr_line' id='line_1_6' title="bbox 218 774 1910 847; baseline -0.001 -18"><span class='ocrx_word' id='word_1_61' title='bbox 218 774 328 830; x_wconf 88' lang='lat' dir='ltr'><strong><em>demnm</em></strong></span> <span class='ocrx_word' id='word_1_62' title='bbox 355 780 478 847; x_wconf 87' lang='lat' dir='ltr'><strong><em>tempore</em></strong></span> <span class='ocrx_word' id='word_1_63' title='bbox 505 778 675 834; x_wconf 87' lang='lat' dir='ltr'><strong><em>consuetudo</em></strong></span> <span class='ocrx_word' id='word_1_64' title='bbox 702 779 756 834; x_wconf 85' lang='lat' dir='ltr'><strong><em>ista</em></strong></span> <span class='ocrx_word' id='word_1_65' title='bbox 780 779 889 834; x_wconf 88' lang='lat' dir='ltr'><strong><em>initium</em></strong></span> <span class='ocrx_word' id='word_1_66' title='bbox 911 776 1049 847; x_wconf 85' lang='lat' dir='ltr'><strong><em>capiebat,</em></strong></span> <span class='ocrx_word' id='word_1_67' title='bbox 1074 776 1199 829; x_wconf 85' lang='lat' dir='ltr'><strong><em>mensium</em></strong></span> <span class='ocrx_word' id='word_1_68' title='bbox 1216 776 1435 831; x_wconf 75' lang='lat' dir='ltr'><strong><em>Geiruaecoaeti</em></strong></span> <span class='ocrx_word' id='word_1_69' title='bbox 1446 775 1596 829; x_wconf 85' lang='lat' dir='ltr'><strong><em>barbarica</em></strong></span> <span class='ocrx_word' id='word_1_70' title='bbox 1612 775 1728 839; x_wconf 80' lang='lat' dir='ltr'><strong><em>feritate</em></strong></span> <span class='ocrx_word' id='word_1_71' title='bbox 1746 774 1910 843; x_wconf 78' lang='lat' dir='ltr'><strong><em>comistunt,</em></strong></span> 
     </span>
     <span class='ocr_line' id='line_1_7' title="bbox 218 847 1909 938; baseline -0.003 -20"><span class='ocrx_word' id='word_1_72' title='bbox 218 860 267 918; x_wconf 83' lang='lat' dir='ltr'><strong><em>ssd</em></strong></span> <span class='ocrx_word' id='word_1_73' title='bbox 290 861 437 917; x_wconf 84' lang='lat' dir='ltr'><strong><em>conformis</em></strong></span> <span class='ocrx_word' id='word_1_74' title='bbox 461 870 520 918; x_wconf 87' lang='lat' dir='ltr'><strong><em>erat</em></strong></span> <span class='ocrx_word' id='word_1_75' title='bbox 541 870 692 936; x_wconf 89' lang='lat' dir='ltr'><strong><em>perpetuae</em></strong></span> <span class='ocrx_word' id='word_1_76' title='bbox 717 864 884 938; x_wconf 86' lang='lat' dir='ltr'><strong><em>apostolicae</em></strong></span> <span class='ocrx_word' id='word_1_77' title='bbox 906 868 934 917; x_wconf 84' lang='lat' dir='ltr'><strong><em>et</em></strong></span> <span class='ocrx_word' id='word_1_78' title='bbox 955 847 1169 933; x_wconf 75' lang='lat' dir='ltr'><strong><em>primi-iconum</em></strong></span> <span class='ocrx_word' id='word_1_79' title='bbox 1193 869 1219 917; x_wconf 89' lang='lat' dir='ltr'><strong><em>te</em></strong></span> <span class='ocrx_word' id='word_1_80' title='bbox 1244 864 1400 917; x_wconf 87' lang='lat' dir='ltr'><strong><em>uoluntates</em></strong></span> <span class='ocrx_word' id='word_1_81' title='bbox 1424 869 1532 932; x_wconf 84' lang='lat' dir='ltr'><strong><em>oportet</em></strong></span> <span class='ocrx_word' id='word_1_82' title='bbox 1556 861 1715 914; x_wconf 81' lang='lat' dir='ltr'><strong><em>convocatio</em></strong></span> <span class='ocrx_word' id='word_1_83' title='bbox 1742 860 1857 914; x_wconf 81' lang='lat' dir='ltr'><strong><em>clericis</em></strong></span> <span class='ocrx_word' id='word_1_84' title='bbox 1879 862 1909 914; x_wconf 89' lang='lat' dir='ltr'><strong><em>in</em></strong></span> 
     </span>
     <span class='ocr_line' id='line_1_8' title="bbox 217 946 1909 1022; baseline -0.002 -19"><span class='ocrx_word' id='word_1_85' title='bbox 217 946 291 1004; x_wconf 85' lang='lat' dir='ltr'><strong><em>tivae</em></strong></span> <span class='ocrx_word' id='word_1_86' title='bbox 304 949 436 1005; x_wconf 89' lang='lat' dir='ltr'><strong><em>ecclesiae</em></strong></span> <span class='ocrx_word' id='word_1_87' title='bbox 447 952 534 1022; x_wconf 84' lang='lat' dir='ltr'><strong><em>praxi,</em></strong></span> <span class='ocrx_word' id='word_1_88' title='bbox 551 957 582 1006; x_wconf 89' lang='lat' dir='ltr'><strong><em>ut</em></strong></span> <span class='ocrx_word' id='word_1_89' title='bbox 596 969 629 1007; x_wconf 87' lang='lat' dir='ltr'><strong><em>ex</em></strong></span> <span class='ocrx_word' id='word_1_90' title='bbox 647 953 793 1009; x_wconf 80' lang='lat' dir='ltr'><strong><em>antedictis</em></strong></span> <span class='ocrx_word' id='word_1_91' title='bbox 810 957 936 1006; x_wconf 74' lang='lat' dir='ltr'><strong><em>constare</em></strong></span> <span class='ocrx_word' id='word_1_92' title='bbox 949 954 1047 1021; x_wconf 90' lang='lat' dir='ltr'><strong><em>potest.</em></strong></span> <span class='ocrx_word' id='word_1_93' title='bbox 1074 965 1215 1003; x_wconf 90' lang='lat' dir='ltr'><strong><em>commune</em></strong></span> <span class='ocrx_word' id='word_1_94' title='bbox 1228 949 1423 1017; x_wconf 86' lang='lat' dir='ltr'><strong><em>perscrutari,</em></strong></span> <span class='ocrx_word' id='word_1_95' title='bbox 1448 958 1474 1001; x_wconf 86' lang='lat' dir='ltr'><strong><em>et</em></strong></span> <span class='ocrx_word' id='word_1_96' title='bbox 1493 949 1520 1002; x_wconf 87' lang='lat' dir='ltr'><strong><em>si</em></strong></span> <span class='ocrx_word' id='word_1_97' title='bbox 1537 949 1618 1001; x_wconf 88' lang='lat' dir='ltr'><strong><em>nulla</em></strong></span> <span class='ocrx_word' id='word_1_98' title='bbox 1638 964 1685 1001; x_wconf 89' lang='lat' dir='ltr'><strong><em>eos</em></strong></span> <span class='ocrx_word' id='word_1_99' title='bbox 1704 948 1857 1001; x_wconf 74' lang='lat' dir='ltr'><strong><em>dicacitas</em></strong></span> <span class='ocrx_word' id='word_1_100' title='bbox 1872 949 1909 1001; x_wconf 85' lang='lat' dir='ltr'><strong><em>ab</em></strong></span> 
     </span>
     <span class='ocr_line' id='line_1_9' title="bbox 219 1033 1909 1110; baseline -0.002 -21"><span class='ocrx_word' id='word_1_101' title='bbox 219 1033 252 1090; x_wconf 90' lang='lat' dir='ltr'><strong><em>ln</em></strong></span> <span class='ocrx_word' id='word_1_102' title='bbox 270 1035 385 1091; x_wconf 86' lang='lat' dir='ltr'><strong><em>concilio</em></strong></span> <span class='ocrx_word' id='word_1_103' title='bbox 406 1035 617 1110; x_wconf 78' lang='lat' dir='ltr'><strong><em>Carthaginensi</em></strong></span> <span class='ocrx_word' id='word_1_104' title='bbox 633 1039 686 1094; x_wconf 94' lang='lat' dir='ltr'>III.</span> <span class='ocrx_word' id='word_1_105' title='bbox 705 1056 766 1094; x_wconf 91' lang='lat' dir='ltr'><strong><em>can.</em></strong></span> <span class='ocrx_word' id='word_1_106' title='bbox 781 1038 978 1094; x_wconf 69' lang='lat' dir='ltr'><strong><em>intemetum</em></strong></span> <span class='ocrx_word' id='word_1_107' title='bbox 998 1042 1048 1107; x_wconf 77' lang='lat' dir='ltr'><strong><em>est,</em></strong></span> <span class='ocrx_word' id='word_1_108' title='bbox 1075 1035 1216 1089; x_wconf 81' lang='lat' dir='ltr'><strong><em>electionis</em></strong></span> <span class='ocrx_word' id='word_1_109' title='bbox 1233 1035 1339 1089; x_wconf 88' lang='lat' dir='ltr'><strong><em>unitate</em></strong></span> <span class='ocrx_word' id='word_1_110' title='bbox 1357 1035 1542 1102; x_wconf 69' lang='lat' dir='ltr'><strong><em>distes-onium,</em></strong></span> <span class='ocrx_word' id='word_1_111' title='bbox 1562 1035 1699 1104; x_wconf 74' lang='lat' dir='ltr'><strong><em>cipridem</em></strong></span> <span class='ocrx_word' id='word_1_112' title='bbox 1716 1035 1746 1086; x_wconf 86' lang='lat' dir='ltr'><strong><em>im</em></strong></span> <span class='ocrx_word' id='word_1_113' title='bbox 1754 1035 1909 1102; x_wconf 87' lang='lat' dir='ltr'><strong><em>praedicto</em></strong></span> 
     </span>
     <span class='ocr_line' id='line_1_10' title="bbox 218 1120 1908 1223; baseline -0.001 -46"><span class='ocrx_word' id='word_1_114' title='bbox 218 1139 253 1177; x_wconf 88' lang='lat' dir='ltr'><strong><em>ne</em></strong></span> <span class='ocrx_word' id='word_1_115' title='bbox 269 1123 345 1177; x_wconf 73' lang='lat' dir='ltr'><strong><em>ullius</em></strong></span> <span class='ocrx_word' id='word_1_116' title='bbox 362 1125 480 1179; x_wconf 88' lang='lat' dir='ltr'><strong><em>clericus</em></strong></span> <span class='ocrx_word' id='word_1_117' title='bbox 498 1127 656 1194; x_wconf 84' lang='lat' dir='ltr'><strong><em>ordinetur,</em></strong></span> <span class='ocrx_word' id='word_1_118' title='bbox 676 1127 733 1180; x_wconf 88' lang='lat' dir='ltr'><strong><em>nisi</em></strong></span> <span class='ocrx_word' id='word_1_119' title='bbox 744 1126 881 1195; x_wconf 86' lang='lat' dir='ltr'><strong><em>probatus</em></strong></span> <span class='ocrx_word' id='word_1_120' title='bbox 897 1125 989 1191; x_wconf 79' lang='lat' dir='ltr'><strong><em>fuerit</em></strong></span> <span class='ocrx_word' id='word_1_121' title='bbox 1006 1124 1049 1178; x_wconf 87' lang='lat' dir='ltr'><strong><em>uel</em></strong></span> <span class='ocrx_word' id='word_1_122' title='bbox 1067 1122 1133 1190; x_wconf 86' lang='lat' dir='ltr'><strong><em>filio</em></strong></span> <span class='ocrx_word' id='word_1_123' title='bbox 1160 1129 1255 1176; x_wconf 88' lang='lat' dir='ltr'><strong><em>nostro</em></strong></span> <span class='ocrx_word' id='word_1_124' title='bbox 1280 1123 1459 1176; x_wconf 79' lang='lat' dir='ltr'><strong><em>Constantino</em></strong></span> <span class='ocrx_word' id='word_1_125' title='bbox 1485 1125 1579 1223; x_wconf 81' lang='lat' dir='ltr'><strong><em>(quem</em></strong></span> <span class='ocrx_word' id='word_1_126' title='bbox 1605 1121 1695 1175; x_wconf 88' lang='lat' dir='ltr'><strong><em>clerus</em></strong></span> <span class='ocrx_word' id='word_1_127' title='bbox 1719 1120 1908 1176; x_wconf 80' lang='lat' dir='ltr'><strong><em>Mediolanen-</em></strong></span> 
     </span>
     <span class='ocr_line' id='line_1_11' title="bbox 219 1207 1910 1282; baseline -0.001 -20"><span class='ocrx_word' id='word_1_128' title='bbox 219 1207 411 1279; x_wconf 88' lang='lat' dir='ltr'><strong><em>episcoporum</em></strong></span> <span class='ocrx_word' id='word_1_129' title='bbox 429 1213 569 1280; x_wconf 72' lang='lat' dir='ltr'><strong><em>examino,</em></strong></span> <span class='ocrx_word' id='word_1_130' title='bbox 593 1213 637 1267; x_wconf 87' lang='lat' dir='ltr'><strong><em>uel</em></strong></span> <span class='ocrx_word' id='word_1_131' title='bbox 650 1212 790 1282; x_wconf 88' lang='lat' dir='ltr'><strong><em>populari</em></strong></span> <span class='ocrx_word' id='word_1_132' title='bbox 807 1212 971 1266; x_wconf 85' lang='lat' dir='ltr'><strong><em>testimonio.</em></strong></span> <span class='ocrx_word' id='word_1_133' title='bbox 1006 1209 1049 1264; x_wconf 87' lang='lat' dir='ltr'><strong><em>ci·</em></strong></span> <span class='ocrx_word' id='word_1_134' title='bbox 1075 1209 1111 1263; x_wconf 87' lang='lat' dir='ltr'><strong><em>sis</em></strong></span> <span class='ocrx_word' id='word_1_135' title='bbox 1138 1208 1304 1264; x_wconf 82' lang='lat' dir='ltr'><strong><em>unanimiter</em></strong></span> <span class='ocrx_word' id='word_1_136' title='bbox 1330 1209 1465 1281; x_wconf 82' lang='lat' dir='ltr'><strong><em>elegerat)</em></strong></span> <span class='ocrx_word' id='word_1_137' title='bbox 1494 1209 1616 1262; x_wconf 90' lang='lat' dir='ltr'><strong><em>omnium</em></strong></span> <span class='ocrx_word' id='word_1_138' title='bbox 1640 1209 1797 1263; x_wconf 86' lang='lat' dir='ltr'><strong><em>voluntates</em></strong></span> <span class='ocrx_word' id='word_1_139' title='bbox 1824 1215 1910 1277; x_wconf 79' lang='lat' dir='ltr'><strong><em>atque</em></strong></span> 
     </span>
     <span class='ocr_line' id='line_1_12' title="bbox 219 1296 1909 1364; baseline -0.001 -14"><span class='ocrx_word' id='word_1_140' title='bbox 219 1300 294 1351; x_wconf 83' lang='lat' dir='ltr'><strong><em>tatur</em></strong></span> <span class='ocrx_word' id='word_1_141' title='bbox 312 1296 358 1351; x_wconf 90' lang='lat' dir='ltr'><strong><em>hic</em></strong></span> <span class='ocrx_word' id='word_1_142' title='bbox 376 1314 465 1353; x_wconf 87' lang='lat' dir='ltr'><strong><em>canon</em></strong></span> <span class='ocrx_word' id='word_1_143' title='bbox 482 1315 505 1353; x_wconf 89' lang='lat' dir='ltr'><strong><em>c.</em></strong></span> <span class='ocrx_word' id='word_1_144' title='bbox 524 1298 624 1355; x_wconf 88' lang='lat' dir='ltr'><strong><em>Nullus</em></strong></span> <span class='ocrx_word' id='word_1_145' title='bbox 641 1299 703 1353; x_wconf 90' lang='lat' dir='ltr'><strong><em>dist.</em></strong></span> <span class='ocrx_word' id='word_1_146' title='bbox 725 1304 766 1355; x_wconf 80' lang='lat' dir='ltr'><strong><em>tt.</em></strong></span> <span class='ocrx_word' id='word_1_147' title='bbox 801 1297 966 1352; x_wconf 70' lang='lat' dir='ltr'><strong><em>incondito</em></strong></span> <span class='ocrx_word' id='word_1_148' title='bbox 985 1297 1050 1353; x_wconf 84' lang='lat' dir='ltr'><strong><em>Car·</em></strong></span> <span class='ocrx_word' id='word_1_149' title='bbox 1075 1312 1236 1349; x_wconf 86' lang='lat' dir='ltr'><strong><em>consensum</em></strong></span> <span class='ocrx_word' id='word_1_150' title='bbox 1255 1297 1418 1364; x_wconf 88' lang='lat' dir='ltr'><strong><em>perdurare</em></strong></span> <span class='ocrx_word' id='word_1_151' title='bbox 1441 1297 1598 1363; x_wconf 81' lang='lat' dir='ltr'><strong><em>capnoseis,</em></strong></span> <span class='ocrx_word' id='word_1_152' title='bbox 1631 1303 1695 1350; x_wconf 88' lang='lat' dir='ltr'><strong><em>tunc</em></strong></span> <span class='ocrx_word' id='word_1_153' title='bbox 1720 1313 1782 1349; x_wconf 91' lang='lat' dir='ltr'><strong><em>eum</em></strong></span> <span class='ocrx_word' id='word_1_154' title='bbox 1806 1313 1825 1348; x_wconf 93' lang='lat' dir='ltr'><strong><em>a</em></strong></span> <span class='ocrx_word' id='word_1_155' title='bbox 1839 1313 1909 1364; x_wconf 91' lang='lat' dir='ltr'><strong><em>pro-</em></strong></span> 
     </span>
     <span class='ocr_line' id='line_1_13' title="bbox 219 1381 1910 1455; baseline -0.001 -19"><span class='ocrx_word' id='word_1_156' title='bbox 219 1381 375 1455; x_wconf 67' lang='lat' dir='ltr'><strong><em>rbaginensi</em></strong></span> <span class='ocrx_word' id='word_1_157' title='bbox 392 1383 442 1440; x_wconf 89' lang='lat' dir='ltr'><strong><em>IV.</em></strong></span> <span class='ocrx_word' id='word_1_158' title='bbox 463 1401 524 1440; x_wconf 84' lang='lat' dir='ltr'><strong><em>can.</em></strong></span> <span class='ocrx_word' id='word_1_159' title='bbox 543 1390 584 1439; x_wconf 83' lang='lat' dir='ltr'><strong><em>tt.</em></strong></span> <span class='ocrx_word' id='word_1_160' title='bbox 613 1384 739 1439; x_wconf 87' lang='lat' dir='ltr'><strong><em>similiter</em></strong></span> <span class='ocrx_word' id='word_1_161' title='bbox 762 1384 916 1450; x_wconf 88' lang='lat' dir='ltr'><strong><em>decretum,</em></strong></span> <span class='ocrx_word' id='word_1_162' title='bbox 938 1400 972 1437; x_wconf 90' lang='lat' dir='ltr'><strong><em>ne</em></strong></span> <span class='ocrx_word' id='word_1_163' title='bbox 995 1385 1051 1453; x_wconf 89' lang='lat' dir='ltr'><strong><em>epi·</em></strong></span> <span class='ocrx_word' id='word_1_164' title='bbox 1073 1382 1149 1453; x_wconf 88' lang='lat' dir='ltr'><strong><em>priis</em></strong></span> <span class='ocrx_word' id='word_1_165' title='bbox 1165 1383 1303 1452; x_wconf 89' lang='lat' dir='ltr'><strong><em>episcopis</em></strong></span> <span class='ocrx_word' id='word_1_166' title='bbox 1320 1400 1381 1436; x_wconf 92' lang='lat' dir='ltr'><strong><em>cum</em></strong></span> <span class='ocrx_word' id='word_1_167' title='bbox 1398 1390 1512 1436; x_wconf 85' lang='lat' dir='ltr'><strong><em>nostrae</em></strong></span> <span class='ocrx_word' id='word_1_168' title='bbox 1530 1382 1707 1436; x_wconf 84' lang='lat' dir='ltr'><strong><em>auctoritatis</em></strong></span> <span class='ocrx_word' id='word_1_169' title='bbox 1727 1398 1844 1435; x_wconf 89' lang='lat' dir='ltr'><strong><em>assensu</em></strong></span> <span class='ocrx_word' id='word_1_170' title='bbox 1856 1385 1910 1450; x_wconf 86' lang='lat' dir='ltr'><strong><em>fa-</em></strong></span> 
     </span>
     <span class='ocr_line' id='line_1_14' title="bbox 217 1466 1911 1539; baseline 0 -18"><span class='ocrx_word' id='word_1_171' title='bbox 217 1470 502 1538; x_wconf 87' lang='lat' dir='ltr'><strong><em>scopussinecioium</em></strong></span> <span class='ocrx_word' id='word_1_172' title='bbox 523 1487 636 1524; x_wconf 89' lang='lat' dir='ltr'><strong><em>assensu</em></strong></span> <span class='ocrx_word' id='word_1_173' title='bbox 655 1477 680 1524; x_wconf 89' lang='lat' dir='ltr'><strong><em>et</em></strong></span> <span class='ocrx_word' id='word_1_174' title='bbox 698 1471 853 1524; x_wconf 88' lang='lat' dir='ltr'><strong><em>testimonio</em></strong></span> <span class='ocrx_word' id='word_1_175' title='bbox 872 1470 988 1524; x_wconf 88' lang='lat' dir='ltr'><strong><em>clericos</em></strong></span> <span class='ocrx_word' id='word_1_176' title='bbox 1006 1489 1050 1525; x_wconf 88' lang='lat' dir='ltr'><strong><em>or·</em></strong></span> <span class='ocrx_word' id='word_1_177' title='bbox 1076 1468 1136 1520; x_wconf 89' lang='lat' dir='ltr'><strong><em>cias</em></strong></span> <span class='ocrx_word' id='word_1_178' title='bbox 1161 1470 1329 1524; x_wconf 89' lang='lat' dir='ltr'><strong><em>consecrari.</em></strong></span> <span class='ocrx_word' id='word_1_179' title='bbox 1365 1468 1493 1524; x_wconf 85' lang='lat' dir='ltr'><strong><em>Gelasius</em></strong></span> <span class='ocrx_word' id='word_1_180' title='bbox 1519 1484 1592 1539; x_wconf 83' lang='lat' dir='ltr'><strong><em>papa</em></strong></span> <span class='ocrx_word' id='word_1_181' title='bbox 1620 1469 1655 1521; x_wconf 87' lang='lat' dir='ltr'><strong><em>ud</em></strong></span> <span class='ocrx_word' id='word_1_182' title='bbox 1682 1466 1845 1538; x_wconf 88' lang='lat' dir='ltr'><strong><em>Philippum</em></strong></span> <span class='ocrx_word' id='word_1_183' title='bbox 1882 1471 1911 1522; x_wconf 87' lang='lat' dir='ltr'><strong><em>et</em></strong></span> 
     </span>
     <span class='ocr_line' id='line_1_15' title="bbox 219 1552 1909 1627; baseline -0.002 -17"><span class='ocrx_word' id='word_1_184' title='bbox 219 1553 305 1610; x_wconf 73' lang='lat' dir='ltr'><strong><em>donet.</em></strong></span> <span class='ocrx_word' id='word_1_185' title='bbox 340 1554 449 1612; x_wconf 80' lang='lat' dir='ltr'><strong><em>Citatur</em></strong></span> <span class='ocrx_word' id='word_1_186' title='bbox 471 1555 516 1609; x_wconf 90' lang='lat' dir='ltr'><strong><em>hic</em></strong></span> <span class='ocrx_word' id='word_1_187' title='bbox 537 1572 625 1611; x_wconf 88' lang='lat' dir='ltr'><strong><em>canon</em></strong></span> <span class='ocrx_word' id='word_1_188' title='bbox 644 1574 666 1611; x_wconf 94' lang='lat' dir='ltr'><strong><em>c.</em></strong></span> <span class='ocrx_word' id='word_1_189' title='bbox 685 1556 814 1627; x_wconf 87' lang='lat' dir='ltr'><strong><em>Episcop.</em></strong></span> <span class='ocrx_word' id='word_1_190' title='bbox 841 1557 903 1611; x_wconf 83' lang='lat' dir='ltr'><strong><em>dist</em></strong></span> <span class='ocrx_word' id='word_1_191' title='bbox 923 1556 982 1612; x_wconf 90' lang='lat' dir='ltr'><strong><em>esd.</em></strong></span> <span class='ocrx_word' id='word_1_192' title='bbox 1007 1557 1050 1610; x_wconf 91' lang='lat' dir='ltr'><strong><em>bis</em></strong></span> <span class='ocrx_word' id='word_1_193' title='bbox 1076 1552 1260 1608; x_wconf 79' lang='lat' dir='ltr'><strong><em>Gerontinum</em></strong></span> <span class='ocrx_word' id='word_1_194' title='bbox 1280 1555 1422 1626; x_wconf 88' lang='lat' dir='ltr'><strong><em>episcopos</em></strong></span> <span class='ocrx_word' id='word_1_195' title='bbox 1448 1560 1476 1608; x_wconf 89' lang='lat' dir='ltr'><strong><em>et</em></strong></span> <span class='ocrx_word' id='word_1_196' title='bbox 1500 1555 1601 1609; x_wconf 84' lang='lat' dir='ltr'><strong><em>citetur</em></strong></span> <span class='ocrx_word' id='word_1_197' title='bbox 1617 1571 1642 1608; x_wconf 89' lang='lat' dir='ltr'><strong><em>c.</em></strong></span> <span class='ocrx_word' id='word_1_198' title='bbox 1660 1553 1745 1609; x_wconf 90' lang='lat' dir='ltr'><strong><em>Plebs</em></strong></span> <span class='ocrx_word' id='word_1_199' title='bbox 1765 1553 1909 1609; x_wconf 89' lang='lat' dir='ltr'><strong><em>Dicteren-</em></strong></span> 
     </span>
    </p>
   </div>
   <div class='ocr_carea' id='block_1_3' title="bbox 88 1640 1911 5611">
    <p class='ocr_par' dir='ltr' id='par_1_3' title="bbox 88 1640 1911 5611">
     <span class='ocr_line' id='line_1_16' title="bbox 217 1640 1911 1713; baseline -0.003 -16"><span class='ocrx_word' id='word_1_200' title='bbox 217 1642 328 1698; x_wconf 87' lang='lat' dir='ltr'><strong><em>omnino</em></strong></span> <span class='ocrx_word' id='word_1_201' title='bbox 346 1641 453 1697; x_wconf 82' lang='lat' dir='ltr'><strong><em>verbis:</em></strong></span> <span class='ocrx_word' id='word_1_202' title='bbox 476 1644 637 1713; x_wconf 80' lang='lat' dir='ltr'><strong><em>Episcopus</em></strong></span> <span class='ocrx_word' id='word_1_203' title='bbox 660 1645 720 1697; x_wconf 88' lang='lat' dir='ltr'><strong><em>sine</em></strong></span> <span class='ocrx_word' id='word_1_204' title='bbox 745 1644 864 1698; x_wconf 89' lang='lat' dir='ltr'><strong><em>concilio</em></strong></span> <span class='ocrx_word' id='word_1_205' title='bbox 885 1645 1049 1698; x_wconf 88' lang='lat' dir='ltr'><strong><em>clericorum</em></strong></span> <span class='ocrx_word' id='word_1_206' title='bbox 1075 1640 1112 1694; x_wconf 91' lang='lat' dir='ltr'><strong><em>sis</em></strong></span> <span class='ocrx_word' id='word_1_207' title='bbox 1133 1640 1195 1694; x_wconf 86' lang='lat' dir='ltr'><strong><em>dist.</em></strong></span> <span class='ocrx_word' id='word_1_208' title='bbox 1212 1641 1286 1696; x_wconf 77' lang='lat' dir='ltr'><strong><em>esd:</em></strong></span> <span class='ocrx_word' id='word_1_209' title='bbox 1306 1642 1390 1694; x_wconf 83' lang='lat' dir='ltr'><strong><em>Plebs</em></strong></span> <span class='ocrx_word' id='word_1_210' title='bbox 1404 1641 1579 1694; x_wconf 86' lang='lat' dir='ltr'><strong><em>Dioterensis</em></strong></span> <span class='ocrx_word' id='word_1_211' title='bbox 1592 1643 1663 1698; x_wconf 78' lang='lat' dir='ltr'><strong><em>clato</em></strong></span> <span class='ocrx_word' id='word_1_212' title='bbox 1679 1641 1759 1694; x_wconf 85' lang='lat' dir='ltr'><strong><em>nobis</em></strong></span> <span class='ocrx_word' id='word_1_213' title='bbox 1772 1640 1911 1709; x_wconf 85' lang='lat' dir='ltr'><strong><em>petitione</em></strong></span> 
     </span>
     <span class='ocr_line' id='line_1_17' title="bbox 216 1727 1910 1797; baseline -0.002 -15"><span class='ocrx_word' id='word_1_214' title='bbox 216 1746 330 1782; x_wconf 80' lang='lat' dir='ltr'><strong><em>suomem</em></strong></span> <span class='ocrx_word' id='word_1_215' title='bbox 348 1729 464 1782; x_wconf 88' lang='lat' dir='ltr'><strong><em>clericos</em></strong></span> <span class='ocrx_word' id='word_1_216' title='bbox 489 1747 544 1783; x_wconf 88' lang='lat' dir='ltr'><strong><em>non</em></strong></span> <span class='ocrx_word' id='word_1_217' title='bbox 563 1732 686 1796; x_wconf 85' lang='lat' dir='ltr'><strong><em>ordinet,</em></strong></span> <span class='ocrx_word' id='word_1_218' title='bbox 715 1732 757 1784; x_wconf 90' lang='lat' dir='ltr'><strong><em>ita</em></strong></span> <span class='ocrx_word' id='word_1_219' title='bbox 780 1739 810 1784; x_wconf 88' lang='lat' dir='ltr'><strong><em>ut</em></strong></span> <span class='ocrx_word' id='word_1_220' title='bbox 827 1731 927 1784; x_wconf 69' lang='lat' dir='ltr'><strong><em>muium</em></strong></span> <span class='ocrx_word' id='word_1_221' title='bbox 956 1731 1049 1785; x_wconf 88' lang='lat' dir='ltr'><strong><em>conni-</em></strong></span> <span class='ocrx_word' id='word_1_222' title='bbox 1076 1728 1185 1796; x_wconf 76' lang='lat' dir='ltr'><strong><em>deflevit</em></strong></span> <span class='ocrx_word' id='word_1_223' title='bbox 1209 1730 1274 1791; x_wconf 77' lang='lat' dir='ltr'><strong><em>deu,</em></strong></span> <span class='ocrx_word' id='word_1_224' title='bbox 1300 1746 1330 1781; x_wconf 89' lang='lat' dir='ltr'><strong><em>sc</em></strong></span> <span class='ocrx_word' id='word_1_225' title='bbox 1353 1728 1413 1781; x_wconf 88' lang='lat' dir='ltr'><strong><em>sine</em></strong></span> <span class='ocrx_word' id='word_1_226' title='bbox 1435 1728 1553 1781; x_wconf 87' lang='lat' dir='ltr'><strong><em>rectoris</em></strong></span> <span class='ocrx_word' id='word_1_227' title='bbox 1573 1727 1691 1797; x_wconf 87' lang='lat' dir='ltr'><strong><em>proprii</em></strong></span> <span class='ocrx_word' id='word_1_228' title='bbox 1708 1727 1910 1795; x_wconf 79' lang='lat' dir='ltr'><strong><em>pubernatione</em></strong></span> 
     </span>
     <span class='ocr_line' id='line_1_18' title="bbox 216 1814 1910 1886; baseline 0.004 -19"><span class='ocrx_word' id='word_1_229' title='bbox 216 1816 336 1868; x_wconf 84' lang='lat' dir='ltr'><strong><em>rentiam</em></strong></span> <span class='ocrx_word' id='word_1_230' title='bbox 354 1822 381 1867; x_wconf 88' lang='lat' dir='ltr'><strong><em>et</em></strong></span> <span class='ocrx_word' id='word_1_231' title='bbox 401 1817 586 1870; x_wconf 83' lang='lat' dir='ltr'><strong><em>testimonium</em></strong></span> <span class='ocrx_word' id='word_1_232' title='bbox 607 1825 731 1886; x_wconf 80' lang='lat' dir='ltr'><strong><em>quaerat.</em></strong></span> <span class='ocrx_word' id='word_1_233' title='bbox 765 1819 798 1873; x_wconf 94' lang='lat' dir='ltr'><strong><em>In</em></strong></span> <span class='ocrx_word' id='word_1_234' title='bbox 821 1817 937 1873; x_wconf 85' lang='lat' dir='ltr'><strong><em>concilio</em></strong></span> <span class='ocrx_word' id='word_1_235' title='bbox 957 1817 1048 1875; x_wconf 81' lang='lat' dir='ltr'><strong><em>Nana-</em></strong></span> <span class='ocrx_word' id='word_1_236' title='bbox 1075 1814 1209 1883; x_wconf 50' lang='lat' dir='ltr'><strong><em>differet}</em></strong></span> <span class='ocrx_word' id='word_1_237' title='bbox 1230 1833 1263 1867; x_wconf 72' lang='lat' dir='ltr'><strong><em>ac</em></strong></span> <span class='ocrx_word' id='word_1_238' title='bbox 1277 1815 1349 1868; x_wconf 59' lang='lat' dir='ltr'><strong><em>citui</em></strong></span> <span class='ocrx_word' id='word_1_239' title='bbox 1366 1814 1503 1867; x_wconf 66' lang='lat' dir='ltr'><strong><em>atteritur</em></strong></span> <span class='ocrx_word' id='word_1_240' title='bbox 1521 1814 1554 1882; x_wconf 69' lang='lat'><strong><em>2⁸⁸,</em></strong></span> <span class='ocrx_word' id='word_1_241' title='bbox 1568 1814 1618 1882; x_wconf 80' lang='lat' dir='ltr'><strong><em>qui</em></strong></span> <span class='ocrx_word' id='word_1_242' title='bbox 1633 1814 1693 1880; x_wconf 72' lang='lat' dir='ltr'><strong><em>iam</em></strong></span> <span class='ocrx_word' id='word_1_243' title='bbox 1711 1831 1730 1866; x_wconf 76' lang='lat' dir='ltr'><strong><em>a</em></strong></span> <span class='ocrx_word' id='word_1_244' title='bbox 1749 1814 1825 1866; x_wconf 66' lang='lat' dir='ltr'><strong><em>vobit</em></strong></span> <span class='ocrx_word' id='word_1_245' title='bbox 1839 1831 1910 1882; x_wconf 73' lang='lat' dir='ltr'><strong><em>pro·</em></strong></span> 
     </span>
     <span class='ocr_line' id='line_1_19' title="bbox 217 1900 1908 1970; baseline -0.002 -15"><span class='ocrx_word' id='word_1_246' title='bbox 217 1900 288 1955; x_wconf 88' lang='lat' dir='ltr'><strong><em>tensi</em></strong></span> <span class='ocrx_word' id='word_1_247' title='bbox 307 1901 442 1957; x_wconf 84' lang='lat' dir='ltr'><strong><em>referente</em></strong></span> <span class='ocrx_word' id='word_1_248' title='bbox 462 1903 546 1957; x_wconf 84' lang='lat' dir='ltr'><strong><em>irone</em></strong></span> <span class='ocrx_word' id='word_1_249' title='bbox 559 1903 724 1959; x_wconf 78' lang='lat' dir='ltr'><strong><em>carnutensi</em></strong></span> <span class='ocrx_word' id='word_1_250' title='bbox 741 1903 790 1959; x_wconf 93' lang='lat' dir='ltr'><strong><em>lib.</em></strong></span> <span class='ocrx_word' id='word_1_251' title='bbox 808 1909 831 1959; x_wconf 88' lang='grc'><strong><em>3.</em></strong></span> <span class='ocrx_word' id='word_1_252' title='bbox 852 1904 886 1958; x_wconf 92' lang='lat' dir='ltr'><strong><em>de</em></strong></span> <span class='ocrx_word' id='word_1_253' title='bbox 899 1912 1048 1959; x_wconf 83' lang='lat' dir='ltr'><strong><em>consecrat.</em></strong></span> <span class='ocrx_word' id='word_1_254' title='bbox 1076 1900 1153 1954; x_wconf 82' lang='lat' dir='ltr'><strong><em>batus</em></strong></span> <span class='ocrx_word' id='word_1_255' title='bbox 1175 1901 1295 1968; x_wconf 85' lang='lat' dir='ltr'><strong><em>dicitur,</em></strong></span> <span class='ocrx_word' id='word_1_256' title='bbox 1317 1920 1335 1954; x_wconf 90' lang='lat' dir='ltr'><strong><em>a</em></strong></span> <span class='ocrx_word' id='word_1_257' title='bbox 1349 1901 1453 1970; x_wconf 87' lang='lat' dir='ltr'><strong><em>paucis</em></strong></span> <span class='ocrx_word' id='word_1_258' title='bbox 1469 1908 1495 1953; x_wconf 88' lang='lat' dir='ltr'><strong><em>et</em></strong></span> <span class='ocrx_word' id='word_1_259' title='bbox 1516 1901 1643 1954; x_wconf 82' lang='lat' dir='ltr'><strong><em>tenuibus</em></strong></span> <span class='ocrx_word' id='word_1_260' title='bbox 1659 1906 1776 1968; x_wconf 88' lang='lat' dir='ltr'><strong><em>putatur</em></strong></span> <span class='ocrx_word' id='word_1_261' title='bbox 1796 1900 1908 1966; x_wconf 87' lang='lat' dir='ltr'><strong><em>electus,</em></strong></span> 
     </span>
     <span class='ocr_line' id='line_1_20' title="bbox 216 1986 1909 2058; baseline -0.001 -19"><span class='ocrx_word' id='word_1_262' title='bbox 216 1986 336 2058; x_wconf 88' lang='lat' dir='ltr'><strong><em>episcop.</em></strong></span> <span class='ocrx_word' id='word_1_263' title='bbox 356 1993 385 2041; x_wconf 89' lang='lat' dir='ltr'><strong><em>et</em></strong></span> <span class='ocrx_word' id='word_1_264' title='bbox 401 1987 535 2043; x_wconf 80' lang='lat' dir='ltr'><strong><em>Gratiano</em></strong></span> <span class='ocrx_word' id='word_1_265' title='bbox 547 1989 575 2043; x_wconf 87' lang='lat' dir='ltr'><strong><em>in</em></strong></span> <span class='ocrx_word' id='word_1_266' title='bbox 589 1989 706 2045; x_wconf 83' lang='lat' dir='ltr'><strong><em>decretis</em></strong></span> <span class='ocrx_word' id='word_1_267' title='bbox 725 2008 747 2045; x_wconf 82' lang='lat' dir='ltr'><strong><em>c.</em></strong></span> <span class='ocrx_word' id='word_1_268' title='bbox 784 1989 901 2054; x_wconf 78' lang='lat' dir='ltr'><strong><em>Quando</em></strong></span> <span class='ocrx_word' id='word_1_269' title='bbox 921 1990 985 2046; x_wconf 79' lang='lat' dir='ltr'><strong><em>dist,</em></strong></span> <span class='ocrx_word' id='word_1_270' title='bbox 1006 1997 1047 2047; x_wconf 78' lang='lat'><strong><em>24,</em></strong></span> <span class='ocrx_word' id='word_1_271' title='bbox 1076 2005 1136 2039; x_wconf 90' lang='lat' dir='ltr'><strong><em>cum</em></strong></span> <span class='ocrx_word' id='word_1_272' title='bbox 1154 1990 1195 2040; x_wconf 91' lang='lat' dir='ltr'><strong><em>ad</em></strong></span> <span class='ocrx_word' id='word_1_273' title='bbox 1211 2005 1258 2041; x_wconf 87' lang='lat' dir='ltr'><strong><em>uos</em></strong></span> <span class='ocrx_word' id='word_1_274' title='bbox 1269 1988 1569 2057; x_wconf 82' lang='lat' dir='ltr'><strong><em>pertineatunioersos</em></strong></span> <span class='ocrx_word' id='word_1_275' title='bbox 1584 1988 1702 2040; x_wconf 88' lang='lat' dir='ltr'><strong><em>assidua</em></strong></span> <span class='ocrx_word' id='word_1_276' title='bbox 1718 1987 1909 2040; x_wconf 81' lang='lat' dir='ltr'><strong><em>admonitione</em></strong></span> 
     </span>
     <span class='ocr_line' id='line_1_21' title="bbox 217 2073 1909 2146; baseline -0.002 -18"><span class='ocrx_word' id='word_1_277' title='bbox 217 2073 409 2140; x_wconf 88' lang='lat' dir='ltr'><strong><em>constitutum,</em></strong></span> <span class='ocrx_word' id='word_1_278' title='bbox 443 2078 520 2146; x_wconf 72' lang='lat' dir='ltr'><strong><em>quod</em></strong></span> <span class='ocrx_word' id='word_1_279' title='bbox 544 2085 609 2130; x_wconf 90' lang='lat' dir='ltr'><strong><em>ante</em></strong></span> <span class='ocrx_word' id='word_1_280' title='bbox 631 2077 836 2130; x_wconf 84' lang='lat' dir='ltr'><strong><em>ordinationem</em></strong></span> <span class='ocrx_word' id='word_1_281' title='bbox 861 2077 1007 2146; x_wconf 89' lang='lat' dir='ltr'><strong><em>episcopus</em></strong></span> <span class='ocrx_word' id='word_1_282' title='bbox 1031 2097 1049 2130; x_wconf 89' lang='lat' dir='ltr'><strong><em>a</em></strong></span> <span class='ocrx_word' id='word_1_283' title='bbox 1075 2075 1248 2144; x_wconf 88' lang='lat' dir='ltr'><strong><em>compellere,</em></strong></span> <span class='ocrx_word' id='word_1_284' title='bbox 1267 2075 1565 2140; x_wconf 67' lang='lat' dir='ltr'><strong><em>damnosissimum,</em></strong></span> <span class='ocrx_word' id='word_1_285' title='bbox 1584 2090 1663 2142; x_wconf 77' lang='lat' dir='ltr'><strong><em>prtem</em></strong></span> <span class='ocrx_word' id='word_1_286' title='bbox 1683 2075 1909 2141; x_wconf 82' lang='lat' dir='ltr'><strong><em>dipnumsacer·</em></strong></span> 
     </span>
     <span class='ocr_line' id='line_1_22' title="bbox 215 2160 1908 2234; baseline -0.001 -20"><span class='ocrx_word' id='word_1_287' title='bbox 215 2160 306 2233; x_wconf 84' lang='lat' dir='ltr'><strong><em>latere</em></strong></span> <span class='ocrx_word' id='word_1_288' title='bbox 323 2179 374 2216; x_wconf 89' lang='lat' dir='ltr'><strong><em>suo</em></strong></span> <span class='ocrx_word' id='word_1_289' title='bbox 392 2162 471 2216; x_wconf 89' lang='lat' dir='ltr'><strong><em>debet</em></strong></span> <span class='ocrx_word' id='word_1_290' title='bbox 490 2163 592 2234; x_wconf 81' lang='lat' dir='ltr'><strong><em>elipere</em></strong></span> <span class='ocrx_word' id='word_1_291' title='bbox 611 2167 771 2219; x_wconf 81' lang='lat' dir='ltr'><strong><em>sacerdotes</em></strong></span> <span class='ocrx_word' id='word_1_292' title='bbox 791 2172 816 2217; x_wconf 87' lang='lat' dir='ltr'><strong><em>et</em></strong></span> <span class='ocrx_word' id='word_1_293' title='bbox 834 2165 908 2218; x_wconf 89' lang='lat' dir='ltr'><strong><em>alios</em></strong></span> <span class='ocrx_word' id='word_1_294' title='bbox 923 2167 1048 2233; x_wconf 86' lang='lat' dir='ltr'><strong><em>pruden-</em></strong></span> <span class='ocrx_word' id='word_1_295' title='bbox 1076 2161 1153 2214; x_wconf 87' lang='lat' dir='ltr'><strong><em>dolio</em></strong></span> <span class='ocrx_word' id='word_1_296' title='bbox 1171 2161 1300 2228; x_wconf 85' lang='lat' dir='ltr'><strong><em>viderint,</em></strong></span> <span class='ocrx_word' id='word_1_297' title='bbox 1322 2169 1348 2214; x_wconf 91' lang='lat' dir='ltr'><strong><em>et</em></strong></span> <span class='ocrx_word' id='word_1_298' title='bbox 1366 2161 1426 2214; x_wconf 88' lang='lat' dir='ltr'><strong><em>sine</em></strong></span> <span class='ocrx_word' id='word_1_299' title='bbox 1444 2161 1543 2229; x_wconf 77' lang='lat' dir='ltr'><strong><em>alipta</em></strong></span> <span class='ocrx_word' id='word_1_300' title='bbox 1562 2160 1774 2228; x_wconf 73' lang='lat' dir='ltr'><strong><em>reprehensione</em></strong></span> <span class='ocrx_word' id='word_1_301' title='bbox 1795 2176 1908 2213; x_wconf 88' lang='lat' dir='ltr'><strong><em>consen-</em></strong></span> 
     </span>
     <span class='ocr_line' id='line_1_23' title="bbox 216 2247 1908 2318; baseline -0.001 -18"><span class='ocrx_word' id='word_1_302' title='bbox 216 2253 257 2301; x_wconf 86' lang='lat' dir='ltr'><strong><em>tes</em></strong></span> <span class='ocrx_word' id='word_1_303' title='bbox 273 2247 348 2302; x_wconf 86' lang='lat' dir='ltr'><strong><em>oiros</em></strong></span> <span class='ocrx_word' id='word_1_304' title='bbox 367 2266 472 2318; x_wconf 83' lang='lat' dir='ltr'><strong><em>pueros</em></strong></span> <span class='ocrx_word' id='word_1_305' title='bbox 491 2251 604 2305; x_wconf 85' lang='lat' dir='ltr'><strong><em>diuinae</em></strong></span> <span class='ocrx_word' id='word_1_306' title='bbox 623 2251 708 2318; x_wconf 83' lang='lat' dir='ltr'><strong><em>lepis,</em></strong></span> <span class='ocrx_word' id='word_1_307' title='bbox 735 2251 900 2304; x_wconf 75' lang='lat' dir='ltr'><strong><em>exercitatos</em></strong></span> <span class='ocrx_word' id='word_1_308' title='bbox 917 2251 947 2304; x_wconf 90' lang='lat' dir='ltr'><strong><em>in</em></strong></span> <span class='ocrx_word' id='word_1_309' title='bbox 964 2253 1047 2305; x_wconf 87' lang='lat' dir='ltr'><strong><em>cccle-</em></strong></span> <span class='ocrx_word' id='word_1_310' title='bbox 1075 2247 1154 2302; x_wconf 86' lang='lat' dir='ltr'><strong><em>tiant.</em></strong></span> <span class='ocrx_word' id='word_1_311' title='bbox 1195 2248 1233 2299; x_wconf 87' lang='lat' dir='ltr'><strong><em>Et</em></strong></span> <span class='ocrx_word' id='word_1_312' title='bbox 1258 2247 1323 2301; x_wconf 88' lang='lat' dir='ltr'><strong><em>idco</em></strong></span> <span class='ocrx_word' id='word_1_313' title='bbox 1344 2248 1452 2312; x_wconf 74' lang='lat' dir='ltr'><strong><em>fratres</em></strong></span> <span class='ocrx_word' id='word_1_314' title='bbox 1476 2247 1618 2300; x_wconf 85' lang='lat' dir='ltr'><strong><em>carissimi</em></strong></span> <span class='ocrx_word' id='word_1_315' title='bbox 1639 2247 1764 2301; x_wconf 84' lang='lat' dir='ltr'><strong><em>diuersos</em></strong></span> <span class='ocrx_word' id='word_1_316' title='bbox 1789 2263 1822 2298; x_wconf 82' lang='lat' dir='ltr'><strong><em>ee</em></strong></span> <span class='ocrx_word' id='word_1_317' title='bbox 1853 2264 1908 2299; x_wconf 92' lang='lat' dir='ltr'><strong><em>om·</em></strong></span> 
     </span>
     <span class='ocr_line' id='line_1_24' title="bbox 215 2333 1909 2406; baseline -0.001 -20"><span class='ocrx_word' id='word_1_318' title='bbox 215 2333 337 2388; x_wconf 64' lang='lat' dir='ltr'><strong><em>masticis</em></strong></span> <span class='ocrx_word' id='word_1_319' title='bbox 344 2335 542 2403; x_wconf 82' lang='lat' dir='ltr'><strong><em>functionibus,</em></strong></span> <span class='ocrx_word' id='word_1_320' title='bbox 553 2337 602 2406; x_wconf 78' lang='lat' dir='ltr'><strong><em>qui</em></strong></span> <span class='ocrx_word' id='word_1_321' title='bbox 613 2337 836 2390; x_wconf 86' lang='lat' dir='ltr'><strong><em>ordinandorum</em></strong></span> <span class='ocrx_word' id='word_1_322' title='bbox 849 2337 942 2405; x_wconf 85' lang='lat' dir='ltr'><strong><em>vitam,</em></strong></span> <span class='ocrx_word' id='word_1_323' title='bbox 954 2352 1048 2404; x_wconf 84' lang='lat' dir='ltr'><strong><em>penus,</em></strong></span> <span class='ocrx_word' id='word_1_324' title='bbox 1074 2334 1154 2387; x_wconf 86' lang='lat' dir='ltr'><strong><em>nibus</em></strong></span> <span class='ocrx_word' id='word_1_325' title='bbox 1174 2351 1258 2404; x_wconf 87' lang='lat' dir='ltr'><strong><em>saepe</em></strong></span> <span class='ocrx_word' id='word_1_326' title='bbox 1284 2335 1355 2388; x_wconf 87' lang='lat' dir='ltr'><strong><em>dicti</em></strong></span> <span class='ocrx_word' id='word_1_327' title='bbox 1373 2335 1428 2387; x_wconf 88' lang='lat' dir='ltr'><strong><em>ioci</em></strong></span> <span class='ocrx_word' id='word_1_328' title='bbox 1452 2334 1597 2404; x_wconf 84' lang='lat' dir='ltr'><strong><em>paroeciis</em></strong></span> <span class='ocrx_word' id='word_1_329' title='bbox 1615 2341 1640 2386; x_wconf 90' lang='lat' dir='ltr'><strong><em>et</em></strong></span> <span class='ocrx_word' id='word_1_330' title='bbox 1662 2334 1850 2402; x_wconf 74' lang='lat' dir='ltr'><strong><em>presbyteros,</em></strong></span> <span class='ocrx_word' id='word_1_331' title='bbox 1882 2342 1909 2386; x_wconf 89' lang='lat' dir='ltr'><strong><em>et</em></strong></span> 
     </span>
     <span class='ocr_line' id='line_1_25' title="bbox 212 2420 1908 2491; baseline 0 -19"><span class='ocrx_word' id='word_1_332' title='bbox 212 2420 351 2490; x_wconf 65' lang='lat' dir='ltr'><strong><em>parram,</em></strong></span> <span class='ocrx_word' id='word_1_333' title='bbox 366 2429 498 2491; x_wconf 74' lang='lat' dir='ltr'><strong><em>aetatm,</em></strong></span> <span class='ocrx_word' id='word_1_334' title='bbox 525 2421 736 2487; x_wconf 82' lang='lat' dir='ltr'><strong><em>institutionem,</em></strong></span> <span class='ocrx_word' id='word_1_335' title='bbox 764 2422 854 2476; x_wconf 87' lang='lat' dir='ltr'><strong><em>locum</em></strong></span> <span class='ocrx_word' id='word_1_336' title='bbox 871 2424 919 2476; x_wconf 88' lang='lat' dir='ltr'><strong><em>ubi</em></strong></span> <span class='ocrx_word' id='word_1_337' title='bbox 936 2423 1049 2477; x_wconf 87' lang='lat' dir='ltr'><strong><em>educati</em></strong></span> <span class='ocrx_word' id='word_1_338' title='bbox 1074 2421 1217 2488; x_wconf 87' lang='lat' dir='ltr'><strong><em>diaconos,</em></strong></span> <span class='ocrx_word' id='word_1_339' title='bbox 1235 2429 1261 2474; x_wconf 91' lang='lat' dir='ltr'><strong><em>et</em></strong></span> <span class='ocrx_word' id='word_1_340' title='bbox 1282 2422 1441 2474; x_wconf 84' lang='lat' dir='ltr'><strong><em>uniuersam</em></strong></span> <span class='ocrx_word' id='word_1_341' title='bbox 1459 2420 1568 2473; x_wconf 90' lang='lat' dir='ltr'><strong><em>turbam</em></strong></span> <span class='ocrx_word' id='word_1_342' title='bbox 1588 2438 1636 2472; x_wconf 83' lang='lat' dir='ltr'><strong><em>vos</em></strong></span> <span class='ocrx_word' id='word_1_343' title='bbox 1656 2423 1769 2488; x_wconf 85' lang='lat' dir='ltr'><strong><em>&#39;oportet</em></strong></span> <span class='ocrx_word' id='word_1_344' title='bbox 1795 2420 1908 2488; x_wconf 78' lang='lat' dir='ltr'><strong><em>caepim</em></strong></span> 
     </span>
     <span class='ocr_line' id='line_1_26' title="bbox 215 2506 1908 2577; baseline -0.001 -17"><span class='ocrx_word' id='word_1_345' title='bbox 215 2513 287 2574; x_wconf 86' lang='lat' dir='ltr'><strong><em>sunt,</em></strong></span> <span class='ocrx_word' id='word_1_346' title='bbox 304 2507 455 2577; x_wconf 79' lang='lat' dir='ltr'><strong><em>ditipeuter</em></strong></span> <span class='ocrx_word' id='word_1_347' title='bbox 473 2508 633 2575; x_wconf 82' lang='lat' dir='ltr'><strong><em>inoestipent</em></strong></span> <span class='ocrx_word' id='word_1_348' title='bbox 647 2514 697 2563; x_wconf 91' lang='lat' dir='ltr'><strong><em>etc.</em></strong></span> <span class='ocrx_word' id='word_1_349' title='bbox 718 2509 793 2563; x_wconf 85' lang='lat' dir='ltr'><strong><em>alias</em></strong></span> <span class='ocrx_word' id='word_1_350' title='bbox 805 2518 897 2562; x_wconf 91' lang='lat' dir='ltr'><strong><em>autem</em></strong></span> <span class='ocrx_word' id='word_1_351' title='bbox 915 2510 975 2563; x_wconf 88' lang='lat' dir='ltr'><strong><em>sine</em></strong></span> <span class='ocrx_word' id='word_1_352' title='bbox 991 2511 1044 2564; x_wconf 91' lang='lat' dir='ltr'><strong><em>cle-</em></strong></span> <span class='ocrx_word' id='word_1_353' title='bbox 1074 2523 1233 2574; x_wconf 87' lang='lat' dir='ltr'><strong><em>conuocare,</em></strong></span> <span class='ocrx_word' id='word_1_354' title='bbox 1251 2515 1387 2576; x_wconf 74' lang='lat' dir='ltr'><strong><em>quatenns</em></strong></span> <span class='ocrx_word' id='word_1_355' title='bbox 1406 2526 1461 2560; x_wconf 91' lang='lat' dir='ltr'><strong><em>non</em></strong></span> <span class='ocrx_word' id='word_1_356' title='bbox 1476 2515 1563 2577; x_wconf 88' lang='lat' dir='ltr'><strong><em>prout</em></strong></span> <span class='ocrx_word' id='word_1_357' title='bbox 1584 2507 1695 2576; x_wconf 85' lang='lat' dir='ltr'><strong><em>cuilibet</em></strong></span> <span class='ocrx_word' id='word_1_358' title='bbox 1712 2506 1838 2571; x_wconf 88' lang='lat' dir='ltr'><strong><em>libuerit,</em></strong></span> <span class='ocrx_word' id='word_1_359' title='bbox 1856 2510 1908 2561; x_wconf 89' lang='lat' dir='ltr'><strong><em>scd</em></strong></span> 
     </span>
     <span class='ocr_line' id='line_1_27' title="bbox 215 2593 1907 2664; baseline 0.001 -19"><span class='ocrx_word' id='word_1_360' title='bbox 215 2593 338 2647; x_wconf 90' lang='lat' dir='ltr'><strong><em>ricorum</em></strong></span> <span class='ocrx_word' id='word_1_361' title='bbox 351 2593 478 2646; x_wconf 87' lang='lat' dir='ltr'><strong><em>uidelicet</em></strong></span> <span class='ocrx_word' id='word_1_362' title='bbox 491 2594 610 2648; x_wconf 87' lang='lat' dir='ltr'><strong><em>concilio</em></strong></span> <span class='ocrx_word' id='word_1_363' title='bbox 624 2602 649 2647; x_wconf 90' lang='lat' dir='ltr'><strong><em>et</em></strong></span> <span class='ocrx_word' id='word_1_364' title='bbox 657 2595 760 2664; x_wconf 83' lang='lat' dir='ltr'><strong><em>populi</em></strong></span> <span class='ocrx_word' id='word_1_365' title='bbox 773 2596 927 2650; x_wconf 88' lang='lat' dir='ltr'><strong><em>testimonio</em></strong></span> <span class='ocrx_word' id='word_1_366' title='bbox 938 2596 1046 2650; x_wconf 88' lang='lat' dir='ltr'><strong><em>nultum</em></strong></span> <span class='ocrx_word' id='word_1_367' title='bbox 1073 2594 1305 2647; x_wconf 83' lang='lat' dir='ltr'><strong><em>concordantibus</em></strong></span> <span class='ocrx_word' id='word_1_368' title='bbox 1339 2595 1441 2647; x_wconf 90' lang='lat' dir='ltr'><strong><em>animis</em></strong></span> <span class='ocrx_word' id='word_1_369' title='bbox 1469 2595 1553 2647; x_wconf 89' lang='lat' dir='ltr'><strong><em>talem</em></strong></span> <span class='ocrx_word' id='word_1_370' title='bbox 1584 2594 1662 2647; x_wconf 83' lang='lat' dir='ltr'><strong><em>vobis</em></strong></span> <span class='ocrx_word' id='word_1_371' title='bbox 1695 2594 1907 2646; x_wconf 87' lang='lat' dir='ltr'><strong><em>admonentibus</em></strong></span> 
     </span>
     <span class='ocr_line' id='line_1_28' title="bbox 216 2678 1905 2751; baseline 0.001 -19"><span class='ocrx_word' id='word_1_372' title='bbox 216 2678 364 2750; x_wconf 71' lang='lat' dir='ltr'><strong><em>opiscopus</em></strong></span> <span class='ocrx_word' id='word_1_373' title='bbox 377 2679 692 2750; x_wconf 73' lang='lat' dir='ltr'><strong><em>orrlrisarepraesumat.</em></strong></span> <span class='ocrx_word' id='word_1_374' title='bbox 727 2682 760 2736; x_wconf 93' lang='lat' dir='ltr'><strong><em>In</em></strong></span> <span class='ocrx_word' id='word_1_375' title='bbox 780 2682 894 2736; x_wconf 89' lang='lat' dir='ltr'><strong><em>consilio</em></strong></span> <span class='ocrx_word' id='word_1_376' title='bbox 912 2682 1046 2737; x_wconf 83' lang='lat' dir='ltr'><strong><em>Toletano</em></strong></span> <span class='ocrx_word' id='word_1_377' title='bbox 1072 2679 1128 2732; x_wconf 84' lang='lat' dir='ltr'><strong><em>sibi</em></strong></span> <span class='ocrx_word' id='word_1_378' title='bbox 1144 2687 1281 2748; x_wconf 77' lang='lat' dir='ltr'><strong><em>pmerant</em></strong></span> <span class='ocrx_word' id='word_1_379' title='bbox 1306 2681 1370 2733; x_wconf 90' lang='lat' dir='ltr'><strong><em>solu</em></strong></span> <span class='ocrx_word' id='word_1_380' title='bbox 1392 2680 1550 2733; x_wconf 85' lang='lat' dir='ltr'><strong><em>diuinitatis</em></strong></span> <span class='ocrx_word' id='word_1_381' title='bbox 1574 2679 1724 2732; x_wconf 86' lang='lat' dir='ltr'><strong><em>attentione</em></strong></span> <span class='ocrx_word' id='word_1_382' title='bbox 1744 2696 1905 2751; x_wconf 72' lang='lat' dir='ltr'><strong><em>paronam,</em></strong></span> 
     </span>
     <span class='ocr_line' id='line_1_29' title="bbox 216 2760 1906 2840; baseline 0.002 -22"><span class='ocrx_word' id='word_1_383' title='bbox 216 2760 282 2821; x_wconf 91' lang='lat' dir='ltr'>XII.</span> <span class='ocrx_word' id='word_1_384' title='bbox 294 2781 353 2820; x_wconf 84' lang='lat' dir='ltr'><strong><em>can.</em></strong></span> <span class='ocrx_word' id='word_1_385' title='bbox 369 2771 394 2820; x_wconf 87' lang='grc'><strong><em>6.</em></strong></span> <span class='ocrx_word' id='word_1_386' title='bbox 404 2765 455 2836; x_wconf 84' lang='lat' dir='ltr'><strong><em>qui</em></strong></span> <span class='ocrx_word' id='word_1_387' title='bbox 473 2765 575 2820; x_wconf 86' lang='lat' dir='ltr'><strong><em>citatur</em></strong></span> <span class='ocrx_word' id='word_1_388' title='bbox 592 2785 614 2823; x_wconf 91' lang='lat' dir='ltr'><strong><em>c.</em></strong></span> <span class='ocrx_word' id='word_1_389' title='bbox 628 2785 691 2822; x_wconf 90' lang='lat' dir='ltr'><strong><em>cum</em></strong></span> <span class='ocrx_word' id='word_1_390' title='bbox 708 2768 791 2840; x_wconf 79' lang='lat' dir='ltr'><strong><em>longe</em></strong></span> <span class='ocrx_word' id='word_1_391' title='bbox 804 2769 866 2824; x_wconf 90' lang='lat' dir='ltr'><strong><em>dist.</em></strong></span> <span class='ocrx_word' id='word_1_392' title='bbox 880 2773 921 2825; x_wconf 86' lang='grc'><strong><em>63,</em></strong></span> <span class='ocrx_word' id='word_1_393' title='bbox 940 2769 980 2823; x_wconf 85' lang='lat' dir='ltr'><strong><em>sic</em></strong></span> <span class='ocrx_word' id='word_1_394' title='bbox 992 2774 1047 2822; x_wconf 89' lang='lat' dir='ltr'><strong><em>sta·</em></strong></span> <span class='ocrx_word' id='word_1_395' title='bbox 1073 2784 1157 2835; x_wconf 72' lang='grc' dir='ltr'><strong><em>ᾳιιιιηι</em></strong></span> <span class='ocrx_word' id='word_1_396' title='bbox 1169 2767 1250 2819; x_wconf 88' lang='lat' dir='ltr'><strong><em>nulla</em></strong></span> <span class='ocrx_word' id='word_1_397' title='bbox 1264 2767 1449 2819; x_wconf 85' lang='lat' dir='ltr'><strong><em>contrarietas</em></strong></span> <span class='ocrx_word' id='word_1_398' title='bbox 1467 2784 1485 2818; x_wconf 92' lang='lat' dir='ltr'><strong><em>a</em></strong></span> <span class='ocrx_word' id='word_1_399' title='bbox 1497 2767 1650 2819; x_wconf 81' lang='lat' dir='ltr'><strong><em>rorsstitutis</em></strong></span> <span class='ocrx_word' id='word_1_400' title='bbox 1666 2767 1755 2836; x_wconf 85' lang='lat' dir='ltr'><strong><em>possit</em></strong></span> <span class='ocrx_word' id='word_1_401' title='bbox 1771 2783 1906 2821; x_wconf 88' lang='lat' dir='ltr'><strong><em>reuocare</em></strong></span> 
     </span>
     <span class='ocr_line' id='line_1_30' title="bbox 215 2851 1905 2925; baseline 0.001 -18"><span class='ocrx_word' id='word_1_402' title='bbox 215 2851 315 2907; x_wconf 84' lang='lat' dir='ltr'><strong><em>tuitur:</em></strong></span> <span class='ocrx_word' id='word_1_403' title='bbox 337 2852 450 2906; x_wconf 88' lang='lat' dir='ltr'><strong><em>Placuit</em></strong></span> <span class='ocrx_word' id='word_1_404' title='bbox 468 2854 778 2923; x_wconf 84' lang='lat' dir='ltr'><strong><em>omnibuspontificibus</em></strong></span> <span class='ocrx_word' id='word_1_405' title='bbox 788 2855 946 2925; x_wconf 85' lang='lat' dir='ltr'><strong><em>Hispaniae</em></strong></span> <span class='ocrx_word' id='word_1_406' title='bbox 965 2863 1046 2925; x_wconf 81' lang='lat' dir='ltr'><strong><em>atpuo</em></strong></span> <span class='ocrx_word' id='word_1_407' title='bbox 1072 2853 1225 2922; x_wconf 86' lang='lat' dir='ltr'><strong><em>rescriptis.</em></strong></span> <span class='ocrx_word' id='word_1_408' title='bbox 1264 2852 1420 2924; x_wconf 86' lang='lat' dir='ltr'><strong><em>Stephanus</em></strong></span> <span class='ocrx_word' id='word_1_409' title='bbox 1443 2853 1478 2907; x_wconf 83' lang='lat' dir='ltr'><strong><em>ed</em></strong></span> <span class='ocrx_word' id='word_1_410' title='bbox 1496 2853 1651 2908; x_wconf 70' lang='lat' dir='ltr'><strong><em>Romnum</em></strong></span> <span class='ocrx_word' id='word_1_411' title='bbox 1669 2852 1905 2924; x_wconf 84' lang='lat' dir='ltr'><strong><em>arehiepiscopum</em></strong></span> 
     </span>
     <span class='ocr_line' id='line_1_31' title="bbox 219 2937 1906 3012; baseline 0 -18"><span class='ocrx_word' id='word_1_412' title='bbox 219 2937 349 3009; x_wconf 80' lang='lat' dir='ltr'><strong><em>Galliae,</em></strong></span> <span class='ocrx_word' id='word_1_413' title='bbox 366 2948 396 2993; x_wconf 88' lang='lat' dir='ltr'><strong><em>ut</em></strong></span> <span class='ocrx_word' id='word_1_414' title='bbox 414 2940 492 2994; x_wconf 87' lang='lat' dir='ltr'><strong><em>soluo</em></strong></span> <span class='ocrx_word' id='word_1_415' title='bbox 507 2941 660 3010; x_wconf 84' lang='lat' dir='ltr'><strong><em>priuilepe&#39;o</em></strong></span> <span class='ocrx_word' id='word_1_416' title='bbox 678 2943 761 2995; x_wconf 75' lang='lat' dir='ltr'><strong><em>uniens</em></strong></span> <span class='ocrx_word' id='word_1_417' title='bbox 781 2943 915 3012; x_wconf 77' lang='lat' dir='ltr'><strong><em>cujusquo</em></strong></span> <span class='ocrx_word' id='word_1_418' title='bbox 930 2943 1046 3011; x_wconf 86' lang='lat' dir='ltr'><strong><em>prouin—</em></strong></span> <span class='ocrx_word' id='word_1_419' title='bbox 1073 2939 1310 2994; x_wconf 81' lang='lat' dir='ltr'><strong><em>Ravennatensem</em></strong></span> <span class='ocrx_word' id='word_1_420' title='bbox 1330 2945 1358 2993; x_wconf 89' lang='lat' dir='ltr'><strong><em>et</em></strong></span> <span class='ocrx_word' id='word_1_421' title='bbox 1376 2939 1477 2993; x_wconf 84' lang='lat' dir='ltr'><strong><em>citatur</em></strong></span> <span class='ocrx_word' id='word_1_422' title='bbox 1496 2957 1519 2994; x_wconf 89' lang='lat' dir='ltr'><strong><em>c.</em></strong></span> <span class='ocrx_word' id='word_1_423' title='bbox 1544 2940 1631 2998; x_wconf 88' lang='lat' dir='ltr'><strong><em>Nosse</em></strong></span> <span class='ocrx_word' id='word_1_424' title='bbox 1651 2939 1713 2993; x_wconf 87' lang='lat' dir='ltr'><strong><em>dist.</em></strong></span> <span class='ocrx_word' id='word_1_425' title='bbox 1737 2939 1811 2994; x_wconf 63' lang='lat' dir='ltr'><strong><em>eade</em></strong></span> <span class='ocrx_word' id='word_1_426' title='bbox 1835 2937 1906 2994; x_wconf 84' lang='lat' dir='ltr'><strong><em>Con·</em></strong></span> 
     </span>
     <span class='ocr_line' id='line_1_32' title="bbox 214 3025 1904 3099; baseline 0 -19"><span class='ocrx_word' id='word_1_427' title='bbox 214 3025 276 3080; x_wconf 85' lang='lat' dir='ltr'><strong><em>ciac</em></strong></span> <span class='ocrx_word' id='word_1_428' title='bbox 306 3026 412 3079; x_wconf 88' lang='lat' dir='ltr'><strong><em>licitum</em></strong></span> <span class='ocrx_word' id='word_1_429' title='bbox 437 3036 547 3080; x_wconf 88' lang='lat' dir='ltr'><strong><em>mancat</em></strong></span> <span class='ocrx_word' id='word_1_430' title='bbox 586 3027 718 3099; x_wconf 84' lang='lat' dir='ltr'><strong><em>deinceps</em></strong></span> <span class='ocrx_word' id='word_1_431' title='bbox 749 3029 883 3083; x_wconf 83' lang='lat' dir='ltr'><strong><em>Toletano</em></strong></span> <span class='ocrx_word' id='word_1_432' title='bbox 911 3028 1047 3098; x_wconf 75' lang='lat' dir='ltr'><strong><em>pontifici,</em></strong></span> <span class='ocrx_word' id='word_1_433' title='bbox 1073 3034 1169 3079; x_wconf 79' lang='lat' dir='ltr'><strong><em>nocato</em></strong></span> <span class='ocrx_word' id='word_1_434' title='bbox 1189 3026 1264 3080; x_wconf 88' lang='lat' dir='ltr'><strong><em>clero</em></strong></span> <span class='ocrx_word' id='word_1_435' title='bbox 1283 3034 1309 3078; x_wconf 88' lang='lat' dir='ltr'><strong><em>et</em></strong></span> <span class='ocrx_word' id='word_1_436' title='bbox 1330 3027 1439 3095; x_wconf 87' lang='lat' dir='ltr'><strong><em>pupulo</em></strong></span> <span class='ocrx_word' id='word_1_437' title='bbox 1456 3026 1523 3079; x_wconf 87' lang='lat' dir='ltr'><strong><em>talis</em></strong></span> <span class='ocrx_word' id='word_1_438' title='bbox 1549 3027 1588 3078; x_wconf 89' lang='lat' dir='ltr'><strong><em>ibi</em></strong></span> <span class='ocrx_word' id='word_1_439' title='bbox 1610 3026 1732 3094; x_wconf 84' lang='lat' dir='ltr'><strong><em>elipotur</em></strong></span> <span class='ocrx_word' id='word_1_440' title='bbox 1750 3026 1904 3098; x_wconf 82' lang='lat' dir='ltr'><strong><em>episcopus,</em></strong></span> 
     </span>
     <span class='ocr_line' id='line_1_33' title="bbox 216 3113 1905 3185; baseline -0.001 -19"><span class='ocrx_word' id='word_1_441' title='bbox 216 3130 390 3184; x_wconf 71' lang='lat' dir='ltr'><strong><em>pmscunpue</em></strong></span> <span class='ocrx_word' id='word_1_442' title='bbox 418 3114 524 3180; x_wconf 74' lang='lat' dir='ltr'><strong><em>repulia</em></strong></span> <span class='ocrx_word' id='word_1_443' title='bbox 544 3121 671 3182; x_wconf 86' lang='lat' dir='ltr'><strong><em>potestas</em></strong></span> <span class='ocrx_word' id='word_1_444' title='bbox 693 3116 809 3185; x_wconf 81' lang='lat' dir='ltr'><strong><em>elsperil</em></strong></span> <span class='ocrx_word' id='word_1_445' title='bbox 833 3123 859 3168; x_wconf 91' lang='lat' dir='ltr'><strong><em>et</em></strong></span> <span class='ocrx_word' id='word_1_446' title='bbox 882 3116 948 3183; x_wconf 83' lang='lat' dir='ltr'><strong><em>jam</em></strong></span> <span class='ocrx_word' id='word_1_447' title='bbox 978 3115 1048 3168; x_wconf 89' lang='lat' dir='ltr'><strong><em>dicti</em></strong></span> <span class='ocrx_word' id='word_1_448' title='bbox 1073 3113 1120 3165; x_wconf 88' lang='lat' dir='ltr'><strong><em>cui</em></strong></span> <span class='ocrx_word' id='word_1_449' title='bbox 1135 3113 1213 3165; x_wconf 86' lang='lat' dir='ltr'><strong><em>sacri</em></strong></span> <span class='ocrx_word' id='word_1_450' title='bbox 1236 3130 1291 3165; x_wconf 90' lang='lat' dir='ltr'><strong><em>non</em></strong></span> <span class='ocrx_word' id='word_1_451' title='bbox 1308 3113 1415 3166; x_wconf 81' lang='lat' dir='ltr'><strong><em>obvient</em></strong></span> <span class='ocrx_word' id='word_1_452' title='bbox 1439 3129 1566 3166; x_wconf 87' lang='lat' dir='ltr'><strong><em>canones.</em></strong></span> <span class='ocrx_word' id='word_1_453' title='bbox 1600 3113 1783 3166; x_wconf 85' lang='lat' dir='ltr'><strong><em>Sacerdotum</em></strong></span> <span class='ocrx_word' id='word_1_454' title='bbox 1802 3114 1905 3184; x_wconf 79' lang='lat' dir='ltr'><strong><em>quippe</em></strong></span> 
     </span>
     <span class='ocr_line' id='line_1_34' title="bbox 220 3198 1905 3271; baseline 0 -18"><span class='ocrx_word' id='word_1_455' title='bbox 220 3199 351 3254; x_wconf 85' lang='lat' dir='ltr'><strong><em>Toletani</em></strong></span> <span class='ocrx_word' id='word_1_456' title='bbox 366 3198 492 3269; x_wconf 83' lang='lat' dir='ltr'><strong><em>episcopi</em></strong></span> <span class='ocrx_word' id='word_1_457' title='bbox 502 3198 648 3269; x_wconf 87' lang='lat' dir='ltr'><strong><em>judicium.</em></strong></span> <span class='ocrx_word' id='word_1_458' title='bbox 673 3201 774 3271; x_wconf 78' lang='lat' dir='ltr'><strong><em>dipnos</em></strong></span> <span class='ocrx_word' id='word_1_459' title='bbox 798 3219 855 3255; x_wconf 89' lang='lat' dir='ltr'><strong><em>esse</em></strong></span> <span class='ocrx_word' id='word_1_460' title='bbox 874 3202 1046 3271; x_wconf 81' lang='lat' dir='ltr'><strong><em>probauerit,</em></strong></span> <span class='ocrx_word' id='word_1_461' title='bbox 1074 3206 1114 3251; x_wconf 89' lang='lat' dir='ltr'><strong><em>cst</em></strong></span> <span class='ocrx_word' id='word_1_462' title='bbox 1139 3199 1235 3251; x_wconf 84' lang='lat' dir='ltr'><strong><em>electio</em></strong></span> <span class='ocrx_word' id='word_1_463' title='bbox 1258 3205 1285 3251; x_wconf 89' lang='lat' dir='ltr'><strong><em>et</em></strong></span> <span class='ocrx_word' id='word_1_464' title='bbox 1305 3199 1403 3266; x_wconf 87' lang='lat' dir='ltr'><strong><em>fidelis</em></strong></span> <span class='ocrx_word' id='word_1_465' title='bbox 1426 3199 1530 3267; x_wconf 89' lang='lat' dir='ltr'><strong><em>populi</em></strong></span> <span class='ocrx_word' id='word_1_466' title='bbox 1556 3216 1704 3253; x_wconf 84' lang='lat' dir='ltr'><strong><em>consensus</em></strong></span> <span class='ocrx_word' id='word_1_467' title='bbox 1729 3199 1905 3253; x_wconf 77' lang='lat' dir='ltr'><strong><em>adhibendus</em></strong></span> 
     </span>
     <span class='ocr_line' id='line_1_35' title="bbox 216 3286 1905 3357; baseline 0.001 -18"><span class='ocrx_word' id='word_1_468' title='bbox 216 3286 247 3340; x_wconf 85' lang='lat' dir='ltr'><strong><em>in</em></strong></span> <span class='ocrx_word' id='word_1_469' title='bbox 264 3286 430 3356; x_wconf 75' lang='lat' dir='ltr'><strong><em>puiboeslibet</em></strong></span> <span class='ocrx_word' id='word_1_470' title='bbox 451 3287 607 3356; x_wconf 88' lang='lat' dir='ltr'><strong><em>prouinciis</em></strong></span> <span class='ocrx_word' id='word_1_471' title='bbox 632 3296 658 3340; x_wconf 87' lang='lat' dir='ltr'><strong><em>ct</em></strong></span> <span class='ocrx_word' id='word_1_472' title='bbox 682 3288 713 3341; x_wconf 91' lang='lat' dir='ltr'><strong><em>in</em></strong></span> <span class='ocrx_word' id='word_1_473' title='bbox 727 3289 956 3357; x_wconf 86' lang='lat' dir='ltr'><strong><em>praecedentium</em></strong></span> <span class='ocrx_word' id='word_1_474' title='bbox 973 3289 1046 3341; x_wconf 86' lang='lat' dir='ltr'><strong><em>sedi·</em></strong></span> <span class='ocrx_word' id='word_1_475' title='bbox 1074 3292 1127 3348; x_wconf 82' lang='lat' dir='ltr'><strong><em>est,</em></strong></span> <span class='ocrx_word' id='word_1_476' title='bbox 1156 3287 1223 3354; x_wconf 80' lang='lat' dir='ltr'><strong><em>quia</em></strong></span> <span class='ocrx_word' id='word_1_477' title='bbox 1254 3286 1395 3337; x_wconf 84' lang='lat' dir='ltr'><strong><em>docendus</em></strong></span> <span class='ocrx_word' id='word_1_478' title='bbox 1425 3293 1467 3338; x_wconf 86' lang='lat' dir='ltr'><strong><em>est</em></strong></span> <span class='ocrx_word' id='word_1_479' title='bbox 1489 3286 1627 3355; x_wconf 88' lang='lat' dir='ltr'><strong><em>populus,</em></strong></span> <span class='ocrx_word' id='word_1_480' title='bbox 1657 3303 1713 3340; x_wconf 91' lang='lat' dir='ltr'><strong><em>non</em></strong></span> <span class='ocrx_word' id='word_1_481' title='bbox 1739 3289 1905 3355; x_wconf 77' lang='lat' dir='ltr'><strong><em>sequendus.</em></strong></span> 
     </span>
     <span class='ocr_line' id='line_1_36' title="bbox 216 3371 1905 3443; baseline 0.001 -18"><span class='ocrx_word' id='word_1_482' title='bbox 216 3373 265 3425; x_wconf 76' lang='lat' dir='ltr'><strong><em>bra</em></strong></span> <span class='ocrx_word' id='word_1_483' title='bbox 282 3374 441 3443; x_wconf 76' lang='lat' dir='ltr'><strong><em>praeficere</em></strong></span> <span class='ocrx_word' id='word_1_484' title='bbox 459 3373 609 3442; x_wconf 90' lang='lat' dir='ltr'><strong><em>praesules</em></strong></span> <span class='ocrx_word' id='word_1_485' title='bbox 633 3382 659 3427; x_wconf 89' lang='lat' dir='ltr'><strong><em>et</em></strong></span> <span class='ocrx_word' id='word_1_486' title='bbox 687 3375 879 3427; x_wconf 84' lang='lat' dir='ltr'><strong><em>decedentibus</em></strong></span> <span class='ocrx_word' id='word_1_487' title='bbox 907 3374 1046 3443; x_wconf 84' lang='lat' dir='ltr'><strong><em>episeopis</em></strong></span> <span class='ocrx_word' id='word_1_488' title='bbox 1074 3372 1203 3428; x_wconf 84' lang='lat' dir='ltr'><strong><em>Nicotaus</em></strong></span> <span class='ocrx_word' id='word_1_489' title='bbox 1222 3387 1295 3441; x_wconf 88' lang='lat' dir='ltr'><strong><em>papa</em></strong></span> <span class='ocrx_word' id='word_1_490' title='bbox 1313 3371 1348 3425; x_wconf 91' lang='lat' dir='ltr'><strong><em>ad</em></strong></span> <span class='ocrx_word' id='word_1_491' title='bbox 1369 3371 1525 3426; x_wconf 76' lang='lat' dir='ltr'><strong><em>iohannem</em></strong></span> <span class='ocrx_word' id='word_1_492' title='bbox 1544 3372 1783 3428; x_wconf 82' lang='lat' dir='ltr'><strong><em>Ravennateusem</em></strong></span> <span class='ocrx_word' id='word_1_493' title='bbox 1800 3373 1905 3427; x_wconf 83' lang='lat' dir='ltr'><strong><em>archie-</em></strong></span> 
     </span>
     <span class='ocr_line' id='line_1_37' title="bbox 216 3458 1904 3531; baseline 0 -17"><span class='ocrx_word' id='word_1_494' title='bbox 216 3458 318 3531; x_wconf 84' lang='lat' dir='ltr'><strong><em>elipere</em></strong></span> <span class='ocrx_word' id='word_1_495' title='bbox 335 3477 507 3514; x_wconf 84' lang='lat' dir='ltr'><strong><em>successores</em></strong></span> <span class='ocrx_word' id='word_1_496' title='bbox 525 3466 576 3516; x_wconf 87' lang='lat' dir='ltr'><strong><em>etc.</em></strong></span> <span class='ocrx_word' id='word_1_497' title='bbox 613 3459 646 3514; x_wconf 88' lang='lat' dir='ltr'><strong><em>ln</em></strong></span> <span class='ocrx_word' id='word_1_498' title='bbox 669 3460 784 3515; x_wconf 88' lang='lat' dir='ltr'><strong><em>consilio</em></strong></span> <span class='ocrx_word' id='word_1_499' title='bbox 812 3461 967 3518; x_wconf 81' lang='lat' dir='ltr'><strong><em>Surdicensi</em></strong></span> <span class='ocrx_word' id='word_1_500' title='bbox 993 3467 1045 3515; x_wconf 82' lang='lat' dir='ltr'><strong><em>ste-</em></strong></span> <span class='ocrx_word' id='word_1_501' title='bbox 1073 3458 1216 3529; x_wconf 88' lang='lat' dir='ltr'><strong><em>piscopnm</em></strong></span> <span class='ocrx_word' id='word_1_502' title='bbox 1233 3464 1261 3512; x_wconf 86' lang='lat' dir='ltr'><strong><em>et</em></strong></span> <span class='ocrx_word' id='word_1_503' title='bbox 1280 3459 1382 3512; x_wconf 86' lang='lat' dir='ltr'><strong><em>citatur</em></strong></span> <span class='ocrx_word' id='word_1_504' title='bbox 1401 3476 1424 3512; x_wconf 91' lang='lat' dir='ltr'><strong><em>c.</em></strong></span> <span class='ocrx_word' id='word_1_505' title='bbox 1444 3459 1595 3531; x_wconf 83' lang='lat' dir='ltr'><strong><em>Episcopus</em></strong></span> <span class='ocrx_word' id='word_1_506' title='bbox 1614 3460 1677 3516; x_wconf 88' lang='lat' dir='ltr'><strong><em>dist.</em></strong></span> <span class='ocrx_word' id='word_1_507' title='bbox 1698 3460 1764 3515; x_wconf 90' lang='lat' dir='ltr'><strong><em>ead:</em></strong></span> <span class='ocrx_word' id='word_1_508' title='bbox 1783 3461 1904 3530; x_wconf 86' lang='lat' dir='ltr'><strong><em>Episco-</em></strong></span> 
     </span>
     <span class='ocr_line' id='line_1_38' title="bbox 214 3545 1904 3618; baseline -0.001 -16"><span class='ocrx_word' id='word_1_509' title='bbox 214 3550 321 3615; x_wconf 85' lang='lat' dir='ltr'><strong><em>tutum,</em></strong></span> <span class='ocrx_word' id='word_1_510' title='bbox 350 3552 382 3600; x_wconf 86' lang='lat' dir='ltr'><strong><em>ut</em></strong></span> <span class='ocrx_word' id='word_1_511' title='bbox 407 3545 525 3601; x_wconf 86' lang='lat' dir='ltr'><strong><em>habetur</em></strong></span> <span class='ocrx_word' id='word_1_512' title='bbox 547 3564 570 3602; x_wconf 91' lang='lat' dir='ltr'><strong><em>c.</em></strong></span> <span class='ocrx_word' id='word_1_513' title='bbox 607 3546 635 3602; x_wconf 90' lang='lat' dir='ltr'><strong><em>Si</em></strong></span> <span class='ocrx_word' id='word_1_514' title='bbox 662 3546 734 3602; x_wconf 87' lang='lat' dir='ltr'><strong><em>forte</em></strong></span> <span class='ocrx_word' id='word_1_515' title='bbox 752 3547 814 3604; x_wconf 88' lang='lat' dir='ltr'><strong><em>dist.</em></strong></span> <span class='ocrx_word' id='word_1_516' title='bbox 833 3553 879 3603; x_wconf 79' lang='lat'><strong><em>65:</em></strong></span> <span class='ocrx_word' id='word_1_517' title='bbox 910 3547 944 3601; x_wconf 85' lang='lat' dir='ltr'><strong><em>Si</em></strong></span> <span class='ocrx_word' id='word_1_518' title='bbox 963 3566 1046 3601; x_wconf 88' lang='lat' dir='ltr'><strong><em>unum</em></strong></span> <span class='ocrx_word' id='word_1_519' title='bbox 1069 3563 1124 3614; x_wconf 90' lang='lat' dir='ltr'><strong><em>pos</em></strong></span> <span class='ocrx_word' id='word_1_520' title='bbox 1136 3562 1192 3613; x_wconf 89' lang='lat' dir='ltr'><strong><em>per</em></strong></span> <span class='ocrx_word' id='word_1_521' title='bbox 1208 3545 1359 3597; x_wconf 84' lang='lat' dir='ltr'><strong><em>Aemiliam</em></strong></span> <span class='ocrx_word' id='word_1_522' title='bbox 1377 3564 1432 3599; x_wconf 88' lang='lat' dir='ltr'><strong><em>non</em></strong></span> <span class='ocrx_word' id='word_1_523' title='bbox 1444 3563 1586 3599; x_wconf 87' lang='lat' dir='ltr'><strong><em>consceres</em></strong></span> <span class='ocrx_word' id='word_1_524' title='bbox 1597 3547 1655 3599; x_wconf 88' lang='lat' dir='ltr'><strong><em>nisi</em></strong></span> <span class='ocrx_word' id='word_1_525' title='bbox 1663 3556 1729 3618; x_wconf 87' lang='lat' dir='ltr'><strong><em>post</em></strong></span> <span class='ocrx_word' id='word_1_526' title='bbox 1744 3548 1904 3601; x_wconf 87' lang='lat' dir='ltr'><strong><em>electionem</em></strong></span> 
     </span>
     <span class='ocr_line' id='line_1_39' title="bbox 215 3632 1904 3705; baseline 0 -19"><span class='ocrx_word' id='word_1_527' title='bbox 215 3640 307 3687; x_wconf 70' lang='lat' dir='ltr'><strong><em>menen</em></strong></span> <span class='ocrx_word' id='word_1_528' title='bbox 330 3632 361 3686; x_wconf 91' lang='lat' dir='ltr'><strong><em>in</em></strong></span> <span class='ocrx_word' id='word_1_529' title='bbox 381 3635 531 3705; x_wconf 87' lang='lat' dir='ltr'><strong><em>prouincia</em></strong></span> <span class='ocrx_word' id='word_1_530' title='bbox 555 3635 702 3703; x_wconf 80' lang='lat' dir='ltr'><strong><em>contiperit</em></strong></span> <span class='ocrx_word' id='word_1_531' title='bbox 719 3651 862 3688; x_wconf 85' lang='lat' dir='ltr'><strong><em>remanere</em></strong></span> <span class='ocrx_word' id='word_1_532' title='bbox 878 3635 1046 3704; x_wconf 86' lang='lat' dir='ltr'><strong><em>episcopum,</em></strong></span> <span class='ocrx_word' id='word_1_533' title='bbox 1073 3632 1116 3684; x_wconf 81' lang='lat' dir='ltr'><strong><em>ud</em></strong></span> <span class='ocrx_word' id='word_1_534' title='bbox 1144 3648 1304 3684; x_wconf 87' lang='lat' dir='ltr'><strong><em>consensum</em></strong></span> <span class='ocrx_word' id='word_1_535' title='bbox 1332 3632 1403 3685; x_wconf 88' lang='lat' dir='ltr'><strong><em>cleri</em></strong></span> <span class='ocrx_word' id='word_1_536' title='bbox 1430 3640 1456 3684; x_wconf 90' lang='lat' dir='ltr'><strong><em>et</em></strong></span> <span class='ocrx_word' id='word_1_537' title='bbox 1477 3633 1585 3701; x_wconf 89' lang='lat' dir='ltr'><strong><em>populi.</em></strong></span> <span class='ocrx_word' id='word_1_538' title='bbox 1622 3633 1751 3703; x_wconf 88' lang='lat' dir='ltr'><strong><em>Pelagius</em></strong></span> <span class='ocrx_word' id='word_1_539' title='bbox 1770 3649 1844 3704; x_wconf 85' lang='lat' dir='ltr'><strong><em>papa</em></strong></span> <span class='ocrx_word' id='word_1_540' title='bbox 1868 3634 1904 3688; x_wconf 87' lang='lat' dir='ltr'><strong><em>ad</em></strong></span> 
     </span>
     <span class='ocr_line' id='line_1_40' title="bbox 215 3716 1904 3820; baseline 0 -46"><span class='ocrx_word' id='word_1_541' title='bbox 215 3722 292 3820; x_wconf 63' lang='lat' dir='ltr'><strong><em>prod</em></strong></span> <span class='ocrx_word' id='word_1_542' title='bbox 309 3727 448 3790; x_wconf 88' lang='lat' dir='ltr'><strong><em>superstes</em></strong></span> <span class='ocrx_word' id='word_1_543' title='bbox 460 3738 607 3791; x_wconf 78' lang='lat' dir='ltr'><strong><em>episcopus</em></strong></span> <span class='ocrx_word' id='word_1_544' title='bbox 623 3739 774 3775; x_wconf 87' lang='lat' dir='ltr'><strong><em>convocare</em></strong></span> <span class='ocrx_word' id='word_1_545' title='bbox 787 3721 886 3774; x_wconf 88' lang='lat' dir='ltr'><strong><em>debeat</em></strong></span> <span class='ocrx_word' id='word_1_546' title='bbox 904 3722 1048 3792; x_wconf 84' lang='lat' dir='ltr'><strong><em>episcopos</em></strong></span> <span class='ocrx_word' id='word_1_547' title='bbox 1073 3716 1218 3772; x_wconf 86' lang='lat' dir='ltr'><strong><em>Julianum</em></strong></span> <span class='ocrx_word' id='word_1_548' title='bbox 1235 3716 1395 3787; x_wconf 88' lang='lat' dir='ltr'><strong><em>episcopum</em></strong></span> <span class='ocrx_word' id='word_1_549' title='bbox 1412 3716 1623 3773; x_wconf 84' lang='lat' dir='ltr'><strong><em>Grumentinum</em></strong></span> <span class='ocrx_word' id='word_1_550' title='bbox 1650 3724 1678 3772; x_wconf 88' lang='lat' dir='ltr'><strong><em>et</em></strong></span> <span class='ocrx_word' id='word_1_551' title='bbox 1697 3720 1838 3774; x_wconf 84' lang='lat' dir='ltr'><strong><em>citaturc</em></strong></span> <span class='ocrx_word' id='word_1_552' title='bbox 1858 3720 1904 3774; x_wconf 89' lang='lat' dir='ltr'><strong><em>Li-</em></strong></span> 
     </span>
     <span class='ocr_line' id='line_1_41' title="bbox 88 3803 1904 3878; baseline 0.003 -23"><span class='ocrx_word' id='word_1_553' title='bbox 88 3816 136 3856; x_wconf 73' lang='lat' dir='ltr'><strong><em>til,</em></strong></span> <span class='ocrx_word' id='word_1_554' title='bbox 141 3814 161 3855; x_wconf 82' lang='lat' dir='ltr'><strong><em>t.</em></strong></span> <span class='ocrx_word' id='word_1_555' title='bbox 169 3812 201 3857; x_wconf 82' lang='lat' dir='ltr'><strong><em>to</em></strong></span> <span class='ocrx_word' id='word_1_556' title='bbox 213 3823 323 3861; x_wconf 72' lang='lat' dir='ltr'><strong><em>menae</em></strong></span> <span class='ocrx_word' id='word_1_557' title='bbox 330 3822 497 3876; x_wconf 73' lang='lat' dir='ltr'><strong><em>procinctae</em></strong></span> <span class='ocrx_word' id='word_1_558' title='bbox 510 3815 536 3860; x_wconf 90' lang='lat' dir='ltr'><strong><em>et</em></strong></span> <span class='ocrx_word' id='word_1_559' title='bbox 550 3823 610 3859; x_wconf 89' lang='lat' dir='ltr'><strong><em>cum</em></strong></span> <span class='ocrx_word' id='word_1_560' title='bbox 621 3823 663 3860; x_wconf 82' lang='lat' dir='ltr'><strong><em>ces</em></strong></span> <span class='ocrx_word' id='word_1_561' title='bbox 675 3809 811 3861; x_wconf 83' lang='lat' dir='ltr'><strong><em>ordenare</em></strong></span> <span class='ocrx_word' id='word_1_562' title='bbox 829 3808 1047 3878; x_wconf 79' lang='lat' dir='ltr'><strong><em>consprooincia·</em></strong></span> <span class='ocrx_word' id='word_1_563' title='bbox 1074 3810 1146 3859; x_wconf 84' lang='lat' dir='ltr'><strong><em>teras</em></strong></span> <span class='ocrx_word' id='word_1_564' title='bbox 1166 3805 1228 3860; x_wconf 89' lang='lat' dir='ltr'><strong><em>dist</em></strong></span> <span class='ocrx_word' id='word_1_565' title='bbox 1250 3803 1460 3860; x_wconf 67' lang='lat' dir='ltr'><strong><em>adstiterat</em></strong></span> <span class='ocrx_word' id='word_1_566' title='bbox 1485 3806 1615 3859; x_wconf 70' lang='lat' dir='ltr'><strong><em>caritates</em></strong></span> <span class='ocrx_word' id='word_1_567' title='bbox 1641 3815 1706 3858; x_wconf 86' lang='lat' dir='ltr'><strong><em>tuuc</em></strong></span> <span class='ocrx_word' id='word_1_568' title='bbox 1725 3808 1904 3876; x_wconf 79' lang='lat' dir='ltr'><strong><em>mrseepimus,</em></strong></span> 
     </span>
     <span class='ocr_line' id='line_1_42' title="bbox 213 3886 1905 3966; baseline -0.001 -19"><span class='ocrx_word' id='word_1_569' title='bbox 213 3892 255 3947; x_wconf 86' lang='lat' dir='ltr'><strong><em>les</em></strong></span> <span class='ocrx_word' id='word_1_570' title='bbox 271 3893 328 3946; x_wconf 88' lang='lat' dir='ltr'><strong><em>sibi</em></strong></span> <span class='ocrx_word' id='word_1_571' title='bbox 344 3894 496 3963; x_wconf 88' lang='lat' dir='ltr'><strong><em>episcopos.</em></strong></span> <span class='ocrx_word' id='word_1_572' title='bbox 533 3892 643 3954; x_wconf 82' lang='lat' dir='ltr'><strong><em>Quodsi</em></strong></span> <span class='ocrx_word' id='word_1_573' title='bbox 665 3894 762 3956; x_wconf 82' lang='lat' dir='ltr'><strong><em>facere</em></strong></span> <span class='ocrx_word' id='word_1_574' title='bbox 781 3894 815 3947; x_wconf 89' lang='lat' dir='ltr'><strong><em>id</em></strong></span> <span class='ocrx_word' id='word_1_575' title='bbox 833 3895 971 3964; x_wconf 84' lang='lat' dir='ltr'><strong><em>neplipat,</em></strong></span> <span class='ocrx_word' id='word_1_576' title='bbox 994 3912 1046 3966; x_wconf 90' lang='lat' dir='ltr'><strong><em>po·</em></strong></span> <span class='ocrx_word' id='word_1_577' title='bbox 1074 3886 1172 3961; x_wconf 79' lang='lat' dir='ltr'><strong><em>qtsibres</em></strong></span> <span class='ocrx_word' id='word_1_578' title='bbox 1189 3893 1345 3962; x_wconf 81' lang='lat' dir='ltr'><strong><em>sipnificas,</em></strong></span> <span class='ocrx_word' id='word_1_579' title='bbox 1372 3894 1503 3946; x_wconf 87' lang='lat' dir='ltr'><strong><em>Latinum</em></strong></span> <span class='ocrx_word' id='word_1_580' title='bbox 1521 3894 1671 3946; x_wconf 87' lang='lat' dir='ltr'><strong><em>diaconum</em></strong></span> <span class='ocrx_word' id='word_1_581' title='bbox 1693 3911 1772 3947; x_wconf 79' lang='lat' dir='ltr'><strong><em>sctum</em></strong></span> <span class='ocrx_word' id='word_1_582' title='bbox 1791 3897 1832 3948; x_wconf 89' lang='lat' dir='ltr'><strong><em>ad</em></strong></span> <span class='ocrx_word' id='word_1_583' title='bbox 1848 3896 1905 3964; x_wconf 90' lang='lat' dir='ltr'><strong><em>epi-</em></strong></span> 
     </span>
     <span class='ocr_line' id='line_1_43' title="bbox 210 3979 1906 4050; baseline 0.001 -18"><span class='ocrx_word' id='word_1_584' title='bbox 210 3979 296 4050; x_wconf 82' lang='lat' dir='ltr'><strong><em>pedos</em></strong></span> <span class='ocrx_word' id='word_1_585' title='bbox 315 3981 414 4033; x_wconf 88' lang='lat' dir='ltr'><strong><em>debere</em></strong></span> <span class='ocrx_word' id='word_1_586' title='bbox 432 3980 577 4033; x_wconf 87' lang='lat' dir='ltr'><strong><em>conuenire</em></strong></span> <span class='ocrx_word' id='word_1_587' title='bbox 595 3979 740 4049; x_wconf 72' lang='lat' dir='ltr'><strong><em>episcopos</em></strong></span> <span class='ocrx_word' id='word_1_588' title='bbox 760 3980 867 4033; x_wconf 86' lang='lat' dir='ltr'><strong><em>vicinae</em></strong></span> <span class='ocrx_word' id='word_1_589' title='bbox 882 3982 1047 4050; x_wconf 85' lang='lat' dir='ltr'><strong><em>prouinciae</em></strong></span> <span class='ocrx_word' id='word_1_590' title='bbox 1074 3987 1216 4048; x_wconf 88' lang='lat' dir='ltr'><strong><em>scopatum</em></strong></span> <span class='ocrx_word' id='word_1_591' title='bbox 1241 3980 1373 4032; x_wconf 83' lang='lat' dir='ltr'><strong><em>ecelesiae</em></strong></span> <span class='ocrx_word' id='word_1_592' title='bbox 1399 3981 1648 4034; x_wconf 84' lang='lat' dir='ltr'><strong><em>Marcellianensis</em></strong></span> <span class='ocrx_word' id='word_1_593' title='bbox 1675 3999 1693 4034; x_wconf 92' lang='lat' dir='ltr'><strong><em>o</em></strong></span> <span class='ocrx_word' id='word_1_594' title='bbox 1712 3981 1787 4035; x_wconf 89' lang='lat' dir='ltr'><strong><em>ciero</em></strong></span> <span class='ocrx_word' id='word_1_595' title='bbox 1807 3989 1832 4034; x_wconf 95' lang='lat' dir='ltr'><strong><em>et</em></strong></span> <span class='ocrx_word' id='word_1_596' title='bbox 1851 3999 1906 4034; x_wconf 92' lang='lat' dir='ltr'><strong><em>om·</em></strong></span> 
     </span>
     <span class='ocr_line' id='line_1_44' title="bbox 215 4064 1906 4137; baseline -0.001 -17"><span class='ocrx_word' id='word_1_597' title='bbox 215 4073 240 4120; x_wconf 87' lang='lat' dir='ltr'><strong><em>ct</em></strong></span> <span class='ocrx_word' id='word_1_598' title='bbox 256 4073 352 4136; x_wconf 86' lang='lat' dir='ltr'><strong><em>petere</em></strong></span> <span class='ocrx_word' id='word_1_599' title='bbox 370 4066 425 4120; x_wconf 88' lang='lat' dir='ltr'><strong><em>sibi</em></strong></span> <span class='ocrx_word' id='word_1_600' title='bbox 441 4074 574 4120; x_wconf 87' lang='lat' dir='ltr'><strong><em>rectorem</em></strong></span> <span class='ocrx_word' id='word_1_601' title='bbox 595 4071 647 4122; x_wconf 86' lang='lat' dir='ltr'><strong><em>ete</em></strong></span> <span class='ocrx_word' id='word_1_602' title='bbox 1074 4064 1167 4135; x_wconf 88' lang='lat' dir='ltr'><strong><em>nibus,</em></strong></span> <span class='ocrx_word' id='word_1_603' title='bbox 1193 4067 1243 4135; x_wconf 77' lang='lat' dir='ltr'><strong><em>qui</em></strong></span> <span class='ocrx_word' id='word_1_604' title='bbox 1265 4064 1327 4119; x_wconf 87' lang='lat' dir='ltr'><strong><em>illic</em></strong></span> <span class='ocrx_word' id='word_1_605' title='bbox 1351 4067 1521 4134; x_wconf 83' lang='lat' dir='ltr'><strong><em>conueniunt,</em></strong></span> <span class='ocrx_word' id='word_1_606' title='bbox 1544 4068 1694 4135; x_wconf 88' lang='lat' dir='ltr'><strong><em>postulari.</em></strong></span> <span class='ocrx_word' id='word_1_607' title='bbox 1731 4068 1794 4121; x_wconf 91' lang='lat' dir='ltr'><strong><em>Hoc</em></strong></span> <span class='ocrx_word' id='word_1_608' title='bbox 1812 4066 1906 4137; x_wconf 77' lang='lat' dir='ltr'><strong><em>itaque</em></strong></span> 
     </span>
     <span class='ocr_line' id='line_1_45' title="bbox 89 4151 1904 4223; baseline 0.001 -19"><span class='ocrx_word' id='word_1_609' title='bbox 89 4166 112 4205; x_wconf 79' lang='grc' dir='ltr'><strong><em>ιι</em></strong></span> <span class='ocrx_word' id='word_1_610' title='bbox 126 4164 202 4215; x_wconf 74' lang='lat' dir='ltr'><strong><em>pssu-</em></strong></span> <span class='ocrx_word' id='word_1_611' title='bbox 251 4157 293 4210; x_wconf 77' lang='lat'><strong><em>95</em></strong></span> <span class='ocrx_word' id='word_1_612' title='bbox 322 4153 369 4206; x_wconf 82' lang='lat' dir='ltr'><strong><em>Ad</em></strong></span> <span class='ocrx_word' id='word_1_613' title='bbox 396 4152 578 4207; x_wconf 77' lang='lat' dir='ltr'><strong><em>conciliorum</em></strong></span> <span class='ocrx_word' id='word_1_614' title='bbox 603 4154 714 4205; x_wconf 88' lang='lat' dir='ltr'><strong><em>decreta</em></strong></span> <span class='ocrx_word' id='word_1_615' title='bbox 738 4151 832 4207; x_wconf 86' lang='lat' dir='ltr'><strong><em>referri</em></strong></span> <span class='ocrx_word' id='word_1_616' title='bbox 862 4160 977 4223; x_wconf 87' lang='lat' dir='ltr'><strong><em>possunt</em></strong></span> <span class='ocrx_word' id='word_1_617' title='bbox 1004 4171 1047 4207; x_wconf 87' lang='lat' dir='ltr'><strong><em>re·</em></strong></span> <span class='ocrx_word' id='word_1_618' title='bbox 1075 4153 1201 4215; x_wconf 89' lang='lat' dir='ltr'><strong><em>dicimus,</em></strong></span> <span class='ocrx_word' id='word_1_619' title='bbox 1221 4160 1250 4204; x_wconf 92' lang='lat' dir='ltr'><strong><em>ut</em></strong></span> <span class='ocrx_word' id='word_1_620' title='bbox 1267 4152 1294 4204; x_wconf 90' lang='lat' dir='ltr'><strong><em>si</em></strong></span> <span class='ocrx_word' id='word_1_621' title='bbox 1311 4170 1403 4206; x_wconf 80' lang='lat' dir='ltr'><strong><em>omnes</em></strong></span> <span class='ocrx_word' id='word_1_622' title='bbox 1427 4169 1485 4205; x_wconf 89' lang='lat' dir='ltr'><strong><em>eum</em></strong></span> <span class='ocrx_word' id='word_1_623' title='bbox 1504 4153 1611 4222; x_wconf 81' lang='lat' dir='ltr'><strong><em>stipant</em></strong></span> <span class='ocrx_word' id='word_1_624' title='bbox 1629 4161 1654 4207; x_wconf 90' lang='lat' dir='ltr'><strong><em>ot</em></strong></span> <span class='ocrx_word' id='word_1_625' title='bbox 1673 4154 1715 4208; x_wconf 86' lang='lat' dir='ltr'><strong><em>ois</em></strong></span> <span class='ocrx_word' id='word_1_626' title='bbox 1733 4171 1792 4207; x_wconf 90' lang='lat' dir='ltr'><strong><em>eum</em></strong></span> <span class='ocrx_word' id='word_1_627' title='bbox 1811 4171 1904 4206; x_wconf 90' lang='lat' dir='ltr'><strong><em>conee-</em></strong></span> 
     </span>
     <span class='ocr_line' id='line_1_46' title="bbox 88 4217 1904 4310; baseline -0.001 -15"><span class='ocrx_word' id='word_1_628' title='bbox 88 4217 202 4310; x_wconf 43' lang='lat' dir='ltr'><strong><em>”aim</em></strong></span> <span class='ocrx_word' id='word_1_629' title='bbox 216 4238 323 4310; x_wconf 82' lang='lat' dir='ltr'><strong><em>scripta</em></strong></span> <span class='ocrx_word' id='word_1_630' title='bbox 340 4241 505 4309; x_wconf 69' lang='lat' dir='ltr'><strong><em>pontificum</em></strong></span> <span class='ocrx_word' id='word_1_631' title='bbox 525 4240 731 4307; x_wconf 83' lang='lat' dir='ltr'><strong><em>Romanorum,</em></strong></span> <span class='ocrx_word' id='word_1_632' title='bbox 759 4255 829 4309; x_wconf 87' lang='lat' dir='ltr'><strong><em>quse</em></strong></span> <span class='ocrx_word' id='word_1_633' title='bbox 855 4256 873 4293; x_wconf 87' lang='lat' dir='ltr'><strong><em>a</em></strong></span> <span class='ocrx_word' id='word_1_634' title='bbox 896 4239 1047 4296; x_wconf 80' lang='lat' dir='ltr'><strong><em>Pontificiis</em></strong></span> <span class='ocrx_word' id='word_1_635' title='bbox 1075 4241 1158 4307; x_wconf 89' lang='lat' dir='ltr'><strong><em>dere,</em></strong></span> <span class='ocrx_word' id='word_1_636' title='bbox 1190 4246 1302 4308; x_wconf 81' lang='lat' dir='ltr'><strong><em>protum</em></strong></span> <span class='ocrx_word' id='word_1_637' title='bbox 1332 4240 1411 4292; x_wconf 85' lang='lat' dir='ltr'><strong><em>nobis</em></strong></span> <span class='ocrx_word' id='word_1_638' title='bbox 1440 4256 1501 4293; x_wconf 88' lang='lat' dir='ltr'><strong><em>esse</em></strong></span> <span class='ocrx_word' id='word_1_639' title='bbox 1526 4257 1666 4306; x_wconf 79' lang='lat' dir='ltr'><strong><em>capnosee</em></strong></span> <span class='ocrx_word' id='word_1_640' title='bbox 1703 4241 1762 4296; x_wconf 87' lang='lat' dir='ltr'><strong><em>Leo</em></strong></span> <span class='ocrx_word' id='word_1_641' title='bbox 1792 4241 1839 4295; x_wconf 95' lang='lat' dir='ltr'><strong><em>lV</em></strong></span> <span class='ocrx_word' id='word_1_642' title='bbox 1869 4242 1904 4294; x_wconf 89' lang='lat' dir='ltr'><strong><em>ad</em></strong></span> 
     </span>
     <span class='ocr_line' id='line_1_47' title="bbox 215 4324 1906 4399; baseline 0 -17"><span class='ocrx_word' id='word_1_643' title='bbox 215 4326 347 4399; x_wconf 82' lang='lat' dir='ltr'><strong><em>majorem</em></strong></span> <span class='ocrx_word' id='word_1_644' title='bbox 371 4326 416 4381; x_wconf 84' lang='lat' dir='ltr'><strong><em>vel</em></strong></span> <span class='ocrx_word' id='word_1_645' title='bbox 441 4331 515 4380; x_wconf 86' lang='lat' dir='ltr'><strong><em>certe</em></strong></span> <span class='ocrx_word' id='word_1_646' title='bbox 542 4343 636 4396; x_wconf 88' lang='lat' dir='ltr'><strong><em>parem</em></strong></span> <span class='ocrx_word' id='word_1_647' title='bbox 658 4324 775 4380; x_wconf 87' lang='lat' dir='ltr'><strong><em>decretis</em></strong></span> <span class='ocrx_word' id='word_1_648' title='bbox 799 4326 977 4380; x_wconf 87' lang='lat' dir='ltr'><strong><em>conciliorum</em></strong></span> <span class='ocrx_word' id='word_1_649' title='bbox 999 4327 1046 4381; x_wconf 92' lang='lat' dir='ltr'><strong><em>ha</em></strong></span> <span class='ocrx_word' id='word_1_650' title='bbox 1075 4324 1236 4379; x_wconf 87' lang='lat' dir='ltr'><strong><em>Lotbsrium</em></strong></span> <span class='ocrx_word' id='word_1_651' title='bbox 1256 4330 1284 4379; x_wconf 87' lang='lat' dir='ltr'><strong><em>et</em></strong></span> <span class='ocrx_word' id='word_1_652' title='bbox 1273 4324 1464 4380; x_wconf 87' lang='lat' dir='ltr'><strong><em>tLudovicom</em></strong></span> <span class='ocrx_word' id='word_1_653' title='bbox 1477 4325 1620 4396; x_wconf 82' lang='lat' dir='ltr'><strong><em>Augustos</em></strong></span> <span class='ocrx_word' id='word_1_654' title='bbox 1638 4333 1666 4381; x_wconf 91' lang='lat' dir='ltr'><strong><em>et</em></strong></span> <span class='ocrx_word' id='word_1_655' title='bbox 1680 4327 1816 4382; x_wconf 87' lang='lat' dir='ltr'><strong><em>citaturc.</em></strong></span> <span class='ocrx_word' id='word_1_656' title='bbox 1835 4327 1906 4382; x_wconf 88' lang='lat' dir='ltr'><strong><em>Rea·</em></strong></span> 
     </span>
     <span class='ocr_line' id='line_1_48' title="bbox 215 4410 1904 4484; baseline -0.001 -15"><span class='ocrx_word' id='word_1_657' title='bbox 215 4412 282 4469; x_wconf 79' lang='lat' dir='ltr'><strong><em>bere</em></strong></span> <span class='ocrx_word' id='word_1_658' title='bbox 306 4412 457 4467; x_wconf 89' lang='lat' dir='ltr'><strong><em>creduntur</em></strong></span> <span class='ocrx_word' id='word_1_659' title='bbox 477 4410 674 4467; x_wconf 79' lang='lat' dir='ltr'><strong><em>auctoritatem.</em></strong></span> <span class='ocrx_word' id='word_1_660' title='bbox 711 4411 842 4467; x_wconf 80' lang='lat' dir='ltr'><strong><em>Nicotaus</em></strong></span> <span class='ocrx_word' id='word_1_661' title='bbox 862 4430 937 4484; x_wconf 89' lang='lat' dir='ltr'><strong><em>papa</em></strong></span> <span class='ocrx_word' id='word_1_662' title='bbox 954 4413 981 4466; x_wconf 93' lang='lat' dir='ltr'><strong><em>in</em></strong></span> <span class='ocrx_word' id='word_1_663' title='bbox 999 4414 1045 4467; x_wconf 92' lang='lat' dir='ltr'><strong><em>de·</em></strong></span> <span class='ocrx_word' id='word_1_664' title='bbox 1074 4412 1133 4465; x_wconf 85' lang='lat' dir='ltr'><strong><em>tina</em></strong></span> <span class='ocrx_word' id='word_1_665' title='bbox 1150 4412 1213 4467; x_wconf 89' lang='lat' dir='ltr'><strong><em>dist.</em></strong></span> <span class='ocrx_word' id='word_1_666' title='bbox 1233 4413 1308 4466; x_wconf 81' lang='lat' dir='ltr'><strong><em>ead:</em></strong></span> <span class='ocrx_word' id='word_1_667' title='bbox 1328 4413 1451 4465; x_wconf 77' lang='lat' dir='ltr'><strong><em>Reatina</em></strong></span> <span class='ocrx_word' id='word_1_668' title='bbox 1470 4413 1601 4481; x_wconf 86' lang='lat' dir='ltr'><strong><em>ccclesia,</em></strong></span> <span class='ocrx_word' id='word_1_669' title='bbox 1626 4429 1698 4482; x_wconf 78' lang='lat' dir='ltr'><strong><em>qnae</em></strong></span> <span class='ocrx_word' id='word_1_670' title='bbox 1711 4431 1765 4482; x_wconf 90' lang='lat' dir='ltr'><strong><em>per</em></strong></span> <span class='ocrx_word' id='word_1_671' title='bbox 1783 4421 1820 4468; x_wconf 91' lang='lat' dir='ltr'><strong><em>tot</em></strong></span> <span class='ocrx_word' id='word_1_672' title='bbox 1839 4421 1904 4468; x_wconf 89' lang='lat' dir='ltr'><strong><em>tem-</em></strong></span> 
     </span>
     <span class='ocr_line' id='line_1_49' title="bbox 216 4498 1905 4571; baseline -0.001 -16"><span class='ocrx_word' id='word_1_673' title='bbox 216 4499 298 4557; x_wconf 76' lang='lat' dir='ltr'><strong><em>enus</em></strong></span> <span class='ocrx_word' id='word_1_674' title='bbox 316 4516 340 4554; x_wconf 90' lang='lat' dir='ltr'><strong><em>c.</em></strong></span> <span class='ocrx_word' id='word_1_675' title='bbox 359 4499 388 4552; x_wconf 91' lang='lat' dir='ltr'><strong><em>in</em></strong></span> <span class='ocrx_word' id='word_1_676' title='bbox 405 4499 523 4554; x_wconf 86' lang='lat' dir='ltr'><strong><em>Nomine</em></strong></span> <span class='ocrx_word' id='word_1_677' title='bbox 542 4498 604 4552; x_wconf 85' lang='lat' dir='ltr'><strong><em>dist.</em></strong></span> <span class='ocrx_word' id='word_1_678' title='bbox 625 4503 671 4553; x_wconf 82' lang='lat' dir='ltr'><strong><em>tt:</em></strong></span> <span class='ocrx_word' id='word_1_679' title='bbox 690 4499 828 4568; x_wconf 84' lang='lat' dir='ltr'><strong><em>Reliquus</em></strong></span> <span class='ocrx_word' id='word_1_680' title='bbox 845 4500 936 4553; x_wconf 78' lang='lat' dir='ltr'><strong><em>cieras</em></strong></span> <span class='ocrx_word' id='word_1_681' title='bbox 954 4508 981 4553; x_wconf 90' lang='lat' dir='ltr'><strong><em>et</em></strong></span> <span class='ocrx_word' id='word_1_682' title='bbox 994 4519 1046 4571; x_wconf 92' lang='lat' dir='ltr'><strong><em>po·</em></strong></span> <span class='ocrx_word' id='word_1_683' title='bbox 1071 4516 1172 4568; x_wconf 89' lang='lat' dir='ltr'><strong><em>porum</em></strong></span> <span class='ocrx_word' id='word_1_684' title='bbox 1191 4498 1286 4567; x_wconf 89' lang='lat' dir='ltr'><strong><em>spatia</em></strong></span> <span class='ocrx_word' id='word_1_685' title='bbox 1300 4499 1494 4565; x_wconf 83' lang='lat' dir='ltr'><strong><em>pastoralibus</em></strong></span> <span class='ocrx_word' id='word_1_686' title='bbox 1514 4501 1590 4553; x_wconf 78' lang='lat' dir='ltr'><strong><em>eteris</em></strong></span> <span class='ocrx_word' id='word_1_687' title='bbox 1619 4502 1751 4554; x_wconf 87' lang='lat' dir='ltr'><strong><em>destituta</em></strong></span> <span class='ocrx_word' id='word_1_688' title='bbox 1775 4503 1905 4564; x_wconf 78' lang='lat' dir='ltr'><strong><em>constitit,</em></strong></span> 
     </span>
     <span class='ocr_line' id='line_1_50' title="bbox 212 4585 1905 4658; baseline 0.001 -18"><span class='ocrx_word' id='word_1_689' title='bbox 212 4587 299 4658; x_wconf 83' lang='lat' dir='ltr'><strong><em>palus</em></strong></span> <span class='ocrx_word' id='word_1_690' title='bbox 329 4587 475 4640; x_wconf 79' lang='lat' dir='ltr'><strong><em>Ronlanus</em></strong></span> <span class='ocrx_word' id='word_1_691' title='bbox 508 4587 549 4638; x_wconf 88' lang='lat' dir='ltr'><strong><em>ad</em></strong></span> <span class='ocrx_word' id='word_1_692' title='bbox 584 4603 745 4639; x_wconf 87' lang='lat' dir='ltr'><strong><em>eonsensum</em></strong></span> <span class='ocrx_word' id='word_1_693' title='bbox 779 4604 867 4641; x_wconf 87' lang='lat' dir='ltr'><strong><em>nouae</em></strong></span> <span class='ocrx_word' id='word_1_694' title='bbox 905 4588 1046 4642; x_wconf 89' lang='lat' dir='ltr'><strong><em>electionis</em></strong></span> <span class='ocrx_word' id='word_1_695' title='bbox 1075 4587 1189 4652; x_wconf 81' lang='lat' dir='ltr'><strong><em>dipnum</em></strong></span> <span class='ocrx_word' id='word_1_696' title='bbox 1212 4593 1265 4646; x_wconf 79' lang='lat' dir='ltr'><strong><em>est,</em></strong></span> <span class='ocrx_word' id='word_1_697' title='bbox 1293 4592 1322 4636; x_wconf 90' lang='lat' dir='ltr'><strong><em>ut</em></strong></span> <span class='ocrx_word' id='word_1_698' title='bbox 1341 4585 1455 4637; x_wconf 81' lang='lat' dir='ltr'><strong><em>brachio</em></strong></span> <span class='ocrx_word' id='word_1_699' title='bbox 1472 4586 1668 4654; x_wconf 83' lang='lat' dir='ltr'><strong><em>amplitudinis</em></strong></span> <span class='ocrx_word' id='word_1_700' title='bbox 1690 4595 1799 4640; x_wconf 86' lang='lat' dir='ltr'><strong><em>vestrae</em></strong></span> <span class='ocrx_word' id='word_1_701' title='bbox 1816 4589 1905 4642; x_wconf 88' lang='lat' dir='ltr'><strong><em>suble·</em></strong></span> 
     </span>
     <span class='ocr_line' id='line_1_51' title="bbox 211 4671 1907 4747; baseline 0.002 -20"><span class='ocrx_word' id='word_1_702' title='bbox 211 4671 356 4743; x_wconf 86' lang='lat' dir='ltr'><strong><em>pontificis</em></strong></span> <span class='ocrx_word' id='word_1_703' title='bbox 376 4689 394 4724; x_wconf 93' lang='lat' dir='ltr'><strong><em>a</em></strong></span> <span class='ocrx_word' id='word_1_704' title='bbox 410 4671 605 4724; x_wconf 85' lang='lat' dir='ltr'><strong><em>cardinalibus</em></strong></span> <span class='ocrx_word' id='word_1_705' title='bbox 618 4676 716 4739; x_wconf 90' lang='lat' dir='ltr'><strong><em>sactae</em></strong></span> <span class='ocrx_word' id='word_1_706' title='bbox 730 4675 874 4729; x_wconf 88' lang='lat' dir='ltr'><strong><em>accedant.</em></strong></span> <span class='ocrx_word' id='word_1_707' title='bbox 894 4673 961 4729; x_wconf 87' lang='lat' dir='ltr'><strong><em>ibid.</em></strong></span> <span class='ocrx_word' id='word_1_708' title='bbox 980 4674 1045 4729; x_wconf 86' lang='lat' dir='ltr'><strong><em>cita-</em></strong></span> <span class='ocrx_word' id='word_1_709' title='bbox 1072 4679 1150 4724; x_wconf 81' lang='lat' dir='ltr'><strong><em>retur</em></strong></span> <span class='ocrx_word' id='word_1_710' title='bbox 1173 4689 1206 4724; x_wconf 90' lang='lat' dir='ltr'><strong><em>ac</em></strong></span> <span class='ocrx_word' id='word_1_711' title='bbox 1229 4672 1441 4738; x_wconf 82' lang='lat' dir='ltr'><strong><em>pubernatr&#39;onis</em></strong></span> <span class='ocrx_word' id='word_1_712' title='bbox 1465 4674 1600 4742; x_wconf 80' lang='lat' dir='ltr'><strong><em>repimine</em></strong></span> <span class='ocrx_word' id='word_1_713' title='bbox 1615 4681 1787 4747; x_wconf 81' lang='lat' dir='ltr'><strong><em>protopatur.</em></strong></span> <span class='ocrx_word' id='word_1_714' title='bbox 1828 4677 1907 4731; x_wconf 84' lang='lat' dir='ltr'><strong><em>Unde</em></strong></span> 
     </span>
     <span class='ocr_line' id='line_1_52' title="bbox 184 4757 1905 4829; baseline 0.001 -14"><span class='ocrx_word' id='word_1_715' title='bbox 184 4765 261 4815; x_wconf 80' lang='lat' dir='ltr'><strong><em>&#39;tar</em></strong></span> <span class='ocrx_word' id='word_1_716' title='bbox 285 4757 424 4817; x_wconf 83' lang='lat' dir='ltr'><strong><em>sententia</em></strong></span> <span class='ocrx_word' id='word_1_717' title='bbox 446 4757 560 4816; x_wconf 82' lang='lat' dir='ltr'><strong><em>Leonis:</em></strong></span> <span class='ocrx_word' id='word_1_718' title='bbox 591 4758 682 4812; x_wconf 90' lang='lat' dir='ltr'><strong><em>Nulla</em></strong></span> <span class='ocrx_word' id='word_1_719' title='bbox 707 4759 783 4812; x_wconf 88' lang='lat' dir='ltr'><strong><em>ratio</em></strong></span> <span class='ocrx_word' id='word_1_720' title='bbox 806 4760 887 4829; x_wconf 87' lang='lat' dir='ltr'><strong><em>sinit,</em></strong></span> <span class='ocrx_word' id='word_1_721' title='bbox 915 4768 946 4813; x_wconf 87' lang='lat' dir='ltr'><strong><em>ut</em></strong></span> <span class='ocrx_word' id='word_1_722' title='bbox 973 4761 1046 4813; x_wconf 91' lang='lat' dir='ltr'><strong><em>inter</em></strong></span> <span class='ocrx_word' id='word_1_723' title='bbox 1071 4759 1252 4813; x_wconf 87' lang='lat' dir='ltr'><strong><em>salutationis</em></strong></span> <span class='ocrx_word' id='word_1_724' title='bbox 1267 4757 1394 4827; x_wconf 79' lang='lat' dir='ltr'><strong><em>alloquio</em></strong></span> <span class='ocrx_word' id='word_1_725' title='bbox 1405 4762 1563 4827; x_wconf 88' lang='lat' dir='ltr'><strong><em>praemisso</em></strong></span> <span class='ocrx_word' id='word_1_726' title='bbox 1582 4769 1700 4815; x_wconf 84' lang='lat' dir='ltr'><strong><em>uestram</em></strong></span> <span class='ocrx_word' id='word_1_727' title='bbox 1718 4766 1905 4816; x_wconf 68' lang='lat' dir='ltr'><strong><em>mansuetidi-</em></strong></span> 
     </span>
     <span class='ocr_line' id='line_1_53' title="bbox 216 4845 1906 4919; baseline 0.003 -20"><span class='ocrx_word' id='word_1_728' title='bbox 216 4847 362 4919; x_wconf 85' lang='lat' dir='ltr'><strong><em>episeopos</em></strong></span> <span class='ocrx_word' id='word_1_729' title='bbox 379 4845 548 4915; x_wconf 72' lang='lat' dir='ltr'><strong><em>habeantur,</em></strong></span> <span class='ocrx_word' id='word_1_730' title='bbox 578 4845 628 4915; x_wconf 81' lang='lat' dir='ltr'><strong><em>qui</em></strong></span> <span class='ocrx_word' id='word_1_731' title='bbox 649 4863 698 4898; x_wconf 90' lang='lat' dir='ltr'><strong><em>nec</em></strong></span> <span class='ocrx_word' id='word_1_732' title='bbox 718 4863 737 4898; x_wconf 87' lang='lat' dir='ltr'><strong><em>a</em></strong></span> <span class='ocrx_word' id='word_1_733' title='bbox 755 4846 865 4900; x_wconf 88' lang='lat' dir='ltr'><strong><em>clericis</em></strong></span> <span class='ocrx_word' id='word_1_734' title='bbox 882 4848 938 4900; x_wconf 89' lang='lat' dir='ltr'><strong><em>sint</em></strong></span> <span class='ocrx_word' id='word_1_735' title='bbox 957 4847 1046 4916; x_wconf 84' lang='lat' dir='ltr'><strong><em>electi,</em></strong></span> <span class='ocrx_word' id='word_1_736' title='bbox 1073 4863 1134 4898; x_wconf 91' lang='lat' dir='ltr'><strong><em>nem</em></strong></span> <span class='ocrx_word' id='word_1_737' title='bbox 1154 4848 1353 4916; x_wconf 86' lang='lat' dir='ltr'><strong><em>deprecamur,</em></strong></span> <span class='ocrx_word' id='word_1_738' title='bbox 1378 4853 1515 4913; x_wconf 82' lang='lat' dir='ltr'><strong><em>quatenus</em></strong></span> <span class='ocrx_word' id='word_1_739' title='bbox 1536 4848 1641 4901; x_wconf 85' lang='lat' dir='ltr'><strong><em>Colono</em></strong></span> <span class='ocrx_word' id='word_1_740' title='bbox 1667 4848 1768 4900; x_wconf 80' lang='lat' dir='ltr'><strong><em>bremili</em></strong></span> <span class='ocrx_word' id='word_1_741' title='bbox 1784 4849 1906 4904; x_wconf 89' lang='lat' dir='ltr'><strong><em>diacono</em></strong></span> 
     </span>
     <span class='ocr_line' id='line_1_54' title="bbox 214 4931 1906 5005; baseline 0.003 -20"><span class='ocrx_word' id='word_1_742' title='bbox 214 4947 264 4985; x_wconf 90' lang='lat' dir='ltr'><strong><em>nec</em></strong></span> <span class='ocrx_word' id='word_1_743' title='bbox 290 4949 309 4985; x_wconf 89' lang='lat' dir='ltr'><strong><em>a</em></strong></span> <span class='ocrx_word' id='word_1_744' title='bbox 335 4931 460 5002; x_wconf 83' lang='lat' dir='ltr'><strong><em>plebibus</em></strong></span> <span class='ocrx_word' id='word_1_745' title='bbox 487 4932 612 5000; x_wconf 82' lang='lat' dir='ltr'><strong><em>sepeliti,</em></strong></span> <span class='ocrx_word' id='word_1_746' title='bbox 641 4948 690 4986; x_wconf 89' lang='lat' dir='ltr'><strong><em>nec</em></strong></span> <span class='ocrx_word' id='word_1_747' title='bbox 717 4950 736 4985; x_wconf 92' lang='lat' dir='ltr'><strong><em>a</em></strong></span> <span class='ocrx_word' id='word_1_748' title='bbox 766 4933 1046 5001; x_wconf 82' lang='lat' dir='ltr'><strong><em>comprovincialibus</em></strong></span> <span class='ocrx_word' id='word_1_749' title='bbox 1072 4935 1189 4987; x_wconf 90' lang='lat' dir='ltr'><strong><em>eandem</em></strong></span> <span class='ocrx_word' id='word_1_750' title='bbox 1202 4932 1346 4987; x_wconf 88' lang='lat' dir='ltr'><strong><em>ecelesiam</em></strong></span> <span class='ocrx_word' id='word_1_751' title='bbox 1359 4935 1400 4985; x_wconf 89' lang='lat' dir='ltr'><strong><em>ad</em></strong></span> <span class='ocrx_word' id='word_1_752' title='bbox 1410 4937 1561 5002; x_wconf 83' lang='lat' dir='ltr'><strong><em>rependum</em></strong></span> <span class='ocrx_word' id='word_1_753' title='bbox 1579 4935 1729 4988; x_wconf 88' lang='lat' dir='ltr'><strong><em>concedere</em></strong></span> <span class='ocrx_word' id='word_1_754' title='bbox 1744 4937 1906 5005; x_wconf 83' lang='lat' dir='ltr'><strong><em>dipnemini,</em></strong></span> 
     </span>
     <span class='ocr_line' id='line_1_55' title="bbox 215 5018 1907 5091; baseline 0.004 -19"><span class='ocrx_word' id='word_1_755' title='bbox 215 5018 355 5090; x_wconf 86' lang='lat' dir='ltr'><strong><em>episcopis</em></strong></span> <span class='ocrx_word' id='word_1_756' title='bbox 369 5037 428 5073; x_wconf 90' lang='lat' dir='ltr'><strong><em>cum</em></strong></span> <span class='ocrx_word' id='word_1_757' title='bbox 441 5018 651 5087; x_wconf 84' lang='lat' dir='ltr'><strong><em>metropolitani</em></strong></span> <span class='ocrx_word' id='word_1_758' title='bbox 656 5019 771 5087; x_wconf 84' lang='lat' dir='ltr'><strong><em>judicio</em></strong></span> <span class='ocrx_word' id='word_1_759' title='bbox 780 5021 943 5075; x_wconf 86' lang='lat' dir='ltr'><strong><em>consecrati.</em></strong></span> <span class='ocrx_word' id='word_1_760' title='bbox 962 5019 1044 5074; x_wconf 49' lang='lat' dir='ltr'><strong><em>»End</em></strong></span> <span class='ocrx_word' id='word_1_761' title='bbox 1071 5028 1102 5073; x_wconf 92' lang='lat' dir='ltr'><strong><em>ut</em></strong></span> <span class='ocrx_word' id='word_1_762' title='bbox 1125 5027 1219 5073; x_wconf 88' lang='lat' dir='ltr'><strong><em>oestro</em></strong></span> <span class='ocrx_word' id='word_1_763' title='bbox 1243 5021 1358 5072; x_wconf 88' lang='lat' dir='ltr'><strong><em>licentia</em></strong></span> <span class='ocrx_word' id='word_1_764' title='bbox 1384 5030 1499 5091; x_wconf 89' lang='lat' dir='ltr'><strong><em>accepta</em></strong></span> <span class='ocrx_word' id='word_1_765' title='bbox 1528 5021 1631 5074; x_wconf 87' lang='lat' dir='ltr'><strong><em>ibidem</em></strong></span> <span class='ocrx_word' id='word_1_766' title='bbox 1656 5021 1720 5074; x_wconf 85' lang='lat' dir='ltr'><strong><em>Deo</em></strong></span> <span class='ocrx_word' id='word_1_767' title='bbox 1752 5024 1907 5090; x_wconf 74' lang='lat' dir='ltr'><strong><em>adirruante</em></strong></span> 
     </span>
     <span class='ocr_line' id='line_1_56' title="bbox 214 5102 1906 5179; baseline 0.002 -19"><span class='ocrx_word' id='word_1_768' title='bbox 214 5102 383 5176; x_wconf 78' lang='lat' dir='ltr'><strong><em>repetitura.</em></strong></span> <span class='ocrx_word' id='word_1_769' title='bbox 397 5103 489 5161; x_wconf 84' lang='lat' dir='ltr'><strong><em>Nulla.</em></strong></span> <span class='ocrx_word' id='word_1_770' title='bbox 504 5103 567 5158; x_wconf 89' lang='lat' dir='ltr'><strong><em>dist.</em></strong></span> <span class='ocrx_word' id='word_1_771' title='bbox 581 5110 623 5160; x_wconf 80' lang='lat'><strong><em>62.</em></strong></span> <span class='ocrx_word' id='word_1_772' title='bbox 637 5103 788 5176; x_wconf 83' lang='lat' dir='ltr'><strong><em>Gregorius</em></strong></span> <span class='ocrx_word' id='word_1_773' title='bbox 808 5105 855 5160; x_wconf 89' lang='lat' dir='ltr'><strong><em>lib.</em></strong></span> <span class='ocrx_word' id='word_1_774' title='bbox 874 5112 897 5161; x_wconf 85' lang='grc'><strong><em>4.</em></strong></span> <span class='ocrx_word' id='word_1_775' title='bbox 914 5105 1045 5176; x_wconf 77' lang='lat' dir='ltr'><strong><em>epistlb.</em></strong></span> <span class='ocrx_word' id='word_1_776' title='bbox 1072 5125 1134 5162; x_wconf 90' lang='lat' dir='ltr'><strong><em>cum</em></strong></span> <span class='ocrx_word' id='word_1_777' title='bbox 1152 5123 1317 5162; x_wconf 83' lang='lat' dir='ltr'><strong><em>consecrare</em></strong></span> <span class='ocrx_word' id='word_1_778' title='bbox 1335 5108 1479 5161; x_wconf 85' lang='lat' dir='ltr'><strong><em>ualeamus</em></strong></span> <span class='ocrx_word' id='word_1_779' title='bbox 1497 5111 1662 5179; x_wconf 85' lang='lat' dir='ltr'><strong><em>episcopum.</em></strong></span> <span class='ocrx_word' id='word_1_780' title='bbox 1694 5108 1746 5162; x_wconf 79' lang='lat' dir='ltr'><strong><em>Sin</em></strong></span> <span class='ocrx_word' id='word_1_781' title='bbox 1764 5117 1856 5163; x_wconf 77' lang='lat' dir='ltr'><strong><em>aretem</em></strong></span> <span class='ocrx_word' id='word_1_782' title='bbox 1875 5113 1906 5165; x_wconf 90' lang='lat' dir='ltr'><strong><em>in</em></strong></span> 
     </span>
     <span class='ocr_line' id='line_1_57' title="bbox 214 5188 1905 5267; baseline 0.002 -20"><span class='ocrx_word' id='word_1_783' title='bbox 214 5190 251 5247; x_wconf 84' lang='lat' dir='ltr'><strong><em>ad</em></strong></span> <span class='ocrx_word' id='word_1_784' title='bbox 274 5188 337 5246; x_wconf 86' lang='lat' dir='ltr'><strong><em>Joh.</em></strong></span> <span class='ocrx_word' id='word_1_785' title='bbox 356 5188 486 5261; x_wconf 86' lang='lat' dir='ltr'><strong><em>Episcop.</em></strong></span> <span class='ocrx_word' id='word_1_786' title='bbox 509 5190 615 5260; x_wconf 86' lang='lat' dir='ltr'><strong><em>primae</em></strong></span> <span class='ocrx_word' id='word_1_787' title='bbox 637 5190 813 5246; x_wconf 81' lang='lat' dir='ltr'><strong><em>Justimanae</em></strong></span> <span class='ocrx_word' id='word_1_788' title='bbox 839 5198 867 5246; x_wconf 91' lang='lat' dir='ltr'><strong><em>et</em></strong></span> <span class='ocrx_word' id='word_1_789' title='bbox 889 5191 999 5247; x_wconf 85' lang='lat' dir='ltr'><strong><em>citatur.</em></strong></span> <span class='ocrx_word' id='word_1_790' title='bbox 1021 5210 1044 5250; x_wconf 92' lang='lat' dir='ltr'><strong><em>c.</em></strong></span> <span class='ocrx_word' id='word_1_791' title='bbox 1071 5195 1222 5264; x_wconf 86' lang='lat' dir='ltr'><strong><em>proedicto</em></strong></span> <span class='ocrx_word' id='word_1_792' title='bbox 1242 5194 1530 5263; x_wconf 86' lang='lat' dir='ltr'><strong><em>ecclesianolueritis,</em></strong></span> <span class='ocrx_word' id='word_1_793' title='bbox 1547 5202 1577 5247; x_wconf 86' lang='lat' dir='ltr'><strong><em>ut</em></strong></span> <span class='ocrx_word' id='word_1_794' title='bbox 1591 5196 1780 5265; x_wconf 74' lang='lat' dir='ltr'><strong><em>praeficiatur</em></strong></span> <span class='ocrx_word' id='word_1_795' title='bbox 1799 5199 1905 5267; x_wconf 87' lang='lat' dir='ltr'><strong><em>episco-</em></strong></span> 
     </span>
     <span class='ocr_line' id='line_1_58' title="bbox 214 5276 1906 5352; baseline 0.002 -20"><span class='ocrx_word' id='word_1_796' title='bbox 214 5277 287 5344; x_wconf 82' lang='lat' dir='ltr'><strong><em>Quis</em></strong></span> <span class='ocrx_word' id='word_1_797' title='bbox 305 5277 368 5332; x_wconf 80' lang='lat' dir='ltr'><strong><em>dist.</em></strong></span> <span class='ocrx_word' id='word_1_798' title='bbox 387 5280 434 5332; x_wconf 74' lang='lat' dir='ltr'><strong><em>bt:</em></strong></span> <span class='ocrx_word' id='word_1_799' title='bbox 463 5276 535 5341; x_wconf 62' lang='lat' dir='ltr'><strong><em>Quia</em></strong></span> <span class='ocrx_word' id='word_1_800' title='bbox 556 5285 685 5346; x_wconf 88' lang='lat' dir='ltr'><strong><em>suscepto</em></strong></span> <span class='ocrx_word' id='word_1_801' title='bbox 707 5280 833 5343; x_wconf 80' lang='lat' dir='ltr'><strong><em>fratrum</em></strong></span> <span class='ocrx_word' id='word_1_802' title='bbox 855 5286 937 5347; x_wconf 76' lang='lat' dir='ltr'><strong><em>atque</em></strong></span> <span class='ocrx_word' id='word_1_803' title='bbox 957 5280 1047 5350; x_wconf 81' lang='lat' dir='ltr'><strong><em>coe&#39;pi·</em></strong></span> <span class='ocrx_word' id='word_1_804' title='bbox 1070 5298 1139 5351; x_wconf 87' lang='lat' dir='ltr'><strong><em>pus,</em></strong></span> <span class='ocrx_word' id='word_1_805' title='bbox 1168 5282 1358 5334; x_wconf 83' lang='lat' dir='ltr'><strong><em>Tuscrdunam</em></strong></span> <span class='ocrx_word' id='word_1_806' title='bbox 1384 5282 1543 5349; x_wconf 85' lang='lat' dir='ltr'><strong><em>ecclesiam,</em></strong></span> <span class='ocrx_word' id='word_1_807' title='bbox 1565 5298 1635 5348; x_wconf 78' lang='lat' dir='ltr'><strong><em>quae</em></strong></span> <span class='ocrx_word' id='word_1_808' title='bbox 1654 5283 1772 5335; x_wconf 81' lang='lat' dir='ltr'><strong><em>cidrsata</em></strong></span> <span class='ocrx_word' id='word_1_809' title='bbox 1791 5285 1906 5352; x_wconf 81' lang='lat' dir='ltr'><strong><em>exsistit,</em></strong></span> 
     </span>
     <span class='ocr_line' id='line_1_59' title="bbox 214 5364 1906 5441; baseline 0.004 -23"><span class='ocrx_word' id='word_1_810' title='bbox 214 5382 361 5435; x_wconf 85' lang='lat' dir='ltr'><strong><em>scoparum</em></strong></span> <span class='ocrx_word' id='word_1_811' title='bbox 387 5364 489 5419; x_wconf 88' lang='lat' dir='ltr'><strong><em>relatio</em></strong></span> <span class='ocrx_word' id='word_1_812' title='bbox 515 5365 556 5417; x_wconf 91' lang='lat' dir='ltr'><strong><em>ad</em></strong></span> <span class='ocrx_word' id='word_1_813' title='bbox 579 5365 669 5418; x_wconf 88' lang='lat' dir='ltr'><strong><em>locum</em></strong></span> <span class='ocrx_word' id='word_1_814' title='bbox 706 5384 753 5420; x_wconf 91' lang='lat' dir='ltr'><strong><em>uos</em></strong></span> <span class='ocrx_word' id='word_1_815' title='bbox 779 5366 933 5419; x_wconf 85' lang='lat' dir='ltr'><strong><em>sacerdotii</em></strong></span> <span class='ocrx_word' id='word_1_816' title='bbox 964 5368 1047 5420; x_wconf 87' lang='lat' dir='ltr'><strong><em>totius</em></strong></span> <span class='ocrx_word' id='word_1_817' title='bbox 1072 5367 1119 5420; x_wconf 82' lang='lat' dir='ltr'><strong><em>dli</em></strong></span> <span class='ocrx_word' id='word_1_818' title='bbox 1134 5375 1226 5422; x_wconf 87' lang='lat' dir='ltr'><strong><em>oestro</em></strong></span> <span class='ocrx_word' id='word_1_819' title='bbox 1246 5367 1381 5421; x_wconf 85' lang='lat' dir='ltr'><strong><em>serenitas</em></strong></span> <span class='ocrx_word' id='word_1_820' title='bbox 1399 5368 1531 5435; x_wconf 86' lang='lat' dir='ltr'><strong><em>dipuetur</em></strong></span> <span class='ocrx_word' id='word_1_821' title='bbox 1549 5368 1698 5434; x_wconf 86' lang='lat' dir='ltr'><strong><em>concedere</em></strong></span> <span class='ocrx_word' id='word_1_822' title='bbox 1717 5374 1768 5422; x_wconf 87' lang='lat' dir='ltr'><strong><em>etc.</em></strong></span> <span class='ocrx_word' id='word_1_823' title='bbox 1790 5369 1906 5441; x_wconf 83' lang='lat' dir='ltr'><strong><em>Stepha-</em></strong></span> 
     </span>
     <span class='ocr_line' id='line_1_60' title="bbox 213 5449 1904 5524; baseline 0.004 -21"><span class='ocrx_word' id='word_1_824' title='bbox 213 5449 331 5504; x_wconf 87' lang='lat' dir='ltr'><strong><em>concilii</em></strong></span> <span class='ocrx_word' id='word_1_825' title='bbox 353 5451 432 5504; x_wconf 88' lang='lat' dir='ltr'><strong><em>unito</em></strong></span> <span class='ocrx_word' id='word_1_826' title='bbox 453 5466 586 5504; x_wconf 88' lang='lat' dir='ltr'><strong><em>consensu</em></strong></span> <span class='ocrx_word' id='word_1_827' title='bbox 606 5457 633 5504; x_wconf 89' lang='lat' dir='ltr'><strong><em>et</em></strong></span> <span class='ocrx_word' id='word_1_828' title='bbox 653 5451 825 5505; x_wconf 86' lang='lat' dir='ltr'><strong><em>serenissimi</em></strong></span> <span class='ocrx_word' id='word_1_829' title='bbox 839 5452 978 5524; x_wconf 86' lang='lat' dir='ltr'><strong><em>principis</em></strong></span> <span class='ocrx_word' id='word_1_830' title='bbox 1001 5471 1046 5506; x_wconf 90' lang='lat' dir='ltr'><strong><em>oo·</em></strong></span> <span class='ocrx_word' id='word_1_831' title='bbox 1073 5471 1124 5507; x_wconf 90' lang='lat' dir='ltr'><strong><em>nus</em></strong></span> <span class='ocrx_word' id='word_1_832' title='bbox 1143 5453 1179 5506; x_wconf 83' lang='lat' dir='ltr'><strong><em>nd</em></strong></span> <span class='ocrx_word' id='word_1_833' title='bbox 1200 5452 1356 5508; x_wconf 87' lang='lat' dir='ltr'><strong><em>Guidoncm</em></strong></span> <span class='ocrx_word' id='word_1_834' title='bbox 1375 5451 1502 5506; x_wconf 85' lang='lat' dir='ltr'><strong><em>comitem</em></strong></span> <span class='ocrx_word' id='word_1_835' title='bbox 1523 5456 1551 5505; x_wconf 88' lang='lat' dir='ltr'><strong><em>et</em></strong></span> <span class='ocrx_word' id='word_1_836' title='bbox 1568 5451 1668 5506; x_wconf 80' lang='lat' dir='ltr'><strong><em>citatur</em></strong></span> <span class='ocrx_word' id='word_1_837' title='bbox 1687 5471 1711 5510; x_wconf 86' lang='lat' dir='ltr'><strong><em>c.</em></strong></span> <span class='ocrx_word' id='word_1_838' title='bbox 1730 5454 1824 5509; x_wconf 88' lang='lat' dir='ltr'><strong><em>Lectis</em></strong></span> <span class='ocrx_word' id='word_1_839' title='bbox 1840 5455 1904 5510; x_wconf 88' lang='lat' dir='ltr'><strong><em>dist.</em></strong></span> 
     </span>
     <span class='ocr_line' id='line_1_61' title="bbox 214 5536 1906 5611; baseline 0.005 -23"><span class='ocrx_word' id='word_1_840' title='bbox 214 5536 321 5596; x_wconf 74' lang='lat' dir='ltr'><strong><em>iventute</em></strong></span> <span class='ocrx_word' id='word_1_841' title='bbox 339 5536 470 5593; x_wconf 86' lang='lat' dir='ltr'><strong><em>declarat</em></strong></span> <span class='ocrx_word' id='word_1_842' title='bbox 486 5536 634 5607; x_wconf 74' lang='lat' dir='ltr'><strong><em>ocemsiri,</em></strong></span> <span class='ocrx_word' id='word_1_843' title='bbox 661 5539 771 5606; x_wconf 76' lang='lat' dir='ltr'><strong><em>pretias</em></strong></span> <span class='ocrx_word' id='word_1_844' title='bbox 786 5538 931 5593; x_wconf 64' lang='lat' dir='ltr'><strong><em>Mentori</em></strong></span> <span class='ocrx_word' id='word_1_845' title='bbox 949 5549 1045 5595; x_wconf 88' lang='lat' dir='ltr'><strong><em>nostro</em></strong></span> <span class='ocrx_word' id='word_1_846' title='bbox 1074 5539 1148 5596; x_wconf 77' lang='lat' dir='ltr'><strong><em>eod:</em></strong></span> <span class='ocrx_word' id='word_1_847' title='bbox 1179 5540 1272 5595; x_wconf 86' lang='lat' dir='ltr'><strong><em>Lectis</em></strong></span> <span class='ocrx_word' id='word_1_848' title='bbox 1293 5537 1460 5607; x_wconf 77' lang='lat' dir='ltr'><strong><em>rapacitatis</em></strong></span> <span class='ocrx_word' id='word_1_849' title='bbox 1481 5544 1590 5592; x_wconf 86' lang='lat' dir='ltr'><strong><em>uestros</em></strong></span> <span class='ocrx_word' id='word_1_850' title='bbox 1616 5540 1757 5611; x_wconf 78' lang='lat' dir='ltr'><strong><em>apicibm,</em></strong></span> <span class='ocrx_word' id='word_1_851' title='bbox 1785 5542 1837 5610; x_wconf 72' lang='lat' dir='ltr'><strong><em>pur·</em></strong></span> <span class='ocrx_word' id='word_1_852' title='bbox 1859 5543 1906 5596; x_wconf 85' lang='lat' dir='ltr'><strong><em>de-</em></strong></span> 
     </span>
    </p>
   </div>
   <div class='ocr_carea' id='block_1_4' title="bbox 0 0 2014 6006">
    <p class='ocr_par' dir='ltr' id='par_1_4' title="bbox 0 0 2014 6006">
     <span class='ocr_line' id='line_1_62' title="bbox 0 0 2014 6006; baseline 0 0"><span class='ocrx_word' id='word_1_853' title='bbox 0 0 2014 6006; x_wconf 95' lang='lat' dir='ltr'><strong><em> </em></strong></span> 
     </span>
    </p>
   </div>
  </div>
 </body>
</html>
