4020 6014
233 152 293 211 222
816 143 939 202 Locus
957 141 1164 200 vlcasluus
1181 142 1346 202 TERTIUS

231 301 364 355 larminus
391 305 413 355 1.
434 300 468 354 a·
488 299 623 368 conjuqia
646 299 767 353 munium
790 307 854 352 sunt
878 298 1066 367 honorabilia,
1097 298 1229 352 omniuo.
1267 296 1457 368 Hieronymus
1486 297 1524 352 ad
1550 295 1692 353 Oceanum
1722 297 1805 368 epist
1834 302 1877 354 tt.
1904 296 1932 352 in

232 387 316 438 etiam
341 387 475 454 conjugia
502 385 772 453 consenquineorum
802 385 949 453 inprime
976 391 1002 436 et
1027 399 1070 436 se·
1095 399 1179 438 causa
1196 381 1314 437 Carterii
1333 382 1457 454 episcopi
1471 384 1630 454 conjugati:
1647 382 1706 436 Ille
1723 384 1755 436 in
1776 400 1866 438 umore
1888 398 1932 452 op·

211 475 325 527 .cundo
343 475 437 542 qradu
457 479 537 524 erunt
555 471 748 534 honorabilia,
774 479 799 523 et
818 472 954 540 conjuqia
973 470 1069 523 adole-
1095 472 1163 523 tacit
1180 470 1293 536 liberos,
1314 478 1344 523 tu
1358 471 1388 523 in
1401 472 1546 524 mmehice
1564 470 1687 524 sobolem
1693 470 1857 538 perdidisti
1862 491 1876 535 ,·
1890 469 1934 523 itti·

231 559 364 612 acontium
382 559 494 628 injussu
501 565 652 626 parentum
665 563 818 610 contrecta.
845 556 1069 628 Respondemus:
1095 556 1242 620 scribitur,
1269 556 1450 609 honorabiles
1477 557 1594 625 nuptiae
1614 562 1639 609 et
1659 555 1750 610 cubile
1772 555 1934 609 immaculu-

231 642 270 697 ibi
285 661 349 700 vero
364 652 406 700 est
425 643 520 713 dispar
531 642 615 707 ratio,
634 649 747 712 propter
763 643 980 698 intercedentem
1001 641 1069 695 divi·
1096 651 1170 706 tum,·
1194 644 1249 695 tibi
1264 642 1379 711 lepitar,
1399 649 1569 696 scortatores
1588 649 1614 694 et
1632 643 1778 696 adulteros
1795 642 1936 710 juduabit

231 748 295 784 nain
315 731 545 801 prohibitionem,
568 745 640 799 quae
659 746 692 783 ex
713 729 779 786 Les.
804 734 842 785 18.
872 735 901 783 et
919 744 953 782 ex
971 735 1070 799 quarto
1098 732 1184 781 Deus.
1223 728 1437 798 chrysostomus
1457 727 1529 782 honi.
1549 733 1591 782 33.
1610 727 1639 781 in
1669 728 1749 798 epist
1767 727 1858 783 Hebr.
1877 728 1936 780 lber

232 817 357 887 decalogi
376 823 527 886 praecepto
546 821 588 869 est
607 814 771 882 manifesta,
789 831 822 869 ec
840 814 956 885 proinde
973 812 1070 867 talium
1095 832 1148 887 μεν
1168 813 1204 874 ὡς
1220 820 1311 884 τίμιος
1325 812 1339 867 ὁ
1352 812 1442 885 γάμος
1456 815 1533 880 πᾶσι,
1550 812 1600 867 ubi
1616 813 1646 864 ιν
1661 817 1730 866 πᾶσι
1748 812 1873 884 explicat
1890 829 1937 884 per

232 904 365 973 conjugia
383 903 505 958 ostendit
525 917 586 956 esse
612 901 772 971 illegitimu3
801 900 850 955 sed
877 900 905 954 in
929 899 1071 970 proposita
1098 905 1172 954 πᾶσι.
1210 900 1323 970 Haymo
1342 900 1370 953 iii
1388 899 1462 955 hune
1477 900 1583 954 locum:
1611 901 1818 954 Immaculetus
1843 902 1936 966 lesan

232 988 394 1059 quaestione
412 988 481 1041 illud
507 987 662 1054 diluimur
687 985 795 1040 ostendi
818 985 929 1056 nequit,
955 985 1072 1055 proinde
1098 987 1274 1040 immaculati
1293 994 1319 1039 et
1339 986 1388 1039 illi
1407 987 1473 1038 inde
1492 992 1649 1053 serpentes,
1674 986 1709 1039 id
1731 994 1772 1038 est
1794 987 1935 1040 maculari
1989 1039 1994 1051 ,

233 1081 428 1144 argumentum
447 1082 571 1127 nostrum
590 1073 701 1142 plenum
722 1078 751 1127 et
767 1072 907 1143 integrum
925 1071 1070 1139 sichabet,
1096 1074 1207 1142 peccati
1222 1090 1280 1126 non
1299 1074 1365 1125 inde
1383 1072 1534 1127 trahertes.
1570 1069 1721 1140 Cajetanus
1739 1070 1886 1126 hocloco.
1905 1071 1939 1124 Is

233 1161 307 1230 quod
325 1168 400 1213 certo
420 1159 562 1214 hominum
581 1157 677 1228 generi
695 1157 732 1211 ad
751 1157 821 1211 illud
836 1157 935 1212 idoneo
955 1164 983 1212 et
1004 1148 1087 1226 legi·
1100 1159 1225 1212 omnibus
1244 1167 1269 1211 ct
1287 1175 1343 1210 non
1358 1159 1389 1210 in
1414 1148 1556 1226 aliquibus
1572 1158 1628 1224 sic,
1655 1159 1685 1210 in
1708 1157 1854 1226 aliquibus
1877 1174 1939 1211 noa.

233 1245 299 1298 ιιιιιι
318 1244 386 1298 illud
400 1245 539 1315 expetenti
552 1245 713 1314 conjugium
731 1260 785 1297 non
805 1243 842 1295 sit
860 1242 1072 1313 prohibendum.
1099 1244 1285 1314 Acceptumus
1304 1259 1371 1313 ergo
1383 1243 1512 1297 ultimum
1530 1242 1737 1313 expositionem.
1768 1242 1940 1299 Honorabile

235 1328 372 1385 Ostendat
395 1348 460 1386 vero
480 1330 697 1384 Bellerminus
690 1348 719 1383 m
745 1329 876 1398 conjugio
899 1329 1072 1384 sacerdotum
1099 1331 1260 1401 conjugium
1280 1330 1308 1384 iii
1326 1330 1455 1384 omnihus
1482 1329 1606 1399 legitime
1629 1330 1800 1400 conjunctis,
1826 1330 1940 1400 quicun-

235 1417 356 1470 diviuam
374 1417 597 1486 prohibitionem,
615 1416 690 1487 quod
703 1415 794 1469 facere
808 1431 949 1485 uunquam
962 1414 1072 1484 poterit.
1100 1434 1154 1488 que
1172 1417 1213 1470 illi
1230 1418 1294 1484 sint,
1322 1433 1355 1471 ac
1379 1417 1583 1483 concludimus,
1614 1432 1681 1487 ergo
1700 1416 1784 1471 etiam
1803 1416 1834 1470 in
1852 1432 1940 1471 sacoe·

235 1506 261 1558 2.
286 1503 387 1555 Tribus
406 1504 500 1554 modis
518 1503 595 1556 illud
614 1506 644 1554 tr
663 1507 732 1556 πᾶσι
752 1501 854 1570 erponi
866 1518 959 1570 posse,
975 1501 1071 1570 primo
1100 1502 1227 1567 dotibus,
1258 1503 1318 1557 illos
1348 1503 1421 1557 enim
1444 1502 1508 1573 lege
1533 1501 1627 1572 alique
1647 1502 1741 1555 divina
1766 1518 1785 1555 a
1806 1501 1939 1573 conjugio

138 1647 147 1661 ι
233 1598 264 1642 ut
282 1591 313 1641 in
329 1590 456 1641 omnibus
479 1590 617 1652 idemsit,
636 1589 806 1657 quodomni
825 1595 963 1656 superte,
982 1588 1073 1640 idest
1100 1588 1240 1659 prohiberi
1257 1589 1379 1642 nondum
1399 1593 1442 1642 est
1468 1588 1595 1643 evictum.
1632 1587 1731 1657 Neque
1754 1587 1871 1642 obtendi
1894 1603 1940 1656 po

234 1676 394 1742 conjnpium
414 1674 578 1726 honorabile
598 1675 687 1726 estin
701 1673 835 1740 omnibus,
856 1690 927 1741 quae
945 1673 1075 1741 conjuqii
1100 1682 1155 1730 test
1172 1673 1322 1744 prohibitio
1340 1673 1506 1742 Pontificio,
1525 1690 1588 1727 cum
1607 1690 1662 1728 non
1680 1689 1727 1742 ea,
1748 1690 1833 1744 quum
1851 1672 1940 1742 ponti·

233 1769 297 1812 nuru
316 1762 374 1812 sire
390 1767 606 1825 sacramentum,
625 1759 682 1811 sirie
699 1760 793 1823 fidem,
812 1760 869 1811 siue
884 1759 996 1827 prolem
1009 1776 1072 1812 con·
1099 1762 1159 1828 lex,
1183 1760 1232 1816 sed
1252 1777 1335 1830 quam
1355 1759 1432 1814 Deus
1451 1758 1602 1829 approbat,
1633 1759 1794 1830 conjunctio
1816 1759 1856 1813 sit
1873 1757 1939 1830 legi·

233 1849 350 1914 rideres,
369 1848 412 1898 ita
433 1846 616 1898 Oecumenius
634 1846 664 1897 in
682 1845 755 1898 hunc
773 1845 882 1912 lomim,
901 1847 1025 1899 secundo
1042 1852 1073 1897 ut
1098 1847 1175 1901 tima.
1223 1845 1335 1916 Cogitet
1364 1850 1458 1900 autem
1482 1844 1675 1912 Bellarminus,
1706 1845 1845 1916 quomodo
1875 1860 1939 1898 cnm

234 1934 265 1985 in
281 1932 407 1986 omnibns
425 1932 563 2000 sipriifieet
574 1934 655 1999 apud
666 1948 769 1997 ornnes,
789 1933 822 1984 id
840 1940 881 1984 est
899 1948 978 1984 nemo
994 1931 1073 1984 debet
1099 1931 1248 1987 verissimis
1267 1931 1322 1984 illis
1343 1930 1538 2000 pronuntiatis,
1558 1931 1632 2000 quod
1652 1930 1815 2001 conjuginm
1833 1930 1863 1984 in
1881 1947 1939 1984 oin·

235 2018 396 2086 conjupium
415 2018 626 2085 reprehendere,
647 2017 758 2069 etiamsi
776 2018 965 2086 oirqinitatem
982 2019 1072 2085 profi·
1099 2017 1182 2071 nibus
1210 2016 1267 2070 suis
1292 2016 1418 2086 partibus
1443 2017 1481 2070 sit
1503 2016 1681 2080 honorabile,
1711 2033 1746 2071 ae
1765 2017 1842 2086 quod
1859 2032 1940 2071 nemo

231 2110 337 2168 icatur,
356 2104 397 2155 ita
414 2102 526 2156 cisimus
540 2103 680 2170 occepisse
695 2103 865 2172 Fulpentius
881 2103 947 2157 libr.
969 2104 1073 2166 deiide
1100 2103 1202 2158 debeat
1220 2103 1381 2173 conjuginm
1401 2103 1611 2172 reprehendere,
1632 2102 1781 2157 conciliare
1799 2103 1867 2157 velit
1884 2119 1939 2157 non

236 2192 277 2242 orl
299 2189 417 2243 Petrum
441 2207 503 2257 cap.
526 2192 554 2243 3.
574 2189 693 2257 denique
717 2191 748 2242 iu
766 2189 906 2255 omnibris,
936 2189 969 2240 id
986 2188 1073 2241 estin
1100 2188 1190 2243 solum
1209 2189 1365 2243 Innocentii
1385 2196 1414 2243 et
1432 2188 1522 2242 Siricii
1540 2188 1768 2251 constitutiones,
1786 2188 1818 2241 in
1836 2189 1939 2261 quibus

236 2276 361 2329 munibus
380 2276 501 2342 lepitime
518 2275 683 2342 coniunctis,
703 2276 860 2344 quicunque
879 2274 926 2327 illi
943 2273 998 2326 rint
1016 2274 1073 2327 siue
1099 2274 1136 2328 sd
1154 2276 1316 2345 conjugium
1335 2273 1511 2329 sacerdotum
1528 2274 1773 2328 accommodantur
1785 2273 1837 2329 illu
1852 2274 1940 2329 verbu

235 2380 332 2430 senes,
359 2363 417 2416 siue
433 2362 562 2429 juvenes,
585 2361 644 2414 sice
663 2362 785 2429 nobiles,
809 2362 867 2413 sice
887 2361 1013 2424 obscuri,
1031 2361 1073 2413 ita
1099 2361 1230 2431 apostoli:
1259 2361 1314 2423 Qui
1332 2363 1362 2414 in
1382 2379 1467 2415 carne
1485 2369 1563 2431 sunt,
1590 2365 1652 2415 Deo
1665 2362 1784 2429 placere
1799 2379 1858 2415 non
1875 2379 1940 2430 pos·

239 2447 461 2516 'l'hcophplactus
498 2445 550 2497 hoo
586 2446 655 2500 loco.
709 2445 933 2515 Respondemus:
968 2446 1073 2516 priores
1098 2455 1176 2515 sunt,
1197 2448 1246 2502 sed
1265 2447 1347 2502 eiiam
1367 2465 1418 2502 sua
1435 2446 1522 2516 ipsius
1538 2446 1625 2501 rerba
1644 2464 1668 2501 c.
1687 2447 1817 2517 praeced.
1837 2455 1940 2503 temam

235 2534 307 2587 duae
324 2531 565 2602 interpretationes
584 2547 666 2586 verae
686 2531 798 2601 quidem
817 2537 890 2601 sunt,
907 2532 958 2586 sed
977 2537 1071 2586 tamen
1098 2535 1220 2603 prolata:
1248 2536 1284 2586 In
1308 2542 1373 2587 actu
1391 2533 1520 2603 conjuqii
1545 2534 1647 2602 nepari
1667 2551 1724 2587 non
1739 2542 1848 2603 potest,
1872 2535 1939 2603 quin

234 2637 289 2674 non
310 2620 410 2689 plenae
428 2633 480 2672 uec
500 2618 674 2672 satisfaciunt
690 2619 778 2673 textui
791 2618 951 2688 apostolico,
970 2636 1003 2674 ex
1017 2636 1072 2689 quo
1098 2621 1225 2673 admista
1252 2621 1290 2672 sit
1320 2622 1461 2688 quaedam
1485 2619 1635 2689 impuritas
1662 2627 1689 2671 et
1707 2619 1851 2689 pollutio,
1883 2638 1940 2674 non

235 2706 380 2760 manifeste
399 2710 524 2774 apparet,
542 2704 571 2757 τὸ
591 2705 621 2756 ιν
641 2707 708 2758 πᾶσι
725 2704 821 2759 referri
847 2722 902 2760 non
927 2706 1016 2759 solum
1034 2706 1071 2759 ad
1099 2723 1169 2775 quae
1193 2715 1341 2775 peccatum
1358 2706 1410 2773 sit,
1443 2721 1514 2774 quae
1540 2722 1574 2759 es
1596 2714 1713 2774 peccato
1741 2714 1833 2759 tamen
1862 2715 1939 2762 nata.

235 2808 300 2860 rem,
319 2792 369 2844 sed
389 2791 472 2846 sunm
494 2791 530 2844 ad
550 2807 692 2860 personas.
730 2789 853 2860 Opponit
870 2790 942 2844 enirn
962 2797 1072 2861 aposto·
1099 2792 1268 2846 dandorum
1288 2793 1372 2845 etiam
1392 2792 1602 2844 matrimonium
1617 2792 1676 2845 sine
1690 2791 1852 2860 pollutione
1872 2809 1940 2861 qua·

136 2930 147 2943 ,,
234 2877 277 2931 lus
298 2894 352 2944 eos,
373 2877 420 2947 qui
438 2883 529 2931 camus
548 2876 660 2946 nuptias
681 2882 829 2944 sectentur,
849 2884 878 2930 et
895 2883 1070 2940 scortatores,
1098 2880 1165 2931 dam
1184 2886 1209 2930 et
1227 2878 1402 2946 turpitudine
1425 2895 1483 2929 non
1495 2878 1620 2929 coerceri
1631 2879 1711 2930 docet
1727 2877 1939 2931 rebelliomem·

234 2965 263 3018 in
281 2978 350 3033 quos
371 2979 404 3017 eo
423 2962 535 3033 gravium
553 2961 645 3016 Deum
666 2962 922 3017 animadversurum
946 2970 1071 3028 testatur,
1097 2965 1217 3018 brorum.
1250 2966 1338 3017 Actus
1355 2962 1483 3030 conjuqii
1500 2963 1608 3016 hebetat
1625 2963 1715 3016 aciem
1726 2964 1826 3017 medis
1844 2972 1873 3017 et
1891 2966 1939 3017 de-

236 3050 304 3119 quia
322 3048 456 3103 adversus
473 3047 564 3101 caruis
583 3047 835 3117 concupiscentiam
851 3049 1002 3103 remedium
1015 3048 1071 3102 illis
1093 3050 1193 3119 primii
1212 3052 1253 3103 ad
1273 3050 1416 3113 inferiora
1432 3058 1458 3102 et
1478 3051 1603 3102 animam
1616 3049 1708 3118 ipsam
1727 3053 1938 3118 quodammodo

236 3135 365 3201 instituit,
386 3137 513 3188 sanctum
531 3133 639 3187 scilicet
654 3133 824 3204 conjugium,
845 3134 919 3204 quod
937 3134 965 3187 in
985 3135 1070 3189 omni·
1096 3137 1241 3189 carnalcm
1267 3137 1356 3204 facit,
1384 3137 1459 3189 mide
1483 3136 1567 3189 etiam
1592 3137 1754 3205 conjuqium
1780 3138 1939 3191 orationem

236 3220 289 3275 bus
307 3219 467 3273 honorabile
485 3220 677 3288 cujuscunque
697 3219 753 3272 sint
773 3219 948 3274 conditionis.
977 3220 1070 3275 Profe·
1095 3223 1221 3291 impedit.

235 3308 321 3362 rimus
341 3306 577 3376 interpretationis
589 3306 672 3376 huJus
684 3312 782 3360 testem
795 3299 986 3375 Paphnutium
1001 3322 1070 3359 mar·
1134 3312 1192 3362 333.
1232 3313 1256 3362 3.
1283 3312 1304 3362 1.
1331 3305 1393 3362 Cor.
1419 3312 1449 3370 9,
1474 3323 1500 3359 v.
1525 3313 1555 3361 t:
1587 3307 1734 3376 Numquid
1760 3325 1817 3361 non
1843 3324 1896 3376 eqo
1911 3313 2002 3362 aaa

234 3401 338 3465 tyrem,
368 3393 462 3465 quiin
480 3393 588 3463 synodo
613 3392 737 3448 Nisaeos
758 3392 811 3446 hoc
833 3393 939 3446 dictum
956 3392 1072 3462 protulit
1099 3394 1252 3447 liamiabas
1279 3394 1410 3446 habemus
1434 3399 1603 3460 potestatem
1632 3410 1758 3448 sororem
1792 3394 1937 3448 mulierem
1952 3364 2002 3465 2⁰

235 3482 368 3535 adversus
385 3496 440 3543 eos,
460 3480 508 3551 qui
526 3479 633 3534 clericis
651 3478 808 3549 conjugatis
826 3479 1017 3533 necesdtatem
1036 3478 1071 3531 ab
1100 3480 1343 3546 circumducendi,
1368 3479 1439 3531 sicut
1460 3487 1487 3531 et
1510 3479 1618 3547 reliqui
1634 3480 1759 3549 apostoli
1783 3486 1811 3533 st
1827 3471 1995 3562 fratrss¹¹,}¹,¹
1973 3480 2002 3508 ¹¹¹¹

235 3581 350 3619 uxorum
371 3566 570 3620 consuetudine
589 3565 773 3620 abstinendi'
766 3581 908 3635 imponere
925 3566 1073 3618 voluerunt
1100 3565 1219 3619 Domini
1243 3573 1269 3618 et
1297 3565 1428 3635 Cophos!
1460 3580 1493 3618 ex
1518 3581 1574 3635 quo
1599 3565 1699 3619 loco
1678 3581 1718 3619 sic
1738 3565 1939 3621 concludimnii
1953 3575 2002 3614 oin

235 3656 305 3704 teste
323 3650 438 3705 Socrate
457 3650 518 3705 libr.
541 3656 562 3706 l
583 3651 677 3705 histor.
698 3651 795 3706 eccles.
812 3668 873 3721 cap
894 3657 917 3705 8
944 3659 973 3706 et
990 3652 1073 3704 Soio·
1100 3650 1181 3716 Quod
1207 3649 1297 3704 Panlo
1324 3649 1449 3719 apostolo
1475 3648 1581 3703 licitum
1610 3649 1681 3714 fuit,
1708 3651 1779 3705 illud
1807 3651 1940 3707 ministris
1952 3630 2002 3716 fix

237 3751 317 3789 meno
345 3734 406 3791 libr.
442 3735 931 3808 1.histor.cnp.22.Nicephor0
958 3737 1020 3792 libr.
1049 3743 1073 3792 8
1100 3736 1234 3792 ecclesiae
1253 3753 1309 3790 non
1326 3744 1369 3790 est
1389 3736 1452 3805 lege
1476 3734 1597 3806 quadam
1626 3735 1805 3790 interdictum
1831 3738 1906 3792 ιιι·
1898 3755 1979 3820 ιιι-ω
1953 3738 2002 3767 ⁰⁰¹¹*

237 3838 295 3892 cap.
332 3827 370 3875 19
399 3819 512 3875 Gelasio
540 3820 714 3892 Cyzicena
707 3841 735 3876 in
767 3824 837 3878 actis
871 3842 932 3894 syn.
958 3822 1074 3879 Nicuen
1100 3822 1302 3878 serdicendum.
1338 3821 1394 3877 Sed
1413 3821 1504 3876 Paulo
1525 3821 1631 3876 licitum
1656 3821 1710 3876 fuit
1736 3839 1858 3878 semrom
1879 3841 1937 3878 mn·
1953 3831 2002 3871 thr·

238 3922 299 3975 cap
324 3911 371 3960 33:
402 3907 511 3974 Nolite,
541 3909 663 3977 diccbm,
689 3926 775 3978 praee
797 3909 899 3977 jiiqum
923 3911 1075 3963 corrricibus
1101 3909 1196 3965 liorem
1223 3908 1441 3976 circumducere,
1470 3907 1500 3961 id
1528 3915 1572 3963 est
1599 3908 1804 3963 matrimonium
1831 3920 1939 3967 conus·

238 3992 385 4044 illorum'
373 4009 528 4060 sinponere,
553 3994 603 4060 qui
625 3996 716 4047 sacris
740 4003 804 4047 sunt
828 3996 941 4047 initiati.
979 3996 1075 4049 Hono·
1103 3995 1177 4051 here.
1214 3994 1298 4066 Ergo.
1336 3994 1451 4059 Item,
1443 4012 1472 4048 in
1489 4010 1655 4066 quocunque
1678 3995 1849 4052 nuenton
1865 3997 1940 4051 vixe-

109 4091 166 4132 1111.
181 4090 226 4134 itt.
238 4078 330 4131 ratila
348 4078 419 4130 enim
438 4078 600 4145 conjuqi‘um
617 4080 646 4131 in
672 4081 798 4133 omnibus
818 4099 853 4133 aa
879 4090 956 4134 torris
979 4082 1076 4134 imma·
1103 4087 1168 4135 ruint
1184 4080 1314 4151 apostoli,
1333 4080 1361 4133 in
1380 4095 1413 4134 eo
1432 4080 1507 4135 bona
1525 4081 1695 4135 conscientia
1714 4081 1807 4136 vivere
1824 4089 1943 4153 possunt

238 4165 355 4218 certatus.
390 4162 472 4216 Hanc
493 4163 644 4233 Paphnutii
671 4165 837 4219 renuntiem
864 4173 924 4220 tota
952 4167 1076 4236 synodus
1103 4167 1237 4222 ecclesiae
1268 4166 1396 4221 ministri.
1433 4165 1489 4221 Sed
1519 4167 1636 4237 apostoli
1663 4166 1791 4223 vixerim
1818 4169 1848 4223 in
1879 4186 1943 4224 con·

236 4248 403 4319 approbavit
432 4256 461 4303 et
489 4249 688 4304 continentiam
717 4249 754 4304 ab
786 4267 871 4305 uxore
902 4251 931 4303 in
962 4251 1076 4306 arbitrio
1100 4254 1189 4324 jugio.
1226 4253 1309 4324 Ergo.
1346 4252 1459 4322 Excipit
1476 4252 1661 4307 Bellarminus
1680 4256 1705 4309 1.
1723 4271 1780 4308 non
1800 4271 1860 4309 esse
1880 4273 1940 4325 eer-

237 4335 374 4405 cujusque
394 4333 514 4404 reliquit.
549 4333 595 4390 Sic
612 4343 640 4389 et
657 4340 751 4404 patres
777 4343 871 4392 sextae
895 4338 994 4407 synodi
1015 4338 1076 4392 uni·
1102 4349 1173 4409 tum,
1200 4342 1315 4409 quinam
1341 4357 1373 4392 es
1398 4340 1536 4410 mortalis
1559 4346 1659 4393 uxores
1678 4340 1825 4394 habuerint
1848 4348 1874 4394 et
1891 4342 1943 4411 qui

204 4422 207 4427 ’
236 4421 350 4476 versalia
374 4420 403 4474 in
423 4419 520 4474 Trullo
547 4419 616 4474 illud
641 4421 733 4491 ipsum
758 4422 864 4478 dictum
888 4424 924 4478 ad
943 4440 1075 4494 personas
1103 4443 1157 4479 non
1175 4426 1333 4494 habuerint,
1351 4443 1414 4479 cum
1431 4429 1542 4480 voment
1560 4429 1613 4480 hac
1633 4429 1669 4479 de
1687 4443 1717 4479 re
1737 4434 1861 4480 merum
1880 4444 1942 4481 serr

237 4507 440 4561 ecclesiasticas
461 4505 638 4576 applicarunt
655 4506 731 4562 hisce
757 4508 849 4562 verbis
871 4525 930 4565 ean.
958 4515 996 4565 13.
1014 4526 1075 4579 pio-
1101 4512 1221 4580 tentiae,·
1240 4511 1317 4565 illud
1333 4528 1399 4565 cero
1417 4522 1521 4566 certum
1537 4530 1604 4583 esse,
1623 4530 1670 4567 eos
1688 4530 1721 4566 ee
1732 4513 1878 4582 apostolis,
1896 4514 1946 4584 qui
1963 4510 1966 4515 ’

238 4593 316 4648 ιιιιι;
345 4593 458 4662 Siquis
476 4592 724 4660 diqnusinoentus
742 4595 849 4663 fuern't,
870 4597 1075 4665 quihypodio-
1102 4614 1216 4651 usonem
1237 4598 1409 4661 habuerunt,
1437 4607 1589 4667 postquam
1604 4601 1697 4654 uocati
1711 4616 1731 4652 a
1750 4598 1861 4655 Christo
1878 4602 1943 4667 fue·

238 4696 324 4732 omisis
341 4680 385 4732 uel
405 4680 544 4732 diaconus
564 4678 609 4731 rel
623 4679 772 4746 presbyter
796 4682 958 4749 ordinetur,
986 4683 1011 4734 is
1036 4685 1077 4735 ad
1102 4691 1182 4752 runt,
1201 4684 1299 4750 officio
1318 4684 1467 4752 conjuqali
1483 4686 1671 4753 renuntiasse,
1699 4693 1729 4738 ut
1747 4685 1891 4754 renuitur
1911 4703 1944 4739 ss

237 4767 321 4820 talem
347 4768 470 4833 pradum
493 4765 601 4819 aswmi
624 4780 801 4834 nequicquam
821 4768 1025 4835 prohibeatur,
1050 4769 1078 4821 si
1105 4768 1942 4840 co,quodMatth.19.diount:Ecceonmiorsliquirnus,

238 4869 299 4904 curn
325 4852 451 4918 lepitima
473 4868 559 4906 neore
584 4851 730 4906 cohabitet.
768 4850 828 4905 sec
848 4870 937 4921 neque
962 4854 1076 4906 ordina·
1104 4859 1153 4909 ubi
1167 4856 1294 4909 Christus
1306 4856 1463 4926 mihiunpit:
1484 4858 1590 4925 Omnis,
1604 4860 1654 4928 qui
1665 4857 1812 4927 reliquerit
1822 4867 1942 4928 patrem,

237 4937 322 4990 tionis
341 4945 464 5004 tenqiore
481 4939 517 4990 ab
535 4953 567 4990 eo
582 4936 753 5005 postuletur,
771 4945 801 4989 ut
810 4941 989 5009 profiteatur,
1008 4957 1037 4993 se
1058 4958 1076 4992 a
1105 4952 1154 4996 aut
1180 4950 1314 5010 matrem,
1342 4951 1392 4995 orit
1414 4960 1538 5001 nomem.
1580 4945 1810 5016 Respondemus:
1833 4944 1946 5001 Sufficit

238 5022 364 5091 lepitima
377 5039 439 5073 cirin
456 5039 542 5074 unare
558 5022 757 5076 comustudinc
773 5022 973 5092 abstenturum,
991 5043 1025 5079 ne
1044 5043 1077 5079 es
1104 5029 1199 5098 nobis,
1219 5028 1327 5099 aliquos
1344 5030 1484 5099 apostolos
1504 5031 1590 5086 fuisse
1609 5033 1787 5102 conjugatos,
1814 5031 1892 5100 quod
1911 5048 1945 5086 ex

238 5126 269 5162 eo
290 5128 309 5162 u
328 5110 392 5161 Deo
411 5110 574 5161 remeantes
600 5117 626 5162 et
649 5126 702 5161 sua
724 5109 890 5180 praesentia
916 5111 1075 5165 benedictas
1104 5114 1157 5169 hoc
1182 5116 1243 5170 loco
1264 5115 1419 5185 apostolica
1441 5123 1470 5172 et
1492 5116 1592 5172 Metili.
1620 5122 1650 5182 8,
1679 5136 1705 5170 v.
1734 5124 1773 5174 it.
1809 5118 1896 5174 Marc.
1921 5124 1944 5186 1,

236 5196 353 5263 nuptias
370 5193 484 5261 injurio
505 5195 624 5257 afficere
648 5213 795 5263 copamur,
820 5196 983 5264 eoanpelice
1010 5215 1076 5252 uoce
1105 5219 1130 5259 v.
1151 5206 1193 5256 30.
1228 5200 1297 5255 Luc.
1317 5208 1341 5270 l,
1360 5220 1385 5256 v.
1406 5206 1448 5257 38.
1468 5201 1654 5255 menifestum.
1690 5203 1786 5257 Actor.
1807 5209 1855 5268 21,
1873 5222 1900 5258 v.
1918 5212 1942 5260 8.
1956 5214 2002 5256 1111

238 5281 419 5344 eochimantc,
438 5297 509 5348 quae
522 5282 602 5333 Deus
615 5283 767 5350 conjimoit,
787 5282 869 5336 homo
887 5300 944 5336 non
957 5294 1076 5352 separet,
1103 5287 1252 5357 Philippus
1271 5288 1443 5358 evangelista
1455 5285 1557 5340 dieitur
1567 5292 1689 5353 quatuor
1707 5289 1785 5351 filias
1797 5288 1942 5359 habuisse3

239 5374 265 5419 rt
289 5367 420 5438 apostolo
452 5367 580 5429 άοιιιιιι,
612 5367 778 5423 honorabile
808 5369 1018 5424 matrimonium
1044 5375 1074 5428 in
1104 5373 1231 5446 ignatius
1248 5374 1278 5427 iii
1297 5373 1375 5444 epist.
1398 5372 1435 5426 ad
1453 5369 1643 5439 Philadelphi
1668 5374 1795 5445 Ειιφιο
1811 5377 1944 5430 ,Iohanne
