4020 6014
234 234 297 291 stt
812 227 935 287 Locus
952 225 1157 285 VIOESMUB
1175 225 1353 291 QUARTUS

231 386 360 448 possunt.
377 378 438 435 libr.
459 386 498 448 tt,
516 396 541 437 o.
564 385 610 438 te:
631 381 756 436 Pertinet
776 385 818 435 ori
833 383 985 436 innocentis
1003 381 1067 448 osse
1093 379 1232 448 justitiam
1250 389 1279 437 et
1295 382 1416 437 studium
1434 380 1544 435 virtutis
1562 397 1595 435 ac
1612 379 1766 437 honestatis
1782 378 1934 440 deducere,

235 466 308 518 ciem
323 484 381 520 ιιοιι
396 468 488 521 actm
505 467 611 521 semiss·
621 467 726 522 melosa
742 468 860 537 inferre,
875 486 971 524 ceram
985 469 1068 523 etiosa
1097 464 1290 539 delinquentes
1309 470 1444 535 coercere,
1464 467 1552 523 bonos
1570 465 1707 537 praemiis,
1724 464 1815 520 malos
1833 463 1934 536 poenis

236 551 362 606 cohibere
375 569 395 606 o
409 560 526 621 peccato
545 554 589 608 cel
603 554 709 626 postire
716 562 873 624 peccatam,
891 562 924 608 ut
935 561 984 608 urst
996 554 1067 623 ipse,
1095 551 1216 611 afficere.

234 638 287 706 qui
325 639 473 708 plectitur,
513 641 688 710 corrigatur,
733 649 782 695 oet
825 641 880 695 olii
910 648 1068 696 ωπιαιιιιιι·
1131 644 1191 695 211.
1226 640 1385 696 Notandum
1404 645 1511 709 tamen,
1531 655 1708 710 nequaquam
1732 636 1850 693 anobis
1867 651 1933 706 pro·
1945 636 1997 680 ¹1V·

235 727 414 794 eruptus*
468 732 491 780 6.
525 727 654 798 Denique
684 727 773 800 gloria
803 728 857 784 Dei
889 733 1067 800 propagatur,
1096 724 1157 779 bari
1182 725 1347 796 multiplices
1372 732 1401 781 et
1422 727 1513 781 varios
1536 728 1651 787 aliusue,
1676 727 1724 797 qni
1751 725 1780 779 in
1799 722 1932 779 civilibus
1950 769 1969 779 .,
1988 718 2004 780 J

236 814 316 883 enJ'ns
334 813 546 883 sapientissima,
561 812 762 885 benignissime
779 821 809 871 et
823 814 979 885 Justissimn
995 813 1067 869 ordi·
1092 810 1207 880 judiciis
1230 812 1411 882 utplurimum
1436 812 1653 884 conspiciuntur.
1697 811 1738 868 Ut
1754 811 1830 866 enim
1850 825 1931 883 pree·

235 899 312 953 natio
330 904 396 954 sunt
410 900 519 970 judicia
536 900 637 963 civilia,
656 901 702 957 oui
722 901 806 956 etiam
825 901 876 956 soli
893 900 1011 957 debetur
1022 899 1067 953 hic
1095 897 1279 955 termittemus
1298 907 1397 953 errato
1409 900 1555 968 judicum,
1581 899 1683 970 quibus
1706 903 1855 970 sequentes
1884 913 1930 952 ca·

236 983 336 1053 honor,
364 986 438 1057 quod
467 985 504 1041 sit
532 993 644 1056 auctor,
676 993 852 1044 conservator
880 1004 913 1041 ac
941 986 1068 1042 defensor
1094 1002 1180 1041 nones
1197 993 1263 1040 sunt
1273 986 1404 1058 oppositi,
1420 1003 1465 1042 res
1480 986 1543 1057 ipse
1559 991 1686 1052 testatur,
1705 985 1819 1056 saepius
1831 989 1932 1040 contra

235 1077 346 1128 nostrae
357 1072 438 1143 vitae,
454 1072 554 1142 famae,
573 1073 711 1143 fortunae,
727 1074 861 1130 bonorum
875 1072 998 1128 omnium
1010 1076 1068 1127 tam
1095 1071 1218 1127 oeritatis
1241 1072 1366 1145 regulam
1384 1073 1420 1128 ab
1436 1072 1491 1127 illis
1510 1073 1634 1143 peccari,
1658 1071 1708 1143 qui
1724 1073 1753 1127 iu
1773 1070 1835 1129 toro
1853 1070 1930 1127 cirili

235 1159 365 1228 corporis,
382 1174 466 1230 quarn
484 1163 675 1229 externorum,
696 1160 743 1230 qui
758 1159 925 1231 judiciorum
943 1156 1068 1214 ordinem
1094 1173 1192 1213 causas
1204 1165 1302 1229 agunt,
1313 1164 1373 1214 tum
1385 1161 1495 1215 ratione
1508 1175 1610 1214 comae
1621 1159 1798 1228 impulsioce,
1815 1158 1931 1230 qnando

235 1244 361 1299 mirando
380 1243 627 1301 consilioinstituit
640 1244 720 1302 bonis
737 1245 891 1313 inbonum,
911 1244 1068 1299 malisvero
1096 1243 1159 1314 quis
1182 1245 1226 1301 vel
1250 1244 1334 1300 animi
1358 1245 1552 1301 malevolentia
1580 1245 1715 1314 mffusus,
1746 1245 1790 1301 vel
1821 1245 1931 1299 insidia

235 1332 271 1386 ad
292 1330 442 1386 vindictam
460 1331 602 1387 malorum.
1095 1336 1250 1401 corruptos,
1264 1331 1307 1386 vel
1320 1331 1484 1386 iracundia
1476 1348 1613 1401 incensus,
1626 1333 1670 1387 sel
1684 1331 1799 1387 libidine
1819 1332 1931 1386 rixandi

108 1425 209 1475 tals·
270 1421 390 1476 1754
409 1418 435 1472 Α
454 1419 628 1487 J'udiciorum
653 1419 825 1473 amaritate.
862 1417 979 1488 Absque
992 1416 1068 1487 judi·
1095 1423 1145 1472 aut
1161 1418 1253 1472 animo
1272 1417 1412 1474 vindictae
1429 1418 1531 1488 cupido
1553 1419 1688 1490 impulsus
1707 1418 1785 1474 litem
1803 1419 1931 1489 proximo

108 1478 222 1570 mmm
234 1503 285 1560 ciis
301 1504 416 1576 politiae
438 1504 586 1561 consistere
602 1509 761 1577 noqueunt,
786 1503 890 1575 quippe
914 1519 986 1576 quae
1004 1510 1069 1558 sunt
1095 1505 1228 1570 intentatJ
1246 1509 1305 1559 tum
1324 1505 1434 1559 ratione
1454 1505 1599 1572 muteioe,
1618 1504 1778 1577 quandoob
1795 1522 1840 1560 rea
1855 1505 1931 1561 leves

107 1584 161 1622 ω·
233 1588 778 1660 earumedminicnlaetordhishujus
770 1596 951 1646 instrumenta
962 1605 1068 1644 summe
1095 1606 1127 1645 ec
1145 1589 1258 1645 frivolas
1287 1596 1338 1645 aut
1359 1598 1435 1647 certe
1461 1592 1616 1662 compositu
1632 1591 1730 1646 faciles
1746 1591 1874 1663 protinus
1891 1591 1929 1645 ad

235 1678 402 1745 necesaria,
425 1677 501 1733 unde
517 1695 568 1748 par
583 1674 692 1747 judicia
708 1677 850 1731 bominum
865 1678 986 1730 societas
1002 1693 1067 1730 coa·
1095 1675 1217 1732 tribunal
1225 1677 1329 1746 judicis
1348 1678 1475 1746 curritur,
1495 1684 1524 1734 et
1535 1678 1641 1749 ubsque
1653 1677 1711 1731 ulla
1723 1677 1930 1734 condonatione

233 1768 345 1820 emori
362 1764 472 1834 dicitur,
490 1765 509 1820 l
525 1764 635 1834 judices
656 1762 686 1817 C.
705 1763 740 1820 de
759 1763 858 1834 dignit.
890 1762 1005 1818 iudicia
1019 1762 1071 1832 qui-
1092 1762 1215 1819 iraterna
1228 1770 1258 1819 et
1269 1763 1428 1820 Christiane
1439 1764 1583 1835 patientia,
1602 1765 1707 1835 ubsque
1728 1770 1838 1820 tentate
1850 1765 1929 1836 prius

232 1851 323 1915 tollit,
342 1853 420 1923 ipsas
436 1850 550 1923 politius
569 1850 675 1907 averit,
712 1849 837 1906 Sublatis
858 1850 931 1904 enim
953 1849 1067 1919 judiciis
1092 1851 1290 1922 compositione
1309 1857 1338 1906 et
1354 1851 1576 1908 reconciliatione
1592 1849 1733 1907 amicabili
1750 1851 1876 1920 proximo
1892 1850 1928 1905 lis

236 1944 259 1996 l.
278 1939 404 2008 injuriae
430 1939 535 1993 «idacii
557 1938 649 1991 instar
665 1938 774 2007 possim
794 1938 977 1993 inundabant.
1012 1935 1066 1991 Te·
1092 1936 1456 2005 intenditurJtnmrotiorse
1467 1939 1589 2008 formae,
1607 1936 1927 2009 quandoperconsioia,

232 2030 323 2081 snm:
338 2025 511 2096 experientia
528 2023 763 2093 manifestissima,
782 2024 898 2094 injurias
915 2030 943 2078 et
959 2023 1067 2078 scelera
1092 2022 1259 2089 calumnias,
1277 2023 1401 2085 handau,
1426 2024 1605 2095 imposturas,
1630 2022 1829 2095 sophismatum
1845 2039 1925 2094 prae·

231 2111 431 2167 incrementum
448 2111 532 2167 hodie
553 2128 660 2167 sumere
670 2109 879 2183 amplissimum,
896 2127 961 2166 cum
971 2117 1065 2164 tamen
1090 2108 1189 2180 stigias
1211 2114 1241 2165 et
1266 2109 1462 2180 sycophantias
1484 2110 1649 2181 judiciarius
1671 2126 1818 2180 processus
1845 2110 1926 2165 insti·

229 2198 345 2268 judiciis
355 2198 485 2255 civilibus
499 2199 687 2267 misceantur,
705 2197 773 2269 quid
783 2197 909 2252 futurum
921 2213 1065 2252 censemus
1089 2195 1194 2264 tuitur,
1212 2213 1321 2263 summa
1336 2195 1482 2251 verborum
1499 2204 1584 2268 etque
1601 2197 1754 2252 animorum
1772 2197 1925 2253 acerbitate

228 2282 343 2355 judiciis
371 2285 483 2340 abolitis
509 2289 593 2357 atque
612 2285 748 2340 sublatis?
785 2285 876 2356 leges
897 2283 966 2338 nihil
985 2283 1064 2353 quid·
1091 2280 1184 2335 omnia
1208 2289 1344 2352 geruntur
1369 2290 1398 2337 et
1415 2282 1590 2338 Christianae
1607 2284 1773 2352 modestiae,
1792 2284 1926 2354 sequani-

232 2384 315 2442 qnam
339 2378 456 2440 preeunt
480 2371 587 2443 absque
609 2371 731 2442 judiciis.
775 2373 814 2426 Αι
839 2369 915 2441 leges
938 2369 967 2424 in
984 2386 1064 2439 repo·
1090 2365 1505 2439 mitetisacpstientiaelimites
1513 2370 1926 2440 neuuiliuntnmtnmratioes

230 2455 305 2511 blica
329 2463 396 2512 sunt
411 2444 592 2514 necessmiae.
621 2457 697 2529 Ergo
713 2457 797 2513 etiam
813 2455 927 2526 judicia
959 2456 1065 2523 aspum
1090 2455 1169 2520 risis,
1197 2455 1309 2526 quando
1339 2461 1416 2511 actor
1441 2473 1497 2511 non
1527 2463 1585 2512 tam
1611 2457 1655 2511 sni
1680 2457 1869 2513 defensionem
1896 2465 1926 2512 et

230 2541 396 2611 &tepea
417 2551 481 2597 seat
503 2545 629 2612 iudices,
656 2544 749 2615 inquit
764 2542 862 2598 cicero
887 2559 938 2612 pro
953 2540 1065 2596 cluent
1087 2542 1214 2613 justitiae
1232 2542 1506 2607 administrationem,
1524 2561 1609 2614 quam
1621 2543 1773 2601 adversarii
1785 2544 1922 2600 contusio·

231 2626 355 2700 litigare
381 2644 448 2702 ergo
467 2630 525 2686 sive
551 2631 581 2686 in
594 2630 702 2702 judicio
718 2629 885 2685 contendere
901 2627 971 2682 nihil
988 2627 1064 2684 aliud
1089 2645 1167 2697 nem,
1192 2629 1314 2693 ruinam,
1337 2630 1469 2685 dantnum
1492 2638 1520 2687 et
1542 2631 1682 2686 infamiam
1701 2632 1824 2702 quaerit,
1849 2649 1923 2702 quae

230 2720 273 2770 est
299 2732 383 2787 quarn
407 2717 501 2790 legum
526 2718 781 2789 interpretationem
804 2723 833 2772 et
861 2714 1064 2772 exsecutionem
1090 2715 1184 2769 omnia
1200 2722 1335 2787 tunquam
1355 2717 1533 2772 accidentarii
1552 2725 1581 2772 et
1594 2718 1686 2773 vitiosi
1698 2718 1803 2775 ebusus
1822 2735 1840 2772 a
1856 2719 1922 2773 ciri·

229 2807 334 2873 petere.
369 2807 397 2861 2.
415 2806 494 2859 Boni
516 2805 681 2870 defensioue
699 2805 841 2860 carebant.
879 2801 1064 2858 Exulceratis·
1089 2801 1300 2872 libuaJ'udiciis,
1322 2805 1441 2874 quaein
1459 2821 1489 2859 se
1508 2820 1541 2858 ac
1558 2821 1609 2875 per
1619 2821 1651 2859 se
1671 2811 1737 2860 sunt
1752 2812 1850 2861 sancta
1868 2804 1922 2861 Dei

229 2887 306 2943 simis
325 2889 402 2946 hisce
418 2890 506 2946 seculi
522 2891 610 2946 nostri
628 2891 799 2962 temporibus
818 2890 944 2944 amicat
961 2887 1062 2957 iniqui·
1089 2888 1242 2954 ordinatio,
1273 2891 1309 2944 ad
1328 2890 1418 2945 civilis
1435 2892 1575 2947 societatis
1598 2892 1833 2948 conservationem
1848 2911 1923 2947 sum·

229 2981 275 3029 tes
289 2976 385 3032 Matth.
404 2982 454 3048 21,
478 2994 505 3032 s.
525 2983 565 3035 12.
583 2977 649 3033 boni
667 2977 697 3031 in
714 2977 806 3032 medio
822 2968 968 3047 impiorum
986 2974 1064 3029 velut
1090 2992 1202 3046 mopere
1226 2976 1396 3041 necessaria,
1421 2985 1551 3034 accurate
1574 2984 1640 3033 sunt
1657 2978 1870 3051 distinguenda,
1894 2987 1923 3034 et

231 3078 295 3114 oses
321 3063 350 3115 in
377 3064 469 3120 madio
494 3065 624 3134 leporum
642 3064 741 3119 Matth.
762 3069 807 3133 19,
833 3079 859 3118 v.
881 3069 920 3118 16.
941 3069 969 3117 et
987 3061 1065 3116 velut
1086 3064 1169 3133 juxta
1200 3063 1334 3118 monitum
1371 3062 1486 3119 [antheri
1525 3071 1567 3130 is,
1594 3065 1642 3137 qui
1670 3065 1699 3120 in
1731 3064 1792 3120 foro
1822 3083 1922 3122 causas

228 3148 297 3202 tilia
314 3149 388 3203 ister
412 3151 511 3219 epium
528 3149 659 3220 Cant-2,
684 3167 712 3207 v.
738 3152 761 3205 2.
789 3149 899 3217 vivunt,
928 3148 1064 3219 equibus
1090 3156 1165 3205 recte
1182 3154 1211 3204 et
1227 3149 1349 3221 legitime
1368 3150 1447 3221 cupit
1463 3168 1554 3223 agere,
1575 3153 1692 3208 emicem
1705 3153 1782 3222 prius
1799 3154 1922 3209 reconci-

228 3234 305 3289 omni
329 3232 510 3306 injuriarum,
532 3236 664 3292 trundum
689 3243 719 3291 et
746 3235 945 3291 calumniarum
963 3250 1064 3306 genem
1089 3236 1229 3292 liationem
1247 3241 1344 3306 tentet,
1361 3238 1487 3309 quamsi
1504 3239 1630 3295 obtinere
1647 3257 1702 3295 non
1718 3240 1816 3309 possit,
1834 3241 1921 3312 mugi·

229 3327 394 3392 punguntur
420 3328 448 3378 et
473 3321 652 3395 affligunturJ
680 3338 788 3377 summa
813 3321 899 3392 igitur
913 3321 1064 3377 recessitis
1090 3329 1207 3378 stratum
1231 3323 1358 3393 justitiae
1385 3324 1542 3394 praesidem
1576 3326 1672 3393 adest,
1706 3334 1864 3383 reverenter
1891 3345 1922 3382 se

229 3406 353 3477 requirit,
371 3413 404 3462 ut
422 3424 473 3479 per
487 3409 595 3478 judicia
615 3408 709 3464 civilia
727 3408 851 3464 defensio
871 3407 927 3462 illis
944 3411 1065 3478 praeete
1089 3409 1222 3481 subjiciat
1244 3409 1372 3481 legibus,
1399 3410 1568 3480 judiciorum
1594 3412 1684 3468 ordini
1711 3419 1739 3468 et
1763 3414 1921 3470 auctoritati

229 3497 282 3548 tur.
312 3497 335 3548 9.
348 3493 468 3547 Jrsstitic
480 3495 617 3550 munus
635 3494 753 3564 injuriis,
771 3493 935 3562 fraudibus,
953 3493 1064 3564 rapinis,
1089 3496 1285 3567 magistratus,
1305 3512 1357 3551 nec
1374 3513 1453 3550 suam
1471 3503 1586 3567 quaerat
1603 3498 1756 3553 vindictam
1774 3500 1920 3570 privatam,

229 3578 363 3634 coedibus
395 3580 512 3652 aliisque
549 3580 659 3637 delictis
708 3581 822 3652 impune
863 3580 1063 3653 grassantibus.
1089 3583 1139 3637 sed
1156 3582 1305 3654 publicam,
1324 3597 1409 3653 qoem
1427 3581 1505 3640 Deus
1523 3587 1631 3639 exercet
1646 3601 1697 3653 per
1717 3587 1919 3657 magistratum,

229 3669 254 3720 ⁴.
271 3666 393 3720 Petls'co
405 3682 467 3737 poc
494 3675 522 3722 st
539 3667 749 3737 hmilitas,
772 3667 828 3721 imo
849 3667 917 3721 ordo
935 3666 1063 3738 politicus
1089 3685 1142 3725 nec
1160 3670 1237 3724 litem
1256 3685 1289 3724 ex
1307 3668 1356 3723 lite
1375 3676 1450 3724 serm
1468 3669 1498 3723 in
1516 3671 1625 3726 mortali
1637 3687 1751 3741 corpore
1763 3673 1920 3728 inimicitiae

225 3751 338 3820 peniteas
359 3753 532 3819 ctoleditssr,
557 3770 640 3810 nemo
663 3754 851 3825 possessiones
876 3769 941 3808 snas
969 3759 1063 3826 quiete
1089 3756 1256 3811 immortales
1274 3755 1413 3827 gerendo,
1433 3757 1481 3812 sed
1499 3764 1531 3811 ut
1548 3756 1618 3811 alias
1637 3756 1701 3811 finis
1720 3758 1838 3830 legitimi
1855 3761 1920 3816 belli

228 3835 354 3893 obtinere
371 3839 483 3909 poterit,
502 3839 664 3896 innoeentes
683 3847 712 3895 et
728 3839 871 3896 inferiores
889 3856 907 3893 e
926 3840 1062 3910 potentio·
1088 3860 1143 3914 pax
1155 3851 1205 3909 est,
1218 3843 1258 3897 ite
1269 3858 1382 3914 quoque
1397 3843 1455 3897 anis
1470 3842 1499 3897 in
1516 3842 1577 3898 {oro
1589 3844 1744 3899 actionibus
1759 3846 1828 3901 nihil
1843 3847 1917 3902 aliud

228 3920 306 3976 ribus
329 3924 520 3995 opprimentur
543 3933 571 3982 et
595 3926 745 3998 Cyclopica
772 3925 909 3997 quaedam
937 3926 1062 3982 confusio
1089 3947 1172 4002 quam
1191 3929 1285 4000 pacis,
1300 3929 1439 3999 justitiae,
1458 3929 1585 3985 veritatis
1608 3936 1638 3986 et
1655 3931 1818 3988 concordiae
1835 3934 1918 3988 ratio-

228 4006 428 4067 intrcdncetnr.
472 4017 496 4066 5.
519 4012 646 4068 Fcclesia
669 4030 724 4068 non
745 4013 849 4084 poterit
867 4029 919 4083 per
938 4015 1061 4084 quietam
1087 4034 1151 4073 nem
1180 4015 1291 4070 haheat.
1334 4016 1381 4069 Sic
1408 4024 1514 4069 certent
1539 4034 1656 4086 comos,
1682 4025 1714 4069 ιιι
1736 4036 1792 4072 uon
1816 4029 1917 4075 certent

229 4099 258 4150 et
282 4095 424 4167 publicam
450 4098 529 4155 serbi
555 4099 790 4170 praedicationem
819 4099 931 4170 colligi,
958 4102 1061 4171 quippe
1084 4113 1214 4178 pectora,
1251 4104 1295 4157 ter
1327 4104 1429 4172 &omer
1458 4102 1554 4172 ῧιὶιιι,
1592 4105 1635 4158 ιιι
1670 4104 1770 4173 iterim
1802 4108 1916 4176 prosu.

229 4183 305 4254 qnod
324 4181 431 4254 absque
450 4192 579 4241 externae
599 4185 763 4257 disciplinae
782 4187 991 4243 conservatione
1001 4187 1061 4243 ficri
1087 4189 1308 4246 titChemnicins
1330 4195 1406 4245 tom..
1434 4195 1458 4244 2.
1485 4189 1535 4244 loc.
1562 4206 1660 4245 comm.
1685 4208 1709 4247 c.
1733 4192 1769 4247 de
1792 4194 1916 4249 vindicta

228 4275 333 4342 nequit.
373 4272 418 4325 Ao
441 4271 528 4328 serbo
556 4274 599 4328 uti
627 4274 730 4340 dicam,
756 4279 862 4344 quanta
882 4275 1061 4346 magistratus
1087 4278 1135 4334 fol.
1162 4281 1218 4332 152.
1243 4276 1310 4344 edit.
1336 4274 1463 4331 Ριιιιοῐ.
1491 4275 1519 4329 in
1541 4283 1565 4332 1.
1590 4293 1664 4331 anno
1686 4283 1764 4334 1591ι
1786 4280 1916 4335 Vindicta

228 4355 353 4426 politici,
394 4363 474 4415 mute
511 4374 621 4432 quoque
657 4359 780 4414 civilium
814 4360 983 4430 J'udiciorum
1017 4369 1062 4417 est
1089 4373 1130 4420 est
1148 4365 1261 4433 staplen.
1297 4364 1400 4417 Altero
1418 4363 1583 4418 inordinata
1602 4379 1652 4417 seu
1664 4365 1781 4434 priuata
1794 4385 1828 4420 en
1843 4368 1917 4422 molo

227 4443 388 4498 necessitas
1088 4455 1191 4523 effectu
1207 4453 1350 4521 profecto,
1368 4452 1506 4504 tendens
1494 4468 1523 4504 ιιι
1533 4452 1657 4521 molom
1677 4453 1771 4507 altero
1783 4456 1917 4508 ordinato

6 4532 10 4541 “
100 4531 201 4574 Ure·
264 4534 323 4586 216.
357 4531 667 4602 5.Aporitotc.Si1n
680 4533 777 4589 ordine
789 4534 1062 4591 ecclesiasticoreote
1087 4558 1136 4595 seu
1148 4539 1280 4609 publico,
1299 4553 1371 4607 qrtoe
1387 4539 1418 4600 fit
1432 4555 1488 4607 per
1505 4540 1698 4607 magistratum
1717 4550 1791 4596 certo
1820 4543 1918 4595 ordine

100 4586 210 4683 wir.
228 4612 411 4672 instituuntur
424 4618 541 4686 judicic
561 4619 760 4687 comminatio,
779 4621 881 4691 quibus
900 4622 1062 4694 delinquen·
1088 4624 1225 4696 certisque
1240 4624 1349 4694 tepitos
1361 4624 1563 4693 fiaeeototari.
1596 4627 1657 4681 lllu
1666 4628 1777 4696 possim
1794 4636 1917 4695 motor,

227 4705 270 4756 tes
290 4703 461 4772 uohcmtnr,
482 4704 579 4776 utique
598 4704 724 4759 ιιιιιιιίι
740 4704 838 4762 ordine
857 4707 969 4778 politico
987 4715 1062 4765 reete
1087 4710 1186 4767 Mutth.
1207 4718 1231 4777 5,
1249 4728 1274 4766 s.
1294 4715 1335 4766 99.
1363 4709 1442 4766 Rom.
1456 4716 1495 4779 12,
1512 4728 1537 4766 v.
1558 4717 1596 4767 11.
1635 4712 1738 4768 Confer
1754 4713 1855 4771 Metth.
1877 4720 1917 4780 26,

226 4786 412 4843 imtitnuntur
437 4791 555 4859 judicio
592 4791 698 4848 cicilio.
733 4793 786 4850 Ut
810 4792 884 4848 enim
915 4794 1062 4865 discipline
1086 4818 1111 4855 v.
1137 4804 1177 4854 52.
1210 4796 1280 4850 Luc.
1298 4802 1328 4863 9,
1352 4814 1377 4848 v.
1402 4803 1442 4851 55.
1482 4798 1530 4850 Fit
1552 4799 1621 4851 hoec
1642 4799 1768 4853 vindmia
1787 4801 1866 4854 molo
1884 4816 1917 4852 ee

226 4873 416 4931 ecclesiastica
426 4876 534 4948 absque
547 4877 652 4933 talibus
663 4878 858 4934 ecclesiasticis
870 4880 985 4949 judiciis
996 4898 1059 4936 con·
1084 4885 1198 4938 molitio
1216 4883 1338 4936 omnium
1358 4899 1523 4936 cuasarum:
1561 4887 1586 4940 1.
1611 4885 1775 4955 efficientis,
1801 4888 1869 4955 quic
1886 4888 1917 4950 ιιι

225 4960 330 5015 savari
347 4962 453 5033 nequit,
472 4962 513 5017 ita
525 4978 635 5035 quoque
651 4965 765 5034 politice
776 4966 926 5036 disciplina
936 4967 1057 5037 politicis
1086 4989 1105 5024 o
1118 4987 1252 5040 persono,
1270 4970 1317 5022 cai
1332 4969 1457 5023 ιίιιάἱιιι
1469 4988 1525 5023 noa
1539 4969 1681 5038 competit3
1701 4973 1727 5023 2.
1742 4971 1916 5041 impostrices,

226 5060 260 5101 ec
276 5046 406 5103 civilibus
426 5049 540 5119 judiciis
566 5050 682 5122 indiget
721 5053 751 5106 Si
777 5052 808 5104 iss
826 5053 928 5105 ordine
945 5009 1073 5108 oecono—¹
1087 5072 1159 5126 pisce
1176 5062 1217 5110 est
1232 5055 1336 5122 οάιὶιιι,
1355 5056 1417 5120 ira,·
1433 5057 1631 5113 spasmate
1650 5074 1736 5110 causa
1750 5061 1916 5129 quandoque

226 5132 298 5186 miro
322 5133 517 5204 patrifamilias
543 5135 572 5191 in
596 5153 648 5190 sua
675 5136 757 5192 domo
782 5136 918 5191 incumbit
943 5137 1059 5195 honeste
1084 5144 1162 5209 levis,
1180 5142 1279 5211 naum·
1296 5149 1321 5199 1.
1341 5142 1476 5205 romulis
1495 5144 1629 5196 destituto
1645 5144 1779 5212 lepitims'e
1799 5147 1916 5214 mediis5

225 5216 375 5289 disciplina
400 5219 502 5276 liberos
530 5226 560 5276 et
586 5220 721 5278 familiam
748 5239 860 5297 regere,
881 5228 1058 5282 contumaees
1083 5234 1111 5283 5.
1128 5228 1231 5299 finalis
1257 5231 1389 5282 domnam
1420 5237 1446 5282 et
1473 5231 1635 5298 suppressio
1657 5232 1791 5300 promisi.
1836 5233 1916 5287 Haec

225 5304 379 5376 castigare,
403 5305 491 5361 bonos
508 5307 638 5377 praemiis
661 5309 774 5366 afficere
790 5309 959 5381 staretque
975 5313 1062 5389 ctiam„
1080 5315 1198 5386 paetico
1224 5325 1266 5370 est
1292 5317 1473 5384 mopsitrotoi
1496 5331 1639 5373 concesso.
1681 5316 1753 5372 Gen.
1779 5327 1811 5383 1,
1839 5336 1865 5376 v.
1890 5326 1914 5374 6.

225 5389 401 5459 magistratui
425 5392 563 5448 incumbit
587 5393 714 5451 subditos
742 5394 806 5451 idei
833 5401 863 5453 et
885 5412 969 5452 curae
991 5415 1059 5454 auae
1083 5398 1172 5458 Exod.
1191 5408 1238 5472 21,
1257 5422 1282 5459 r.
1306 5408 1345 5460 18.
1369 5400 1484 5459 Denter.
1502 5408 1547 5465 21,
1567 5420 1593 5457 v.
1613 5408 1652 5458 tt.
1681 5405 1759 5459 Rom.
1786 5410 1825 5475 tt,
1846 5424 1869 5460 ι,
1889 5413 1914 5463 t.

191 5546 197 5553 ⁸
224 5476 385 5535 commissos
409 5480 532 5535 civilium
560 5480 730 5552 judiciorum
759 5482 996 5539 administratione
1019 5488 1059 5543 ul
1084 5494 1109 5547 t.
1126 5488 1203 5549 Petr.
1221 5497 1245 5562 1,
1262 5509 1288 5545 ι.
1310 5488 1396 5545 tt*
