4020 6014
266 293 325 348 520
838 281 962 340 Locus
980 279 1185 340 vlcueluus
1203 282 1382 347 QUARTUS

265 446 457 508 cornpensant‚
488 441 516 493 si
538 439 653 493 luuurio
678 445 757 512 tanto
788 438 828 492 eis
855 444 897 491 est
923 436 1097 504 castioutior,
1124 437 1241 500 tatibsss,
1272 439 1383 494 ratione
1408 448 1501 507 mens,
1535 440 1612 493 uendi
1634 439 1758 508 judicii,
1790 438 1959 508 inponimus,

267 533 369 596 quiante
381 534 477 596 posset
498 542 557 579 esse
575 526 708 592 liberior,
726 527 752 578 si
772 526 879 578 malunt
897 523 1099 592 cupiditatibus
1125 524 1354 592 circumspectus,
1385 524 1483 579 ualens
1515 525 1649 592 consilio,
1673 527 1784 593 justus,
1815 525 1961 582 modestus.

265 613 363 682 prauis
387 629 471 681 quam
496 612 661 683 quibuslibet
690 612 816 682 pentibus
848 612 1002 680 imperare,
1031 615 1057 661 et
1074 608 1101 660 si
1125 627 1228 662 curans
1251 610 1429 679 religionem,
1455 617 1628 680 procurator
1653 610 1810 677 bominum,
1845 609 1961 666 stabilis.

267 700 336 752 baec
361 699 454 752 omnia
482 700 605 767 faciunt,
630 717 685 752 non
708 706 826 768 propter
853 699 985 750 ardorem
1005 693 1099 748 inania
1125 703 1263 764 constans,
1282 696 1457 764 infallibilis,
1476 696 1699 764 animoescelso,
1715 697 1867 766 propositi
1885 703 1961 746 tenor

267 786 389 854 plurios,
415 786 467 838 sed
480 792 599 856 propter
624 785 770 837 caritatem
789 784 939 847 felicitatis
959 789 1100 849 aeternae,
1123 782 1170 844 (in
1190 798 1221 835 re
1242 783 1314 835 bona
1332 799 1366 835 ac
1377 783 1488 850 justa),
1461 782 1641 848 >efficax
1629 800 1658 835 sn
1677 784 1805 849 apendo,
1818 781 1962 850 perfector

267 871 294 924 si
313 889 367 940 pro
390 872 449 924 auis
466 872 593 941 peccatis
618 869 784 923 humilitatis
812 878 838 923 et
861 868 1051 922 miserationis
1075 874 1101 919 et
1128 884 1243 936 operum
1263 869 1311 938 (in
1328 885 1360 921 rc
1377 870 1463 936 probe
1486 868 1665 933 deliberata),
1684 887 1783 921 curam
1796 884 1886 938 ayone
1906 867 1960 917 snb·

267 958 404 1010 orationis
426 957 596 1020 sacrificium
621 958 684 1010 Deo
707 974 757 1010 suo
780 973 845 1010 oero
871 954 1019 1009 immolare
1045 970 1100 1007 non
1128 953 1259 1020 ditonum,
1271 963 1404 1018 servator,
1416 956 1589 1023 paratusad
1603 955 1846 1021 benefaciendum,
1866 954 1961 1006 tardus

267 1044 419 1112 neplipunt.
467 1042 546 1097 Idem
576 1042 749 1115 Augustinus
777 1042 833 1112 (vel
872 1041 996 1114 quisquis
1031 1040 1101 1094 alius
1128 1043 1169 1094 ad
1174 1058 1306 1110 poenam,
1324 1059 1437 1095 securus
1455 1041 1523 1108 (sine
1540 1047 1622 1105 metu,
1640 1057 1694 1109 ηυο
1707 1040 1826 1108 tyranni
1836 1047 1960 1107 toronen

268 1132 374 1195 auctor)
398 1129 433 1183 da
462 1129 546 1182 duod.
572 1128 737 1183 abusionum
769 1128 903 1200 gradibus
926 1128 995 1198 grad
1023 1132 1047 1182 9.
1074 1125 1102 1180 in
1128 1127 1193 1193 tur),
1223 1146 1278 1181 non
1297 1146 1399 1196 napus,
1427 1143 1586 1197 propensus
1611 1128 1653 1179 ad
1678 1127 1832 1193 justitiam,
1865 1125 1960 1190 facilis

172 1221 175 1225 '
269 1215 374 1285 priua:
397 1217 501 1282 lienem
526 1233 581 1268 non
606 1215 744 1283 iniquum,
767 1216 818 1268 ssd
838 1223 1025 1268 wrcccorcm
1048 1212 1102 1265 ini·
1129 1230 1257 1282 accessu,
1287 1214 1378 1277 facile
1408 1214 1557 1267 admittens
1584 1212 1796 1283 interpellantes
1826 1211 1961 1280 (audieus

269 1318 385 1370 quorrms
410 1317 470 1355 esse
500 1309 622 1371 oportet,
651 1303 718 1355 inde
736 1301 766 1354 in
798 1308 881 1353 semet
904 1301 966 1368 ipso
983 1299 1103 1351 nominis
1129 1301 1347 1370 supplicantes),
1361 1300 1491 1369 blandus,
1505 1300 1586 1368 lenis,
1598 1317 1703 1353 curans
1716 1301 1855 1367 subditos,
1868 1316 1961 1351 amans

269 1389 315 1440 sui
342 1389 504 1455 dipnitatem
528 1388 668 1442 custodire
692 1388 787 1457 debet,
810 1404 908 1440 nomen
931 1386 1003 1439 enim
1027 1384 1103 1453 repis
1130 1405 1243 1440 suorum
1261 1387 1389 1455 rnilitum,
1408 1395 1538 1441 strenuus
1557 1385 1675 1439 bellator
1687 1386 1811 1454 quidem,
1830 1387 1884 1438 sesi
1901 1385 1963 1437 belli

271 1474 496 1528 intellectualiter
526 1475 578 1528 boc
610 1474 725 1536 retinet,
756 1482 786 1526 ut
815 1473 946 1541 subjectis
977 1471 1103 1524 omnibus
1129 1474 1240 1527 minime
1259 1474 1391 1542 cupidus,
1407 1474 1562 1543 pacificus,
1575 1472 1660 1542 pacis
1679 1480 1796 1534 auctor,
1819 1472 1903 1541 pacis
1920 1490 1960 1524 αι·

270 1561 387 1614 rectoris
413 1560 538 1626 officium
551 1568 694 1631 procuret.
733 1559 792 1612 Sed
809 1559 929 1628 qualiter
948 1558 1023 1611 alios
1043 1573 1102 1609 cor·
1129 1568 1195 1628 etos,
1217 1562 1379 1613 emendator
1391 1559 1609 1629 morumpopuli
1626 1559 1762 1626 (assertor
1775 1558 1962 1630 disciplinae),

271 1648 363 1715 ripere
380 1648 493 1716 poterit,
511 1649 560 1715 qui
566 1646 704 1716 proprios
715 1663 813 1711 mores,
832 1647 961 1714 siiniqui
971 1645 1036 1706 sint,
1047 1661 1103 1696 non
1129 1663 1192 1700 vers
1218 1649 1276 1699 clue
1299 1655 1324 1700 ct
1339 1647 1488 1716 princeps,
1514 1645 1697 1714 lepumlator,
1723 1653 1807 1697 naurs
1833 1646 1875 1697 ad
1902 1645 1961 1696 benc

272 1732 408 1802 corripit?
427 1733 559 1800 quoniam
577 1733 607 1785 in
618 1733 734 1800 justitia
746 1733 821 1801 repis
842 1732 983 1786 exaltatur
1001 1728 1103 1783 solium
1130 1735 1296 1802 merendum,
1317 1734 1415 1787 divina
1433 1733 1533 1802 specie.
1570 1732 1667 1786 Multa
1685 1739 1749 1785 sunt
1769 1737 1877 1798 autern,
1897 1747 1962 1799 assae
1983 1735 1990 1765 ⁴

272 1827 297 1873 et
309 1820 339 1872 in
350 1819 466 1872 ueritate
474 1819 550 1887 repis
561 1818 719 1871 solidantur
728 1818 917 1888 pubernaculo
923 1817 1103 1888 populorum.
1130 1821 1256 1874 oratione
1275 1820 1336 1872 dici
1349 1828 1483 1889 possunt,
1503 1819 1623 1889 sinpulis
1642 1825 1735 1871 autem
1753 1817 1901 1872 uocabulis
1922 1833 1961 1881 es·

272 1905 392 1958 Jnstitia
403 1921 468 1958 uero
480 1905 557 1974 repis
575 1905 761 1958 estneminem
774 1906 877 1975 injuste
888 1902 1103 1976 perpotentiam
1125 1905 1216 1974 primi
1234 1914 1378 1974 ricqucunt.
1414 1904 1539 1976 Tyranni
1562 1904 1742 1974 vituperium,
1771 1901 1786 1957 b
1813 1903 1901 1973 ψέγος
1917 1909 1961 1956 του

273 1992 443 2062 opprimere,
466 1991 527 2044 sine
544 1991 704 2059 acceptione
718 2008 907 2061 personarum
923 1992 953 2043 in
972 1990 1062 2042 uirum
1080 1997 1104 2042 ct
1129 1990 1274 2062 τυράννου,
1295 1993 1334 2046 sic
1351 1991 1527 2061 exprimitur:
1558 1990 1741 2056 Τυραννικὸς,
1764 1988 1848 2063 ὠμὸς,
1869 1989 1962 2060 θηριό-

269 2078 430 2147 pronimum
455 2095 534 2130 suum
560 2077 703 2144 iudicare,
734 2078 850 2131 aduenis
880 2084 905 2131 et
927 2076 1050 2146 pupillis
1078 2082 1110 2128 et-
1131 2080 1191 2146 δης,
1210 2084 1314 2145 βίαιος,
1339 2078 1544 2148 πλεονεκτικός,
1570 2074 1779 2151 φιλοχρήματος
1798 2081 1847 2130 καλ
1867 2078 1894 2130 τὸ
1919 2081 1964 2130 τοτ’Ι

273 2165 367 2218 uiduis
391 2165 566 2228 defensorem
591 2181 664 2231 esse,
686 2166 773 2231 furta
799 2165 938 2227 cohibere,
961 2162 1104 2215 adulteria
1133 2162 1280 2224 Πλάτωνος
1298 2164 1526 2240 ἐρασιχρήματος,
1551 2162 1644 2238 ἅρπαξ
1661 2165 1707 2216 καὶ
1725 2161 1756 2216 τὸ
1782 2166 1832 2216 τοῦ
1848 2163 1963 2238 Ὁμήρου

271 2251 382 2324 punire,
401 2251 512 2319 iniquos
531 2269 586 2303 non
610 2251 749 2316 exaltare,
776 2251 932 2323 impudicos
951 2257 976 2302 et
995 2248 1105 2301 bistrio·
1134 2250 1295 2326 δημοβόρος,
1310 2249 1473 2323 ὑπερόπτης,
1492 2246 1680 2324 ὑπερήφανος,
1693 2250 1890 2324 δυσπρόσιτος,
1902 2252 1963 2304 δυο-

274 2355 322 2418 nes
334 2355 388 2390 non
400 2338 518 2404 nutrire,
537 2337 638 2407 impios
656 2339 691 2392 de
705 2346 783 2391 terra
793 2339 921 2406 perdere,
938 2335 1105 2405 parricidas
1132 2334 1284 2408 πρόσοδος,
1303 2335 1543 2410 δυσπροσῆγορος,
1564 2338 1769 2406 δυσέντευκτος,
1787 2335 1964 2408 δυσόργητος,

275 2430 300 2477 et
315 2424 479 2492 pejerantes
496 2422 587 2477 ninere
604 2440 660 2476 non
677 2424 777 2486 sinere,
797 2423 928 2476 ecclesias
945 2422 1105 2487 defendere,
1132 2421 1284 2497 δύσθυμος,
1297 2423 1459 2494 ἔμπληκτος,
1472 2421 1638 2494 ταραχώδης,
1652 2422 1764 2493 ἡδονῶν
1778 2423 1875 2490 ἥττων,
1887 2423 1962 2497 δικρα-

272 2511 414 2580 pauperss
443 2508 623 2577 eleemosynis
642 2509 733 2571 alere,
747 2509 843 2577 justos
861 2525 947 2577 supcr
963 2507 1044 2575 repni
1061 2523 1105 2559 ne·
1131 2509 1185 2578 της,
1197 2505 1332 2578 ἀκράτωρ,
1341 2507 1492 2581 ἀλόγιστος,
1503 2509 1713 2585 μισάνθρωπος,
1724 2508 1830 2575 ἄδικος,
1842 2509 1964 2580 ἄβουλος,

276 2599 354 2670 potio
372 2595 547 2663 comtituere,
563 2611 641 2648 senes
658 2604 684 2648 st
701 2596 841 2666 sapientes
853 2603 878 2649 et
889 2595 998 2648 sobrios
1018 2593 1106 2648 consi·
1131 2593 1235 2661 όνισος,
1248 2595 1365 2661 ἀνόσιος,
1378 2598 1429 2650 νοῦ
1441 2595 1526 2662 κενὸς,
1539 2591 1658 2662 εὔκολος,
1674 2596 1870 2668 εὐμετάβολος,
1879 2597 1964 2661 εὐεξα-

276 2685 377 2741 liarios
396 2683 512 2751 babere,
535 2699 680 2752 naporum
698 2689 723 2734 et
742 2681 917 2735 hariolorum
931 2681 1107 2751 pythonissa·
1132 2682 1256 2751 πιότητος,
1275 2682 1377 2759 ῥᾴδιος,
1391 2682 1536 2758 ἀνήμερος,
1546 2686 1709 2758 ἐπιθυμίαις
1724 2685 1861 2749 ἐνδιδοὺς,
1873 2685 1965 2740 ἀκόλα-

276 2788 392 2841 rumque
410 2769 653 2839 superstitionibus
671 2785 724 2822 non
743 2768 903 2832 intendere,
927 2767 1107 2820 iracundiam
1133 2786 1203 2836 στος,
1216 2770 1350 2841 ὑβριστὴς,
1362 2769 1554 2844 πολεμοποιὸς,
1563 2771 1656 2846 βαρὺς,
1666 2771 1799 2841 ἐπαχθὴς,
1809 2769 1966 2834 ἀκάθεκτος,

277 2877 356 2914 suam
375 2857 507 2928 differre,
522 2855 648 2924 patrium
673 2855 787 2917 fortiter
806 2862 831 2907 ct
848 2855 922 2920 iuste
939 2861 1037 2906 contra
1057 2854 1108 2905 ad·
1134 2857 1280 2931 ἀφόρητος.
1318 2859 1511 2926 Tyrannione,
1530 2858 1664 2922 crudelis,
1681 2859 1803 2922 ferinus,
1824 2859 1967 2925 uiolentus,

279 2945 421 3000 versarios
437 2943 607 3010 defendere,
625 2958 679 3011 per
703 2942 798 2996 omnia
824 2943 853 2993 in
874 2943 937 2995 Deo
961 2941 1108 3004 confidere,
1134 2963 1239 2999 avarus
1268 2947 1386 3017 (noviper
1409 2945 1478 3016 plne
1505 2945 1606 2998 hahere
1634 2945 1836 3013 desimam),
1860 2954 1967 3000 amnem

274 3031 516 3103 prosperitatibus
532 3047 588 3083 non
606 3029 715 3083 eleuare
727 3029 858 3097 animum,
879 3035 977 3081 cuncta
990 3028 1109 3080 aduersa
1130 3032 1277 3101 pomerias,
1295 3049 1395 3102 rapae,
1402 3031 1508 3101 populi
1526 3033 1686 3100 devorator,
1703 3033 1851 3102 rapereris,
1871 3034 1968 3098 daem,

275 3119 418 3189 patienter
431 3117 562 3183 tolerare,
573 3117 658 3180 fidem
670 3115 835 3168 catholicam
847 3115 877 3167 in
892 3113 1108 3176 Dauniacos,
1135 3119 1267 3189 difficilis
1290 3118 1385 3184 σάίλα,
1403 3121 1492 3187 seron
1511 3119 1542 3172 in
1560 3135 1688 3188 accessu,
1706 3135 1815 3188 parum
1833 3121 1967 3186 salutans,

276 3206 354 3274 filios
381 3222 446 3257 suos
475 3220 530 3256 non
561 3204 652 3255 sinere
684 3195 768 3270 inipie
795 3218 892 3268 ancre,
920 3200 1002 3254 certis
1032 3199 1110 3252 boris
1131 3223 1240 3277 pancos
1257 3206 1390 3273 audiens,
1409 3206 1578 3276 iracundus,
1596 3205 1703 3272 tristis,
1719 3205 1863 3274 stupidus,
1880 3214 1968 3259 amte-

279 3291 452 3346 marionibns
480 3290 623 3357 insistere,
651 3296 716 3341 ante
745 3288 830 3340 boras
854 3305 993 3355 canonias
1020 3289 1110 3342 cibum
1135 3311 1192 3357 rus,
1212 3292 1400 3363 uoluptatibus
1418 3292 1509 3347 minor
1527 3293 1684 3360 (eorumne),
1710 3291 1902 3361 incontinens,
1921 3295 1967 3346 im·

279 3396 335 3432 non
357 3386 476 3445 prestare.
519 3376 599 3428 Haec
621 3376 703 3443 repni
728 3375 946 3443 prosperitatem
970 3376 1000 3429 in
1024 3392 1108 3445 prae·
1135 3379 1311 3448 moderatus,
1329 3378 1438 3432 ratione
1457 3395 1513 3432 non
1531 3384 1623 3446 amns,
1641 3377 1820 3442 inhumanus,
1841 3380 1967 3450 injustus,

279 3465 352 3518 senti
361 3464 480 3532 jaciunt
505 3471 530 3516 et
554 3478 647 3529 repom
669 3463 709 3514 ad
731 3461 861 3514 coelestia
885 3477 972 3528 renna
991 3462 1110 3517 meliora
1136 3466 1249 3519 consilii
1264 3466 1361 3538 inops,
1378 3464 1503 3536 iniquus,
1525 3465 1637 3534 impius,
1656 3472 1743 3519 mente
1763 3482 1873 3530 carens,
1895 3467 1968 3528 levis,

276 3553 441 3621 perducunt.
1135 3551 1308 3620 incorsstans,
1327 3553 1423 3621 facila
1449 3551 1642 3622 deceptibilis,
1665 3567 1821 3621 praeceps,
1836 3553 1968 3617 {immitia

155 3641 253 3698 cassuim
314 3642 373 3694 426.
409 3633 537 3690 Proderit
555 3634 638 3688 etiam
658 3633 687 3686 iu
712 3632 888 3686 collationem
908 3634 973 3686 boni
988 3652 1022 3687 oc
1040 3636 1112 3688 mali
1136 3638 1249 3696 deditur
1284 3639 1504 3708 cupiditatibus,
1545 3637 1764 3706 incorriaibilis,
1805 3639 1968 3708 injuriaris.

153 3708 249 3798 ⁸22}st
277 3724 429 3793 principis,
458 3737 541 3793 quam
570 3718 663 3774 Julius
693 3717 791 3773 Pollux
821 3718 971 3773 Commodo
999 3719 1110 3775 Caesari
1135 3732 1232 3780 ‹ructar
1252 3725 1401 3795 ledarum,
1422 3727 1533 3795 pravis,
1554 3725 1700 3792 molestus,
1718 3725 1846 3793 effrenis,
1874 3725 1967 3779 intole-

154 3811 238 3903 opud·
281 3808 473 3880 praescripsit,
500 3807 622 3862 velutin
639 3805 781 3903 speculum
801 3806 940 3905 quoddam
958 3806 1109 3905 prinoipem
1135 3813 1243 3866 rabilis.
1273 3811 1373 3867 Exstat
1389 3812 1472 3866 etiam
1487 3809 1598 3865 libellus
1607 3808 1742 3864 Ferraudr
1757 3811 1892 3866 ecclesiae
1907 3812 1968 3867 Car·

154 3863 177 3912 ΡΙ
282 3897 404 3968 quotidie
422 3893 530 3949 intueri.
575 3892 659 3964 Regis
682 3892 739 3945 sive
758 3891 823 3946 boui
847 3893 979 3964 principis
1004 3893 1108 3961 laudes,
1137 3898 1307 3970 thagincnsis
1327 3898 1444 3964 diaconi,
1463 3916 1510 3968 qu1
1503 3896 1665 3968 'Fulgentii
1682 3894 1838 3968 σύγχρονος
1856 3896 1949 3966 fuit,
1942 3915 1968 3951 m

186 4014 190 4033 ·
281 3984 390 4037 ἔπαινοι
405 4003 454 4036 wv
442 3983 607 4046 ’,βασιλέως
619 3978 788 4035 eishabent:
801 3976 932 4051 flotin*
916 4000 1002 4049 ησιοι,
1016 3983 1110 4053 πρᾷοι,
1137 4003 1192 4057 qno
1209 3985 1326 4056 principr
1319 3984 1495 4039 Christiano
1512 3983 1565 4039 hae
1579 3983 1727 4038 traduntur
1739 3983 1869 4055 regulae:
1893 3991 1918 4040 1
1934 3984 1969 4036 Te

282 4067 390 4143 ἥμερος,
409 4066 599 4138 προνοητικός,
618 4066 750 4136 ἐπιεικὴς,
769 4065 976 4140 φιλάνθρωπος,
995 4066 1111 4140 μεχαλο·
1137 4073 1197 4124 sinc
1217 4072 1274 4124 Dei
1294 4073 1390 4141 pratia
1409 4071 1553 4126 etarmilio
1571 4070 1643 4123 nibil
1652 4086 1737 4138 posse
1756 4077 1851 4123 statue
1868 4078 1895 4123 et
1915 4089 1967 4124 orn·

281 4172 378 4227 φρων,
401 4151 555 4227 ἐλεύθερος,
574 4153 728 4228 χρημάτων
753 4159 897 4227 κρείττων,
923 4155 974 4216 ἔξω
1003 4161 1111 4223 πασῶν,
1137 4157 1187 4209 nia
1206 4159 1246 4210 acl
1263 4157 1385 4226 pluriam
1399 4159 1458 4211 Dei
1470 4160 1551 4226 refer
1557 4178 1568 4227 ,·
1591 4160 1618 4213 2.
1632 4158 1690 4209 oita
1708 4165 1759 4209 tua
1777 4157 1816 4209 sit
1830 4159 1971 4227 τμοοτιλτιιιι

281 4242 380 4297 ἑαυτοῦ
408 4244 531 4315 κρατῶν,
555 4236 650 4312 ἄρχων
670 4239 792 4308 ἡδονῶν,
817 4240 941 4313 λογισμῷ
959 4240 1112 4314 χριόμενος,
1138 4244 1273 4313 ιαόιίίλίτ,
1296 4246 1324 4297 3.
1341 4263 1398 4298 non
1415 4261 1546 4312 praeesse
1564 4250 1672 4296 tantum
1690 4242 1773 4308 uelis,
1791 4246 1846 4297 sed
1859 4244 1971 4313 praesis

282 4328 359 4399 ὀξὺς,
384 4328 529 4399 ἀγχίνους,
554 4331 800 4400 περιεσκεμμένος,
830 4321 972 4394 εὔβουλος,
1001 4328 1112 4394 δίκαιος,
1139 4338 1195 4382 tum
1209 4348 1264 4401 por
1291 4337 1316 4383 te
1343 4331 1448 4402 ipsum,
1478 4337 1535 4383 tum
1553 4346 1609 4398 per
1631 4329 1718 4395 alios,
1745 4345 1797 4381 nec
1817 4332 1971 4398 praeferas

282 4415 417 4490 σώφρων,
438 4414 507 4469 θεοῦ
522 4413 695 4489 ἐπιμελητὴς,
714 4411 875 4484 ἀνθρώπων
891 4411 1026 4486 κηδεμὼν.
1047 4413 1112 4468 στό·
1138 4417 1269 4470 bonorem
1286 4417 1428 4486 priuatum
1439 4416 1556 4485 publico
1571 4416 1731 4478 commodo;
1752 4419 1777 4469 4,
1792 4416 1885 4486 άίίίρα
1905 4434 1970 4469 reos·

283 4521 373 4577 σιμος,
391 4507 506 4570 βέβαιος,
526 4500 734 4567 ἀνεξαπάτητος,
751 4498 987 4573 μεγαλοηνιόμων,
1005 4504 1114 4575 ἰσχυρο-
1138 4503 1279 4571 publicam
1297 4503 1413 4570 sicutte
1437 4503 1528 4571 ipsum
1535 4523 1545 4568 ,·
1571 4502 1742 4555 alomonis
1771 4502 1873 4562 divina
1888 4520 1970 4571 prae-

281 4588 412 4662 χνώμων,
428 4586 545 4691 ἐνεργὸς,
565 4587 761 4659 τελεσιουργὸς,
781 4586 946 4656 φροντιστὴς
957 4591 1012 4641 τῶν
1031 4587 1114 4660 ἀρχο-
1135 4590 1252 4660 ponito;
1273 4592 1297 4643 o.
1310 4589 1371 4643 noli
1385 4605 1443 4642 csse
1455 4589 1572 4641 nimium
1583 4589 1675 4657 justus
1693 4595 1719 4640 et
1731 4588 1865 4656 σαρίσαις
1887 4593 1909 4641 7.
1922 4605 1971 4642 ms·

282 4680 389 4745 μένων,
416 4673 519 4747 σωτηρ,
539 4674 684 4749 πρόχειρος
702 4678 738 4734 είς
756 4671 931 4746 ευεργεσίοιν,
955 4674 1058 4747 βραδὺς
1076 4678 1114 4735 είς
1139 4683 1238 4740 mento,
1257 4684 1283 4729 te
1303 4693 1360 4728 esse
1379 4674 1578 4729 Christianum.

282 4767 430 4836 τιμωρίαν,
459 4760 602 4834 ἀσφπλης,
634 4759 776 4827 ἀπλανὴς,
806 4759 1010 4833 ἀμφιβέστερος
1046 4763 1114 4834 πρὸς
1174 4767 1233 4818 427.
1271 4761 1375 4826 Quodsi
1391 4761 1474 4830 juxta
1490 4761 1690 4831 praescriptum
1702 4760 1973 4833 harumregulemm

282 4850 379 4916 δίκην,
415 4845 634 4921 εὐπροσήγορος,
664 4847 846 4911 εὐίντευκτος,
871 4852 1018 4921 μειλίχιος,
1047 4869 1114 4918 προ·
1141 4847 1279 4919 principes
1305 4847 1449 4918 imperium
1472 4846 1537 4901 fidei
1562 4856 1629 4900 suae
1648 4846 1840 4902 concreditum
1856 4847 1973 4902 admini-
1984 4829 2004 4927 ,ᾗ

282 4936 379 5006 σηνης,
417 4933 579 5009 ἔπιμελητης
610 4934 665 4987 τῶν
696 4931 840 5003 ὑπηκόων,
876 4933 1115 5007 φιλοστρατιώτης,
1140 4939 1229 4988 strent
1265 4950 1298 4988 ac
1326 4939 1498 4988 constantem
1532 4940 1607 4987 reete
1643 4949 1677 4987 ao
1709 4932 1785 5002 juste
1821 4933 1992 5004 imperandi
1996 4951 2004 5008 [

283 5021 430 5097 πολεμικός
445 5023 507 5094 μὲν,
527 5040 551 5074 οι
576 5020 765 5093 φιλοπόλεμος
783 5020 823 5085 δὲ,
841 5023 984 5090 εἰρηνικὸς,
1007 5026 1115 5094 ελρηνο-
1140 5019 1298 5092 proaeresiu
1327 5020 1451 5086 foveant,
1477 5019 1530 5073 erit
1552 5017 1580 5072 id
1600 5017 1661 5073 Deo
1682 5020 1841 5089 gratum,
1834 5020 1903 5089 ipsis
1922 5036 1974 5075 nou
2004 5049 2008 5063 ·

283 5112 369 5180 ποιὸς,
386 5103 581 5180 ελρηνσφίλαξ,
598 5102 813 5176 παιδευτικὸς,’
799 5107 1010 5178 αρχηχὸςκαὶ’
994 5108 1114 5178 αρχικός,
1141 5107 1229 5160 solum
1252 5105 1441 5172 honorificum,
1459 5104 1508 5159 sed
1527 5112 1555 5160 et
1573 5104 1703 5173 salutare,
1721 5104 1896 5175 reipublicae
1910 5087 1996 5161 utils

283 5199 477 5270 νομοθετικδς,
501 5193 624 5249 εὐποιεῖν
642 5192 786 5264 πεφυκώς,
810 5194 946 5263 θεοειδὴς,
974 5195 1063 5248 πολλὰ
1083 5197 1117 5250 δέ
1143 5201 1226 5265 atque
1248 5193 1429 5256 commodum,
1448 5192 1521 5248 uude
1535 5190 1692 5247 Ferrandus
1711 5190 1818 5262 regulis
1834 5193 1893 5246 suis
1914 5193 1973 5248 suo

283 5283 366 5352 iarun,
385 5278 489 5351 αλόγῳ
503 5302 541 5341 τις
561 5302 596 5335 αν
609 5285 697 5336 εἰπεῖν
710 5282 775 5350 ἔχοι,
796 5279 847 5334 οτίκ
863 5277 985 5349 ιἰνόματι.
1018 5282 1115 5352 Pater,
1138 5280 1247 5351 jungit:
1268 5281 1316 5334 Sic
1336 5281 1408 5332 etin
1427 5280 1478 5333 lsao
1506 5287 1532 5333 et
1556 5298 1585 5332 sn
1610 5287 1725 5332 aetema
1745 5279 1805 5332 uita
1826 5297 1896 5349 apes
1911 5280 1974 5347 feli·

278 5371 426 5439 placidus,
444 5376 620 5438 mansuetus,
644 5369 733 5433 mitis,
755 5367 905 5437 prouidus,
929 5382 1048 5436 aequm,
1067 5370 1128 5433 liu·¹
1143 5368 1226 5435 citer,
1261 5367 1310 5419 ubi
1338 5366 1453 5419 ducibus
1482 5364 1652 5419 Christianis
1679 5365 1797 5418 clabitur
1820 5375 1975 5436 perpetuos

285 5474 395 5520 manus,
429 5456 640 5525 maynanimus,
670 5455 757 5523 liber,
883 5455 888 5466 ‘
1186 5455 1190 5465 '
1231 5454 1237 5466 '
1386 5452 1392 5465 “
1509 5522 1513 5531 1
1870 5453 1877 5464 ”
1910 5454 1916 5464 “
1961 5451 1967 5461 ’

284 5542 428 5613 affectibus
445 5543 549 5611 maior,
565 5543 611 5596 sni
628 5541 719 5613 ipsius
738 5540 840 5604 uictor,
858 5540 1000 5608 imperans
1019 5542 1116 5611 volup·
1144 5539 1201 5594 suis
1219 5538 1419 5609 cupiditatibus
1438 5537 1519 5593 unice
1532 5537 1675 5592 servireet
1693 5535 1869 5593 subditorum
1884 5555 1976 5594 curam
