4020 6014
232 292 271 348 90
814 282 937 340 LOCUS
953 281 1158 339 VlCESIMUS
1176 282 1341 341 TERTIUS

232 453 297 492 vero
317 453 368 508 per
382 442 548 510 potestatem
569 445 597 493 et
606 437 825 509 jurisdictionem
837 436 965 492 Becenus
984 436 1078 509 intel-l
1091 443 1118 491 et
1142 437 1242 493 sinceri
1260 437 1404 492 ministerii
1421 436 1652 493 constitutionem.
1683 436 1815 492 Errorum
1832 436 1927 491 redar-

232 522 296 595 ligit
324 524 408 579 talem
435 531 603 596 potestatem
633 530 662 579 et
691 523 926 594 jurisdictionem,
955 523 1168 596 qualemlgutio
1195 525 1314 596 pertinet
1340 524 1376 579 ad
1407 524 1586 580 ministerium
1613 523 1848 588 ecclesiasticum,
1877 522 1927 578 sed

233 611 356 681 episcopi
375 610 513 665 Pontificii
542 610 595 663 sibi
614 615 759 681 arrogant,
779 609 861 664 facile
880 609 1079 707 concedimus„
1091 611 1204 682 publica
1226 609 1460 665 idololatricorum
1487 612 1611 665 cultuum
1636 609 1749 665 abolitio
1776 608 1927 680 praecipue

81 706 129 747 111.
142 705 163 747 t.
176 705 220 749 tto.
233 696 497 765 recuperatorem
510 701 537 750 et
545 695 765 765 jurisdictionem
780 695 931 750 secularem
943 694 1065 767 Luthero
1077 728 1080 748 ι
1091 703 1199 771 spectat
1211 698 1247 752 ad
1265 696 1452 753 Christianum
1463 698 1665 768 magistratum,
1677 697 1701 750 is
1714 696 1787 752 enim
1799 696 1926 766 exemplo

234 798 289 835 non
310 781 395 837 fuisse
418 783 518 837 datam.
555 780 611 836 Sed
638 782 782 835 audiamus
800 780 891 851 ipsum
915 755 1199 858 Becanum,ipiorum
1224 801 1322 856 regum
1349 785 1450 840 veteris
1480 784 1651 853 testamenti,
1683 783 1732 855 qui
1758 781 1925 838 Baaliticam

234 870 371 939 quomodo
398 868 451 923 hoc
479 867 609 938 explicet,
645 868 721 940 qnod
748 866 872 922 Lutbero
898 883 953 921 non
980 865 1274 951 fueritlidololatriam
1302 870 1498 940 aboleverunt,
1534 887 1596 925 cum
1628 886 1763 925 consensu
1792 868 1926 924 ecclesiae

233 961 356 1025 potestas
380 961 408 1008 et
431 954 588 1025 jurisdictio
611 954 719 1012 collata.
764 954 887 1007 Tametsi
912 953 1021 1025 (inquit)
1046 971 1064 1005 a
1091 958 1174 1013 debet
1189 958 1250 1029 pias
1267 957 1473 1012 reformationes
1491 957 1632 1027 suscipere
1651 963 1680 1012 et
1693 956 1831 1010 sincerum
1847 955 1926 1008 mini-

233 1041 369 1095 catholico
387 1043 516 1110 episcopo
536 1043 669 1095 sacerdos
686 1058 735 1094 sea
750 1041 897 1110 presbyter
917 1040 1066 1093 ‹rr-dinatus
1091 1045 1204 1101 sterium
1222 1046 1402 1111 constituere,
1427 1045 1450 1098 si
1468 1043 1591 1116 episcopi
1609 1041 1638 1096 in
1658 1041 1749 1096 officio
1768 1059 1819 1097 suo
1837 1041 1925 1112 negli-

233 1127 269 1179 sit
301 1146 335 1180 ac
355 1127 481 1195 proinde
506 1128 542 1180 ab
568 1143 599 1181 eo
622 1134 788 1196 potestatem
812 1127 952 1196 acceperit
972 1141 1065 1178 conse-
1090 1139 1187 1203 genter
1204 1131 1455 1203 deprehendantur,

234 1213 339 1266 orandi
357 1215 570 1283 eucharistiam,
594 1222 762 1268 nontamen
782 1215 889 1282 accepit
911 1213 946 1266 ab
964 1229 996 1265 eo
1011 1227 1064 1279 po-

231 1307 357 1354 testatem
376 1309 401 1354 et
413 1301 643 1370 jurisdictionem
661 1300 839 1368 reformandi
855 1299 1019 1368 relipionem
1039 1305 1065 1351 et

231 1395 334 1440 statum
351 1387 485 1441 ecclesiae
504 1389 602 1441 intuta
621 1387 748 1442 Sasonis
768 1395 794 1440 et
812 1385 911 1439 vicinis
924 1385 1064 1456 partibus,
1164 1452 1170 1460 .

230 1491 281 1526 nec
317 1474 503 1544 oppugnandi
535 1474 694 1526 doctrinam
727 1473 900 1526 catholicam.
942 1470 1065 1543 Egregia

230 1576 295 1614 vero
315 1559 415 1614 illatiol
460 1559 501 1613 Eo
519 1559 593 1630 ipso,
618 1558 729 1630 quando
746 1558 885 1613 Luthsrus
909 1557 1017 1628 aceepit
1035 1556 1064 1610 in
1351 1540 1414 1601 SE
1435 1541 1456 1602 0
1475 1541 1500 1599 Τ
1517 1541 1534 1601 Ῑ
1554 1541 1577 1601 0
1615 1539 1669 1601 IX·

230 1646 375 1700 vocatione
398 1650 427 1699 et
448 1644 620 1700 ordinatione
641 1661 692 1698 sua
714 1651 878 1715 potestatem
902 1643 1020 1698 docendi
1038 1649 1066 1696 et

232 1730 443 1787 administrandi
462 1737 649 1795 sacramenta,
673 1731 780 1801 accepit
798 1731 880 1785 etiam
898 1734 1064 1800 potestatem
1091 1697 1156 1762 DE
1173 1696 1399 1764 VOCATIO
1409 1698 1473 1762 ΝΕ
1488 1672 1850 1763 MINISTRORUM
1870 1692 1927 1758 IN

232 1822 346 1885 errores,
362 1816 571 1887 superstitiones
591 1822 618 1872 et
636 1816 806 1871 idololatrias
823 1815 945 1870 taxandi.
983 1815 1063 1869 Pote-
1171 1798 1392 1866 ECOLESI
1399 1801 1447 1867 IS
1476 1799 1610 1880 QUAS
1633 1796 1845 1865 VOCANT

232 1909 289 1958 stas
304 1902 377 1958 enim
396 1901 522 1970 docendi,
539 1919 611 1973 quae
629 1902 658 1955 iu
675 1903 821 1958 vocatione
833 1901 966 1956 ministris
979 1900 1064 1955 eccle·
1321 1902 1385 1967 EV
1393 1902 1594 1969 ANGELI
1604 1900 1628 1967 C
1638 1899 1694 1966 IS,

231 1988 289 2044 siae
316 1988 410 2057 datur,
434 1988 612 2059 restringitur
633 1988 669 2043 ad
691 1989 746 2043 Dei
770 1988 898 2051 verbum,
922 2003 986 2042 cum
1008 2003 1064 2040 non

232 2075 347 2147 quaevis
366 2076 394 2129 in
407 2075 636 2131 ecclesiadocere
656 2076 785 2144 debeant,
805 2075 854 2130 sed
870 2074 924 2128 Dei
939 2073 1063 2143 verbum,
1128 2077 1184 2128 127.
1225 2071 1462 2136 Quemadmodum
1486 2072 1518 2127 B.
1544 2071 1658 2126 Lutheri
1686 2068 1768 2141 primi
1791 2066 1925 2123 ecclesiae
1940 2070 1969 2111 Vt

234 2167 258 2218 t.
277 2162 352 2230 Patr.
370 2168 395 2232 t,
413 2181 437 2217 v.
462 2169 507 2218 ll:
530 2163 643 2233 Siquis
663 2163 795 2231 loquitar,
813 2163 944 2231 loquatur
962 2168 993 2214 at
1010 2161 1064 2213 elo·
1090 2158 1119 2211 in
1139 2158 1294 2213 novissimis
1312 2159 1388 2212 hisce
1406 2157 1576 2230 temporibus
1600 2155 1785 2212 reformatoris
1803 2152 1924 2209 vocatio·
1938 2125 1969 2214 ff.

233 2247 301 2316 qum
318 2250 386 2306 Dei.
422 2248 522 2305 Matth.
542 2253 588 2313 28,
609 2266 634 2302 v.
653 2254 700 2304 to:
729 2251 868 2303 Decentes
887 2264 933 2302 eos
953 2263 1066 2300 serare
1091 2261 1153 2298 nem
1171 2244 1200 2299 in
1218 2246 1320 2317 specie,
1349 2247 1389 2302 ita
1410 2264 1519 2319 quoque
1536 2246 1564 2300 in
1585 2263 1685 2318 genere
1703 2243 1824 2300 omnium
1845 2240 1925 2295 mini·
1938 2237 1969 2319 2,

234 2335 337 2403 omnia,
356 2337 573 2407 praepraecepr'
589 2338 675 2393 vohis.
705 2335 798 2392 Galat.
819 2341 841 2404 1,
859 2352 885 2388 v.
905 2339 935 2390 8:
956 2333 990 2389 Ss'
1001 2334 1066 2386 licet
1091 2336 1208 2385 strorum
1232 2331 1262 2385 iu
1286 2333 1410 2387 ecclesiis
1434 2350 1451 2387 a
1479 2332 1606 2388 sordibus
1634 2348 1756 2388 errorum
1781 2326 1925 2399 papalium

231 2440 283 2476 nos
306 2431 356 2477 aat
376 2424 493 2492 anpelas
512 2425 547 2477 dc
565 2424 642 2478 coelo
660 2423 826 2491 eoonpetieet
843 2422 920 2476 vobis
936 2428 1062 2491 praeter-
1090 2417 1247 2488 repurgatis
1265 2417 1423 2474 docentium
1435 2419 1606 2474 vocationem
1623 2418 1653 2473 in
1672 2432 1774 2489 genere
1785 2411 1925 2469 Pontificii

232 2527 315 2579 getam
347 2511 425 2579 qaod
449 2510 699 2576 euanpelieaoimus
724 2509 816 2576 vobis,
842 2508 991 2561 anatliema
1020 2507 1065 2559 sit.
1091 2502 1213 2575 graviter
1236 2510 1408 2575 oppugnant.
1433 2505 1617 2559 Bellarminus
1640 2503 1688 2559 lib.
1721 2510 1741 2558 1.
1762 2502 1797 2556 de
1816 2499 1925 2555 clericis
1939 2507 1969 2550 11

233 2594 350 2658 Quando
368 2602 461 2651 autem
478 2595 592 2652 verbum
609 2594 663 2649 Dei
682 2611 751 2665 pure
770 2601 799 2649 et
817 2593 922 2649 sincere
941 2593 1063 2661 docetur,
1091 2606 1114 2644 e.
1135 2586 1205 2664 3.§.
1226 2591 1438 2661 sedquoniam:
1462 2594 1527 2647 Non
1549 2600 1613 2645 seat
1630 2590 1691 2646 sori
1706 2597 1851 2660 pastores,
1875 2587 1927 2657 qai

233 2683 343 2754 quando
367 2699 460 2738 semen
482 2683 551 2738 illud
571 2683 689 2738 coeleste
706 2680 859 2753 spargitur,
883 2681 976 2736 statim
999 2695 1065 2752 quo·
1090 2695 1146 2730 non
1159 2686 1227 2737 ,sam
1240 2695 1295 2746 per
1312 2696 1410 2732 manas
1423 2679 1628 2749 impositionem
1642 2696 1660 2731 a
1672 2678 1746 2732 seris
1762 2674 1925 2746 pastoribus

233 2785 287 2840 que
302 2768 430 2824 diabolus
443 2769 736 2841 zizaniainterspergit
746 2773 774 2824 et
784 2768 885 2823 excitat
893 2766 1064 2823 adversarios
1092 2764 1226 2818 ordinati.
1262 2765 1417 2826 lnrtlreras,
1449 2763 1591 2833 Ornplias,
1619 2763 1753 2817 Calvinus
1780 2769 1806 2815 et
1831 2758 1925 2828 ceteri,

231 2854 342 2909 veritati
371 2856 485 2911 coelesti
517 2856 751 2925 contradicentes;
774 2854 820 2909 hic
851 2871 918 2926 ergo
950 2852 1066 2924 requirit
1091 2851 1141 2920 qai
1152 2858 1284 2920 pastores
1299 2853 1391 2919 primi
1402 2853 1481 2922 apud
1493 2870 1559 2906 scos
1578 2851 1721 2918 habentur,
1740 2866 1797 2903 non
1805 2849 1925 2913 fuerant

233 2938 353 2995 officium
371 2940 462 2995 fidelis
480 2941 605 3006 ministri,
623 2960 679 2997 non
694 2940 783 2996 solum
800 2957 866 2996 vera
886 2939 998 3010 docere,
1015 2939 1064 2995 sed
1089 2953 1143 3007 per
1162 2954 1261 2990 manns
1274 2937 1477 3007 impositionem
1491 2937 1594 2991 aseris
1607 2936 1772 3007 pastoribus
1788 2931 1924 2989 ordinati.
1953 2998 1957 3003 η

232 3024 315 3079 etiarn
341 3026 413 3081 falsa
443 3028 584 3091 refellere,
612 3027 687 3097 quod
708 3025 842 3098 expressis
865 3025 958 3082 verbis
983 3025 1066 3081 docet
1092 3025 1167 3078 Nam
1185 3023 1212 3076 si
1233 3041 1326 3093 secus,
1352 3041 1371 3078 a
1396 3024 1495 3093 peribam
1515 3025 1649 3078 obsecro!
1673 3041 1692 3076 a
1711 3023 1820 3086 suisne,
1848 3037 1886 3073 an
1904 3037 1923 3072 a

233 3111 373 3181 apostolus
392 3112 447 3167 Tit.
469 3119 495 3182 1,
522 3129 548 3166 v.
569 3118 593 3168 9.
612 3112 661 3166 ubi
680 3113 708 3166 in
725 3112 856 3183 episcopo
874 3112 991 3184 requirit
1009 3112 1064 3167 duo
1090 3110 1213 3164 nostris!
1236 3127 1292 3163 non
1318 3128 1336 3163 a
1354 3111 1426 3171 sais,
1449 3111 1509 3180 ipse
1533 3110 1605 3164 enim
1628 3116 1692 3162 sent
1704 3107 1808 3178 primi,
1835 3121 1924 3175 neque

232 3198 340 3263 munia,
366 3204 399 3252 ut
424 3198 460 3252 sit
493 3197 610 3259 δυνατὸς
639 3203 812 3271 παρακαλεῖν
841 3199 871 3253 ἐν
899 3199 1066 3266 διδασκαλίᾳ
1091 3196 1163 3250 enim
1184 3203 1248 3249 ante
1264 3197 1415 3250 Imtlseram
1438 3196 1494 3249 retr·
1510 3198 1627 3262 facerem
1646 3194 1814 3262 Latlterane',
1838 3206 1924 3261 neque

232 3282 395 3358 ὑγιαινούσῃ
428 3288 474 3337 καλ
507 3281 571 3345 τοὺς
602 3283 794 3355 ἀντιλέγοντας
826 3288 961 3356 ἐλέγχειν,
989 3284 1065 3340 uude
1092 3280 1315 3336 anteGaleinam
1328 3280 1509 3345 Calvinistae,
1526 3282 1576 3350 qui
1588 3298 1635 3335 eos
1646 3289 1776 3350 pastores
1789 3278 1924 3333 ordinare

233 3370 409 3442 Augustinus
428 3370 463 3426 de
481 3374 551 3442 grat.
571 3376 599 3426 st
617 3369 666 3426 lib.
692 3370 772 3425 arbit.
791 3387 815 3427 c.
836 3376 860 3427 ³.
880 3371 989 3437 scribit,
1008 3373 1064 3425 dno
1086 3376 1219 3439 possent,
1244 3386 1298 3422 non
1322 3368 1386 3421 item
1410 3385 1429 3421 a
1445 3369 1564 3436 nostris,
1588 3367 1727 3438 siqnidem
1752 3365 1782 3419 in
1805 3363 1925 3419 arteria

233 3453 290 3512 esse
303 3459 443 3511 hominem
455 3475 559 3527 penera
571 3458 600 3511 in
613 3458 739 3522 ecclesia,
752 3476 814 3511 cam
829 3459 927 3527 quibus
937 3459 1065 3512 ministro
1093 3455 1247 3519 Catholica,
1269 3456 1342 3507 unde
1359 3463 1544 3521 recesserant,
1561 3471 1611 3508 nec
1629 3455 1773 3520 Luthsrus,
1791 3469 1840 3508 nec
1861 3451 1924 3506 Uin-

233 3544 373 3613 eoanpeiii
388 3561 434 3598 res
452 3562 510 3599 esee
529 3544 607 3599 solet.
641 3544 729 3597 Unam
746 3561 850 3613 eorum,
868 3545 917 3613 qai
934 3546 1065 3613 ignorant
1091 3544 1180 3613 plius,
1205 3559 1254 3596 nec
1281 3540 1414 3595 Calvinus
1431 3541 1558 3610 episcopi
1579 3541 1711 3609 fuerunt,
1740 3541 1792 3593 sed
1816 3546 1924 3592 tantam

232 3631 344 3700 quidem
362 3649 407 3685 rce
424 3650 537 3700 sacras,
561 3632 671 3684 discere
695 3638 788 3684 tumen
810 3630 922 3696 solant,·
945 3633 1065 3685 aiteram
1087 3630 1253 3700 presbyteri.
1291 3629 1385 3682 Porro
1401 3627 1563 3697 presbyteri
1581 3646 1637 3682 non
1651 3628 1750 3680 tatem
1768 3624 1925 3681 ordinandi

233 3734 338 3786 eornm,
358 3718 409 3787 qui
425 3734 511 3786 nsque
531 3718 630 3786 sciunt,
646 3734 733 3786 neque
752 3719 861 3771 discere
874 3718 998 3788 capiunt,
1015 3721 1067 3772 sect
1087 3724 1253 3789 potestatem
1279 3719 1331 3770 etc.
1377 3715 1486 3776 Quodsi
1503 3715 1595 3784 primi
1621 3714 1668 3767 illi
1693 3713 1924 3768 adversariorum

233 3803 396 3870 ipesorantic
431 3811 456 3856 et
487 3805 619 3856 coecitate
645 3821 697 3855 erre
730 3804 918 3869 delectantur,
948 3821 1065 3873 quoram
1093 3803 1219 3874 episcopi
1238 3810 1263 3856 et
1277 3809 1422 3872 pastores,
1445 3801 1506 3855 seri
1526 3808 1657 3870 pastores
1677 3808 1702 3853 et
1725 3798 1852 3871 episcopi
1867 3818 1923 3855 non

232 3890 299 3943 illos
318 3892 431 3958 docere,
456 3890 506 3942 tros
525 3906 589 3942 vero
612 3891 783 3955 redarpssere
810 3890 889 3943 debet
910 3890 1065 3961 episcopas.
1090 3893 1214 3958 ssereret,
1234 3898 1305 3944 certe
1317 3906 1367 3943 mee
1379 3888 1504 3956 secandi,
1524 3905 1573 3942 nec
1591 3888 1676 3952 tertii,
1695 3904 1745 3941 nec
1762 3887 1857 3951 ceteri,
1875 3887 1924 3957 qai

235 3976 326 4040 Quare
345 3992 407 4030 cum
423 3975 544 4029 Luthero
563 3975 630 4028 data
647 3974 731 4030 fuerit
748 3975 776 4030 in
788 3976 931 4032 vocatione
949 3983 977 4032 et
994 3977 1066 4031 ordi·
1089 3978 1191 4048 primis
1210 3974 1270 4031 iltis
1289 3982 1487 4031 successerant.
1519 3972 1573 4029 Sed
1595 3973 1630 4028 ds
1648 3972 1700 4028 hoc
1719 3974 1846 4028 discursu
1860 3973 1923 4030 Bel-

232 4062 344 4117 natioue
362 4067 484 4132 potestas
507 4059 625 4115 docendi
641 4060 756 4115 verbum
773 4060 841 4131 Dei,
860 4063 955 4134 utique
981 4063 1064 4118 etiam
1091 4063 1207 4128 lar-mini,
1227 4068 1362 4136 quatenus
1380 4061 1496 4117 Lutheri
1517 4058 1697 4114 ministerium
1719 4065 1871 4133 oppugnat,
1889 4078 1923 4116 ex

232 4166 265 4204 eo
290 4148 350 4219 ipso
370 4149 436 4202 data
454 4146 509 4201 luit
528 4154 650 4218 potestas
675 4148 861 4219 redarguendi
881 4166 984 4205 errores
1002 4166 1065 4204 curn
1090 4149 1212 4205 sectione
1231 4149 1354 4219 proxime
1377 4146 1561 4218 praecedente
1576 4146 1725 4226 judicium(
1738 4146 1799 4202 fieri
1816 4154 1922 4218 potcst3

231 4234 280 4290 illo
298 4240 455 4306 pugnantes
480 4239 508 4289 et
531 4234 711 4306 oppugnandi
736 4252 791 4289 non
818 4235 982 4291 catholicam
1001 4254 1064 4292 vere
1091 4243 1228 4310 quatenus
1256 4253 1274 4290 a
1298 4235 1363 4291 solis
1388 4234 1525 4307 episcopis
1544 4233 1744 4288 ordinationem
1763 4233 1823 4288 fieri
1841 4251 1923 4306 posse

233 4323 273 4378 sic
297 4321 398 4376 dictam
424 4321 591 4389 doctrinam,
616 4321 666 4376 sed
690 4323 804 4393 papales
827 4339 944 4388 errores,
971 4341 1065 4394 super·
1090 4322 1239 4392 contendit,
1256 4320 1370 4376 inferius
1389 4321 1514 4392 pluribus
1539 4326 1646 4392 agetur.
1683 4321 1761 4377 Idem
1778 4320 1922 4376 Bellarmi-

234 4411 357 4465 stitiones
390 4413 418 4463 et
448 4407 625 4464 idololatrias.
673 4407 719 4464 Sic
750 4408 836 4480 igitur
867 4410 1065 4464 concludimus.
1089 4429 1141 4465 nus
1158 4409 1204 4464 lib.
1230 4415 1253 4465 t.
1273 4408 1308 4464 de
1325 4407 1424 4464 eccles.
1449 4424 1472 4464 c.
1492 4412 1516 4463 8.
1535 4404 1563 4481 ᾖ.
1581 4407 1623 4461 Ex
1641 4425 1709 4480 quo,
1727 4415 1921 4480 argumentum

233 4495 398 4564 Quicunque
435 4499 562 4562 vocatur,
594 4500 626 4547 ut
667 4494 781 4549 verbum
815 4493 868 4549 Dei
902 4495 1001 4550 doceat
1036 4504 1064 4550 et
1089 4497 1141 4553 hoc
1161 4496 1255 4561 affert,
1274 4495 1348 4566 quod
1368 4493 1435 4548 dicit
1452 4493 1613 4550 insolubile:
1633 4495 1764 4549 Ecclesia
1789 4514 1845 4550 non
1859 4504 1922 4566 pot·

233 4581 454 4637 contradicentes
472 4578 595 4647 refellat,
613 4578 637 4631 is
659 4578 741 4633 etiam
759 4585 882 4643 vocatur,
909 4587 941 4653 ut
960 4597 1063 4637 errores
1089 4593 1130 4638 est
1150 4600 1208 4637 esse
1226 4584 1285 4637 sine
1303 4581 1449 4651 episcopis.
1484 4581 1573 4650 Apud
1590 4583 1765 4636 Latlreranos
1786 4600 1842 4636 non
1860 4589 1923 4637 sunt

232 4668 347 4739 papales
362 4667 446 4722 verbo
464 4665 518 4720 Dei
538 4663 690 4719 contrarios
708 4663 817 4720 refutet
852 4665 908 4721 Sed
925 4666 1064 4723 Luthsrus
1090 4670 1228 4741 episcopi,
1247 4688 1314 4723 nam
1331 4686 1388 4720 non
1406 4667 1505 4722 babent
1524 4668 1731 4723 ordinationem
1748 4685 1798 4721 nee
1816 4686 1922 4723 amess-

233 4759 345 4808 vocatus
371 4753 436 4820 fuit,
461 4759 492 4807 ut
519 4751 633 4806 verbum
657 4749 712 4804 Dei
739 4750 849 4806 doceret
874 4759 903 4807 et
926 4754 1063 4809 cannarii-
1090 4759 1195 4811 sr'onem
1213 4754 1405 4827 adapostolis,
1425 4755 1659 4825 ips'tarapadeos
1673 4763 1781 4809 nonest
1795 4756 1921 4812 ecclesia.

233 4845 326 4895 centes
344 4839 491 4896 refelleret.
523 4837 597 4910 Ergo
611 4837 693 4891 etiam
704 4842 821 4892 vocatus
833 4836 896 4904 fuit,
915 4844 947 4892 ut
958 4856 1063 4895 errores
1090 4842 1146 4899 Sed
1165 4843 1234 4913 quid
1260 4842 1295 4896 de
1313 4840 1485 4896 successione
1515 4840 1564 4897 ilia
1581 4842 1757 4897 statuendum
1777 4841 1821 4909 sit,
1840 4860 1920 4914 expo-

233 4929 347 5001 papeles
367 4928 452 4983 verbo
469 4925 523 4981 Dei
545 4924 696 4982 consotios
713 4923 853 4979 refutaret.
891 4924 983 4989 Quare
1001 4944 1062 4981 cum
1091 4929 1173 4984 situm
1192 4934 1234 4984 est
1253 4928 1282 4981 in
1300 4933 1379 4981 tract.
1399 4927 1434 4982 de
1457 4927 1583 4985 eeclesia.
1602 4927 1730 5002 Becanus
1749 4928 1779 4982 in
1797 4928 1921 5000 disputa·

233 5015 371 5071 Luthsrus
389 5014 418 5070 in
431 5013 570 5082 doctrina,
597 5011 687 5084 qualis
710 5017 778 5066 tunc
801 5012 932 5083 temporis
952 5013 1064 5083 publice
1089 5017 1164 5072 tione
1182 5016 1217 5070 ds
1233 5013 1376 5069 vocatione
1392 5015 1578 5071 ministrorum
1596 5014 1730 5070 ecclesiae
1742 5015 1776 5071 N.
1797 5033 1830 5070 ac
1842 5015 1877 5073 V.
1890 5016 1921 5072 Τ,

233 5102 365 5170 sonabat,
384 5099 544 5154 manifestos
569 5115 673 5153 errores
692 5096 777 5152 verbo
802 5097 856 5153 Dei
877 5106 1064 5169 repugnantes
1089 5103 1216 5160 Viennae
1245 5119 1290 5156 an.
1323 5107 1395 5157 1616.
1417 5101 1546 5158 institute
1562 5101 1702 5172 peculiare
1720 5109 1806 5173 caput
1822 5104 1922 5158 consti-

232 5190 352 5258 videret,
370 5184 440 5242 nibil
457 5185 609 5257 quidquam
630 5203 647 5239 a
665 5201 695 5240 se
714 5189 742 5239 et
761 5181 853 5239 officio
876 5201 927 5238 suo
943 5184 1063 5240 alienum
1089 5188 1151 5257 tuit,
1176 5190 1252 5257 qaod
1263 5188 1418 5243 Lntberani
1435 5197 1461 5243 et
1476 5187 1639 5244 calviniani
1657 5187 1782 5242 ministri
1799 5209 1855 5244 non
1867 5191 1922 5245 sint

233 5276 307 5343 fecit,
325 5275 399 5347 quod
419 5291 465 5329 eos
478 5289 512 5326 ex
530 5271 615 5326 verbo
632 5271 686 5327 Dei
706 5271 828 5328 refutare
848 5270 946 5342 coepit.
983 5270 1064 5334 Quod
1089 5276 1211 5344 legitime
1230 5294 1248 5330 a
1268 5277 1332 5330 Deo
1349 5276 1449 5332 vocati.
1478 5274 1556 5329 Idem
1575 5273 1602 5326 in
1620 5278 1727 5329 tractat.
1750 5275 1923 5334 deecclesia

233 5364 270 5418 ed
292 5360 493 5418 reformationis
516 5375 584 5429 opus
613 5359 724 5426 attinet,
749 5358 880 5428 dicimus,
903 5357 932 5411 iu
951 5374 984 5411 eo
1009 5358 1064 5414 duo
1089 5361 1193 5433 passim
1223 5361 1332 5433 repetit.
1382 5359 1505 5418 Jacobus
1536 5358 1699 5432 Reihingius
1731 5361 1761 5416 iu
1793 5363 1921 5435 explicat.

233 5447 435 5506 consideranda
462 5462 535 5510 esse,
564 5444 652 5516 primo
681 5461 805 5500 errorum
831 5444 1064 5516 redargutionem,
1089 5446 1262 5502 fundamenti
1288 5453 1312 5503 3.
1339 5446 1418 5518 relig.
1445 5442 1551 5498 Cathol.
1577 5462 1605 5515 p.
1636 5452 1681 5502 60:
1707 5448 1797 5516 Ecce,
1825 5451 1922 5519 quales

232 5535 355 5597 secundo
362 5533 503 5611 publicam
510 5531 745 5590 idololatricorum
753 5531 878 5591 cultuum
886 5529 1065 5590 abolitorem
1090 5534 1358 5606 superintendentes,
1370 5529 1514 5605 pastores,
1531 5531 1674 5588 ministros
1693 5534 1809 5606 lratetis,
1827 5554 1847 5591 e
1866 5538 1923 5594 La·
