4020 6014
663 265 715 323 DE
733 264 956 326 MINISTERIO
974 265 1273 327 accusslsfflco.
1775 282 1813 340 75

118 426 148 474 et
175 418 345 474 firmioribus
367 420 480 491 judiciis
498 420 630 491 praediti,
653 422 821 493 reliquorum
846 420 1165 507 uominejrlompaanagi
1191 425 1287 479 audiat
1312 442 1345 480 ac
1372 427 1416 482 vel
1435 444 1485 482 sno
1503 427 1636 498 suffragio
1654 427 1814 483 electionem

117 506 264 578 negotium
284 506 337 561 hoc
356 507 518 578 expediant,
540 514 571 562 ut
591 508 679 562 omnis
699 509 824 565 confusio
845 510 953 565 vitetur.
980 517 1148 579 promoveat,
1166 509 1210 565 vel
1230 510 1266 564 ob
1286 528 1384 566 causas
1404 520 1589 584 praegnantes
1608 521 1636 568 et
1647 512 1815 570 sufficientes

156 597 214 647 105.
268 599 292 648 6.
325 592 368 646 Ex
399 593 563 648 testimoniis
598 602 730 651 veterum.
766 596 952 668 Hieronymus
979 594 1124 663 impedias
1162 596 1353 667 magistratui,
1398 605 1429 653 ut
1465 598 1627 654 electionem
1664 599 1814 656 confirmet.

10 689 43 729 ux
119 677 201 748 epist.
220 683 261 735 85.
281 678 316 733 ad
330 679 495 750 Evagrium:
516 681 710 736 Alexandriae
725 686 950 737 aMarcoaoan·
982 684 1005 734 2.
1028 680 1158 744 Quamvis
1186 684 1306 753 populus
1333 685 1369 739 de
1392 685 1546 739 eruditione
1575 689 1603 739 et
1633 685 1814 756 qualitatibus
1840 696 1843 704 “

10 741 94 834 i'r'sm.
117 765 222 831 calista
240 782 326 835 usqne
346 768 386 818 ad
404 767 558 821 Heracleas
577 777 601 820 ct
621 769 790 837 Dionysiam
807 771 951 841 episcopos
980 765 1100 836 eligendi
1129 785 1184 822 non
1211 771 1298 839 possit
1326 776 1382 824 tam
1413 779 1540 825 exactum
1575 770 1648 825 ferre
1675 771 1813 841 judicium

114 852 276 920 presbyteri
301 869 410 920 semper
430 871 514 905 annm
532 870 606 906 esse
626 855 740 907 electam
758 855 788 907 in
807 856 953 908 excelsiori
978 869 1060 921 quam
1094 854 1308 925 presbyterium,
1343 864 1435 912 mmcu
1465 857 1578 928 aliquod
1610 858 1748 928 judicium
1778 858 1812 913 de

114 939 213 1004 prado
231 939 399 992 collocatam
417 941 597 994 nominabant
617 942 783 1010 episcopam.
820 940 950 995 Ruffinus
977 937 1118 994 doctrinae
1136 941 1294 996 sinceritate
1311 959 1345 996 ex
1364 943 1515 1011 catechesi,
1542 944 1576 999 de
1596 943 1675 999 donis
1695 962 1728 999 ex
1748 961 1811 999 eon·

115 1023 166 1080 lib.
189 1029 228 1080 10.
246 1023 307 1080 hist.
328 1043 387 1096 cap.
406 1033 430 1082 9.
449 1026 553 1092 scribit,
574 1028 764 1080 blamontionc
782 1045 801 1079 a
815 1027 845 1080 S.
862 1028 949 1080 Atha-
978 1022 1058 1079 cioue
1075 1027 1256 1099 decennonii
1278 1043 1311 1080 ac
1334 1027 1369 1081 de
1395 1028 1453 1082 vita
1476 1027 1598 1099 eligendi
1617 1047 1651 1084 ex
1670 1029 1732 1100 ipsa
1748 1045 1812 1084 con-

115 1110 198 1164 nasio
224 1119 347 1164 creatcm
372 1113 530 1182 episcopam
558 1114 695 1167 Indorum
718 1114 802 1166 Indis
820 1114 891 1183 specs
916 1130 950 1166 ea
979 1111 1133 1165 versatione
1151 1111 1200 1166 ‘vel
1228 1112 1345 1167 aliorum
1370 1113 1502 1168 relatione
1537 1114 1609 1168 ferre
1642 1121 1748 1185 potest,
1778 1132 1811 1170 ac

116 1197 152 1248 dc
171 1213 203 1248 rs
220 1197 294 1249 nibil
312 1199 461 1251 scientibus
480 1215 567 1268 ncqrse
593 1199 784 1268 copitcntibns.
822 1199 948 1268 Epipha-
980 1196 1095 1264 proinde
1113 1214 1169 1251 non
1188 1205 1230 1252 est
1248 1201 1358 1269 penitus
1376 1199 1412 1254 ab
1430 1199 1565 1255 electione
1583 1202 1701 1271 pastoris
1720 1201 1811 1257 exclu-

115 1283 180 1335 nius
197 1283 226 1335 in
249 1284 329 1352 epist.
354 1286 395 1338 ad
416 1285 577 1339 Jobanncrn
601 1287 759 1355 episcopam
784 1286 947 1363 Hc'croeoip-
984 1283 1098 1337 dendns.
1140 1291 1163 1341 3.
1188 1285 1286 1339 Praxis
1312 1285 1492 1341 ecclesiarum
1509 1294 1663 1342 nostrerum
1683 1288 1812 1354 ostendit,

115 1371 251 1422 niteam
262 1371 366 1438 scribit,
380 1388 436 1424 ose
443 1372 820 1440 PardinianamHieronymi
826 1373 948 1437 fratrem
981 1370 1040 1425 sine
1055 1371 1215 1426 confusione
1235 1373 1368 1443 populum
1387 1373 1423 1428 ad
1446 1374 1630 1428 ministrorum
1649 1374 1811 1429 electionem

111 1457 305 1524 prabytcram
342 1457 512 1510 ordinatam.
571 1459 756 1526 Aapnstinnrn
791 1459 949 1526 Analonnn
979 1456 1096 1512 admitti.
1139 1458 1296 1513 Constituis
1318 1468 1383 1514 sunt
1407 1459 1483 1530 apud
1506 1478 1556 1515 nos
1583 1460 1747 1515 consistoria
1777 1477 1810 1516 ex

115 1542 277 1611 syncopam
314 1541 471 1610 Greporius
503 1545 674 1611 ἀεείφιαυίε,
714 1544 870 1613 Grcporias
905 1545 949 1599 II.
978 1543 1172 1598 ecclesiasticis
1206 1552 1236 1600 et
1266 1545 1385 1615 politicis
1420 1546 1641 1601 honoratioribus
1677 1546 1810 1615 personis,

22 1634 31 1645 '
117 1625 302 1693 Bonifaciam
325 1628 475 1682 (inmanis
500 1631 572 1682 nibil
597 1647 632 1684 aa
656 1632 691 1683 ds
715 1647 748 1684 re
766 1630 951 1699 copitantibns
978 1646 1050 1700 quae
1068 1630 1443 1702 ecclesiamrepraesentant,
1463 1633 1652 1687 necuniversa
1662 1631 1810 1687 multitudo

114 1714 278 1782 spmopnn
300 1715 450 1769 ordinarit.
486 1715 708 1785 Respondemus:
737 1723 758 1773 1.
784 1717 818 1771 de
840 1724 950 1787 patrum
978 1715 1074 1786 populi
1094 1715 1241 1771 adhibetur
1253 1717 1389 1782 electioni,
1407 1718 1457 1772 sed
1474 1717 1557 1772 certis
1569 1718 1702 1788 personis,
1721 1718 1808 1773 senio·

116 1799 199 1853 dictis
224 1806 253 1854 et
270 1800 402 1855 ecclesiae
426 1801 504 1870 praxi
519 1801 702 1870 judicandum
720 1808 752 1859 ,et
773 1803 949 1857 statuendum
977 1802 1053 1856 ribus
1078 1802 1192 1870 scilicet,
1216 1803 1385 1873 reliquorum
1402 1804 1512 1858 nomine
1538 1804 1649 1859 dicendi
1675 1804 1810 1874 agendive

115 1903 149 1952 ex
174 1885 325 1956 Scriptnris
347 1887 441 1952 sacris,
460 1888 596 1958 quidquid
622 1888 677 1942 illis
695 1889 833 1943 conforme
852 1890 949 1960 recipi·
977 1895 1100 1957 potestas
1118 1889 1208 1946 datur.
1238 1891 1271 1943 In
1292 1891 1458 1961 quibusdem
1482 1891 1604 1946 ecclesiis
1623 1892 1742 1961 populus
1760 1889 1810 1944 ab·

115 1988 191 2033 mus,
221 1973 357 2044 quidquid
383 1974 524 2027 dissonum
548 1974 695 2043 rejicimus.
734 1981 758 2030 2.
778 1975 949 2046 Opponimus
977 1972 1069 2029 dicatu
1086 1975 1165 2044 quasi
1180 1976 1243 2044 jure
1261 1993 1311 2030 suo
1329 1974 1503 2048 magistratui
1524 1982 1552 2031 et
1567 1975 1719 2031 ministerio
1737 1977 1809 2046 ejus-

115 2058 287 2114 Bellarmino
308 2061 365 2114 alia
390 2068 512 2116 veterum
539 2061 613 2115 dicta
637 2068 665 2116 et
683 2062 800 2131 probata
818 2063 950 2117 ecclesiae
977 2058 1040 2113 dem
1057 2060 1237 2115 confessionis
1263 2062 1337 2116 socio
1360 2060 1412 2117 has
1439 2066 1532 2132 partes
1551 2061 1624 2116 cedit
1641 2068 1669 2116 et
1687 2062 1716 2115 in
1736 2061 1808 2116 illius

115 2144 274 2215 primitivae
291 2146 418 2217 exempla
435 2146 560 2216 superius
578 2154 744 2202 enumerata.
782 2153 806 2205 3.
823 2147 881 2203 Nec
899 2149 948 2204 du·
976 2145 1118 2201 voluntate
1146 2163 1181 2201 ae
1206 2148 1315 2202 delectu
1339 2162 1435 2202 secure
1459 2146 1623 2216 acquiescit:
1646 2146 1676 2201 iu
1695 2147 1808 2218 quibus·
1871 2162 1878 2185 ¹

12 2241 103 2285 211³.
116 2232 194 2285 bium
205 2231 287 2286 nobis
300 2239 351 2299 est,
369 2233 485 2290 formam
502 2249 535 2286 ac
546 2234 679 2288 rationem
692 2240 816 2304 pastores
829 2235 949 2305 eligendi
976 2232 1041 2285 dam
1051 2233 1099 2301 jus
1113 2250 1194 2287 suum
1202 2233 1308 2288 confert
1323 2234 1352 2287 in
1368 2240 1457 2287 certas
1470 2250 1601 2303 personas
1614 2232 1810 2299 honoratiores,

116 2317 153 2372 ab
176 2317 309 2388 apostolis
331 2326 492 2390 usurpatam
519 2320 555 2373 ab
583 2320 698 2374 ecclesia
723 2321 862 2392 primitiva
884 2340 948 2392 apo
976 2335 1047 2388 quae
1066 2319 1161 2390 populi
1178 2319 1287 2374 nomine
1304 2319 1396 2373 omnia
1415 2324 1560 2390 peragunt
1597 2319 1702 2376 Neutro
1727 2321 1809 2375 modo

115 2403 231 2460 stolicae
255 2405 347 2459 vicina
371 2411 530 2460 constanter
553 2405 639 2461 fuisse
664 2407 850 2476 observatam,
869 2411 948 2479 cujus
972 2404 1019 2471 jus
1038 2405 1155 2460 vocandi
1172 2405 1310 2460 ministros
1334 2405 1370 2460 ad
1392 2412 1478 2460 totam
1507 2404 1651 2460 ecclesiam
1669 2405 1808 2476 pertinere

114 2491 156 2547 rei
188 2498 287 2548 testem
313 2491 491 2562 producimus
522 2492 691 2562 Cypriannm
721 2493 766 2567 lib.
800 2501 822 2550 1.
851 2512 893 2565 ep.
922 2502 947 2551 4,
975 2491 1085 2561 desinit,
1096 2492 1275 2547 committitur
1288 2492 1360 2546 enim
1372 2493 1488 2547 aliorum
1504 2491 1569 2547 fidei
1581 2493 1637 2561 jus,
1657 2509 1712 2546 uon
1728 2493 1809 2547 amit-

114 2578 253 2650 quidquid
278 2577 391 2632 tandem
422 2578 459 2632 sit
486 2578 520 2632 de
548 2579 717 2649 temporibus
742 2581 947 2636 recentioribus.
974 2575 1055 2640 titur·
1078 2595 1142 2632 cum
1162 2579 1223 2649 quit
1243 2580 1331 2634 libera
1354 2580 1495 2634 voluntate
1514 2579 1670 2649 adtempus
1685 2579 1744 2648 juri
1756 2596 1807 2635 ⁸110

114 2670 140 2722 4.
159 2664 297 2736 Pleraque
310 2664 442 2733 exempla,
462 2681 535 2735 quas
546 2664 729 2719 Bella-minus
744 2665 866 2731 adducit,
884 2675 949 2722 sunt
973 2665 1127 2728 renuntiat,
1150 2683 1200 2720 nec
1224 2666 1252 2720 in
1278 2665 1522 2736 praescriptionem
1541 2664 1587 2720 vel
1604 2665 1806 2736 praejudicium

113 2768 131 2805 a
156 2751 318 2822 quaestione
340 2750 446 2818 alicua,
472 2750 622 2821 loquuntur
647 2751 718 2805 enirn
743 2752 778 2805 de
798 2752 947 2808 ministerio
970 2749 1041 2817 juris
1060 2749 1088 2804 id
1107 2768 1221 2822 vergere
1239 2746 1338 2823 potest.
1386 2758 1410 2807 4.
1430 2750 1458 2806 Si
1478 2751 1528 2805 illa
1547 2751 1718 2805 incommoda
1737 2751 1807 2806 elec-

112 2838 143 2892 in
161 2836 278 2892 ecelesia
291 2836 382 2891 adhuc
395 2835 556 2907 plantanda,
575 2854 626 2892 nos
641 2854 705 2892 rero
724 2836 770 2892 hic
786 2839 894 2909 agimus
911 2841 946 2894 de
972 2835 1041 2889 tioni
1060 2842 1201 2906 pastorum
1229 2853 1280 2907 per
1303 2836 1439 2908 suffragia
1463 2837 1561 2907 populi
1591 2855 1646 2908 qua
1665 2836 1727 2903 nli,
1754 2836 1807 2892 hoc

112 2923 764 2995 ministerioiuecclesiaplantataetconstituta.
784 2925 947 2996 5.Exempla
973 2929 1015 2976 est
1039 2939 1088 2992 per
1116 2941 1145 2977 so
1171 2929 1199 2977 et
1221 2922 1394 2993 simpliciter,
1418 2939 1451 2976 ac
1474 2938 1529 2975 non
1553 2922 1645 2992 potius
1669 2929 1806 2993 quatenus

112 3015 225 3081 patrum
250 3009 432 3066 subordinate
456 3017 521 3065 sunt
544 3012 623 3082 praxi
648 3011 848 3080 apostolorum,
874 3029 946 3082 quae
973 3009 1075 3077 agendi
1088 3007 1805 3080 confusionevitiataeaoproindeperaccidenscom-

111 3102 223 3150 nostrac
247 3096 417 3167 suffragatur
441 3097 602 3153 sententiae.
646 3103 671 3152 6.
702 3097 845 3161 Quaedam
871 3098 946 3153 dicta
972 3101 1106 3165 peterent,
1116 3096 1163 3166 qui
1176 3095 1289 3160 factum,
1300 3095 1375 3167 quod
1383 3095 1499 3166 apostoli
1509 3101 1673 3165 potestatem
1683 3095 1806 3166 eligendi

111 3183 208 3254 poan
221 3197 386 3236 consensum
404 3183 508 3238 diserte
531 3202 587 3238 non
605 3183 763 3239 excludunt.
804 3191 828 3241 i.
848 3184 945 3239 Hiero·
972 3181 1074 3252 populo
1095 3183 1307 3238 concesserunt?
1329 3182 1403 3252 quod
1422 3182 1591 3237 consuetudo
1608 3181 1657 3235 illa
1679 3187 1804 3251 tempore

112 3270 190 3341 nymi
231 3268 336 3324 dictum
372 3269 540 3324 Bellarmino
588 3268 736 3325 fortissime
775 3272 945 3326 adversetur.
972 3267 1103 3338 Cypriani
1120 3285 1170 3339 per
1190 3268 1330 3323 universas
1349 3267 1408 3322 iere
1424 3267 1553 3322 eeclesias
1574 3267 1706 3338 recepta?
1729 3268 1805 3338 quod

112 3354 289 3426 Presbyteris
307 3355 380 3408 enim
399 3353 593 3410 Alexandrinis
618 3355 717 3410 tribuit
734 3356 856 3426 episcopi
875 3356 946 3411 elec·
972 3354 1065 3408 multis
1084 3355 1236 3409 canonibus
1259 3355 1356 3408 eadem
1382 3370 1438 3408 non
1455 3353 1543 3408 solum
1561 3353 1730 3423 approbata,
1754 3353 1803 3408 sed

111 3442 214 3496 tionem
233 3448 260 3495 et
278 3440 519 3506 constitutionem,
536 3449 566 3495 at
584 3441 768 3495 Bellarminus
786 3443 881 3498 scribit
901 3443 947 3496 lib.
973 3441 1057 3495 etism
1076 3439 1200 3494 sancita?

116 3536 136 3583 l.
157 3528 193 3582 de
210 3527 276 3582 cler.
294 3542 317 3580 e.
337 3533 361 3581 3.
379 3545 398 3579 a
414 3527 507 3580 seculo
527 3546 582 3581 non
608 3545 666 3582 csse
685 3530 821 3591 anditum,
841 3537 870 3581 nt
891 3531 947 3598 api-
1011 3533 1066 3583 llll.
1102 3526 1161 3582 Sub
1178 3526 1261 3580 finem
1273 3525 1357 3594 hujus
1371 3523 1537 3597 quaestionis
1549 3523 1670 3579 suaviter
1686 3525 1805 3595 philoso-

111 3631 228 3682 scopans
247 3631 303 3666 non
323 3615 471 3684 episcopas
488 3614 649 3682 ordinaret,
667 3631 754 3682 nequa
772 3615 886 3683 hujusce
905 3617 949 3668 rei
973 3613 1074 3683 phatur
1085 3612 1277 3679 Bellarminus,
1297 3611 1371 3681 quod
1388 3611 1458 3665 ratio
1475 3610 1596 3681 eligendi
1614 3611 1651 3664 ad
1669 3610 1803 3683 suffragiu

112 3701 203 3753 ullam
221 3700 264 3753 aci
281 3699 435 3752 institutam
448 3717 481 3753 aa
498 3701 661 3769 disciplina,
679 3701 722 3754 osi
741 3702 893 3770 accmplnm
915 3719 947 3754 cs
973 3701 1076 3770 populi,
1096 3699 1161 3771 quia
1181 3697 1316 3769 paulatim
1333 3697 1362 3751 in
1380 3697 1524 3752 ecclesiam
1542 3696 1659 3767 irrepsit,
1680 3697 1805 3753 debuerit

111 3787 248 3855 historiis,
262 3787 305 3840 cd
319 3787 403 3839 etiam
416 3789 628 3855 anrrpmioncrn
639 3805 672 3840 cc
683 3789 826 3842 haeretica
836 3788 948 3841 licentio
974 3787 1090 3857 proinde
1102 3783 1236 3855 paulatim
1247 3784 1424 3854 suaviterque
1436 3783 1470 3838 de
1482 3783 1573 3838 medio
1585 3782 1653 3838 tolli.
1678 3789 1701 3838 l.
1715 3785 1804 3838 Initio

108 3874 244 3943 proferri
258 3889 350 3943 posse.
975 3872 1100 3943 (inquit),
1127 3871 1178 3924 boc
1202 3878 1244 3922 cst
1275 3870 1439 3938 apostolicis
1464 3870 1646 3938 ternporibas,
1673 3871 1804 3924 insciente

14 3973 47 4012 ss
62 3973 100 4010 ιιι·
152 3965 208 4015 lota
247 3965 272 4031 t.
289 3957 331 4012 Ex
349 3955 541 4024 incommodis,
567 3974 638 4028 quae
657 3959 817 4029 popularem
835 3958 946 4013 electio·
972 3958 1078 4029 popolo
1094 3964 1225 4025 pastores
1245 3955 1424 4024 clipebantor.
1463 3955 1684 4026 Respondemus:
1704 3956 1805 4011 falsum

10 4034 86 4125 ’,Ἒῗ
112 4062 177 4099 nern
194 4050 408 4115 consequuntur.
448 4044 547 4096 Primo
560 4045 717 4113 populares
736 4046 862 4113 imperiti
885 4053 948 4097 nant
975 4045 1027 4099 hoc
1048 4051 1104 4113 est,
1132 4050 1163 4097 ut
1188 4048 1314 4098 constare
1338 4048 1429 4113 potest
1455 4059 1488 4097 ex
1513 4043 1593 4097 Actis
1619 4044 1806 4112 apostolorum
1819 4035 1944 4079 ΜΝ

10 4128 81 4219 ἓξὲξ
112 4139 298 4202 nscpossant,
317 4130 438 4183 etiamsi
452 4129 674 4198 nacimcoclint,
684 4130 831 4200 judicare,
844 4149 881 4183 an
894 4132 947 4184 ali·
974 4150 1035 4202 cap.
1061 4139 1083 4187 l.
1107 4138 1132 4186 6.
1154 4136 1192 4187 14,
1215 4137 1253 4186 15.
1272 4137 1323 4208 etc.
1360 4129 1442 4184 Ratio
1467 4128 1587 4200 eligendi
1606 4146 1655 4199 per
1672 4128 1806 4200 suffragia

10 4241 27 4271 ι.
114 4220 177 4286 qais
195 4217 233 4272 sit
249 4217 368 4270 idoneas
384 4216 558 4279 accedatis,
575 4232 625 4269 nec
642 4233 686 4273 ne.
723 4218 837 4271 Deinde
855 4217 883 4270 si
896 4236 946 4287 po·
974 4217 1071 4289 populi
1087 4216 1123 4271 ab
1142 4215 1272 4287 apostolis
1290 4217 1319 4268 in
1338 4214 1457 4284 puhlicis
1475 4214 1607 4270 ecclesiae
1623 4215 1805 4270 conventibus

111 4305 265 4376 pelusius
285 4303 366 4356 baba
384 4301 521 4371 elipandi,
545 4318 653 4356 necesse
674 4304 736 4373 erit,
751 4311 783 4357 ut
799 4321 907 4372 semper
925 4305 949 4357 ii
974 4311 1107 4375 usurpata
1127 4307 1181 4372 est,
1207 4301 1344 4373 quomodo
1364 4300 1449 4371 igitur
1468 4301 1589 4356 suaviter
1605 4301 1746 4371 irrepsisse
1763 4301 1803 4355 di·

109 4391 327 4458 praeficiantur,
346 4406 415 4457 qnos
431 4390 553 4458 praefici
570 4390 681 4458 capient
697 4391 813 4460 pejores
835 4399 860 4444 ct
878 4392 946 4445 stal-
973 4393 1062 4447 canda
1078 4391 1146 4447 erit?
1182 4390 1280 4461 Neque
1303 4404 1474 4459 consequens
1499 4395 1551 4452 est,
1575 4388 1650 4458 quod
1669 4387 1803 4458 paulatim

112 4478 215 4546 fines,
243 4494 310 4529 nam
334 4476 429 4543 major
442 4493 516 4544 pars
535 4477 638 4545 cincei,
658 4477 757 4546 plures
774 4485 865 4531 autern
884 4485 947 4531 sant
973 4480 1001 4533 in
1021 4476 1164 4533 ecclesiam
1182 4476 1306 4546 irrepsit,
1333 4475 1416 4529 etiam
1442 4474 1576 4545 paulatim
1600 4480 1628 4527 et
1648 4473 1803 4527 suavitcre

112 4565 144 4616 ia
168 4563 292 4632 qnalibet
314 4563 426 4616 civitate
453 4563 524 4617 mali
546 4581 631 4633 qaam
649 4563 727 4632 boni,
749 4564 849 4633 plores
867 4565 948 4618 stalli
973 4565 1064 4619 medio
1083 4563 1142 4618 tolli
1162 4570 1302 4632 oportere,
1324 4561 1390 4632 quid
1418 4562 1491 4615 euim
1514 4560 1636 4614 dicemus
1656 4558 1689 4611 de
1708 4557 1803 4613 haere-

112 4668 199 4720 qnans
216 4650 363 4719 sapientes.
400 4651 529 4719 Denique
548 4651 647 4724 elatio
663 4651 814 4720 popularis
827 4652 946 4704 obrsosia
973 4653 1063 4715 sibus,
1086 4649 1237 4713 erroribus,
1259 4648 1333 4701 vitiis
1359 4654 1387 4703 et
1412 4665 1518 4702 morum
1537 4643 1712 4713 corruptelis,
1731 4661 1803 4717 quae

111 4745 154 4789 est
169 4737 331 4790 tumultibus
344 4753 378 4789 ae
389 4738 579 4794 sorbitionibus.
603 4739 830 4809 Respondemus:
846 4744 865 4791 1.
878 4737 946 4791 haec
973 4738 1083 4809 saepius
1100 4735 1233 4806 paulatim
1251 4734 1384 4804 irrepunt,
1400 4749 1491 4803 neque
1510 4739 1603 4805 tamen
1622 4731 1757 4800 paulatim
1775 4737 1804 4786 et

110 4829 187 4878 recte
211 4827 389 4894 opponuntur
410 4823 615 4894 Anabaptistis,
642 4826 690 4897 qui
715 4829 881 4896 potestatem
899 4823 945 4878 eli·
972 4823 1108 4887 erraviter,
1133 4820 1182 4876 sed
1206 4822 1284 4890 justo
1311 4819 1463 4876 severitatis
1492 4818 1551 4872 zelo
1576 4811 1700 4871 tollenda
1717 4816 1802 4872 sunt?

110 4909 197 4981 gendi
223 4909 367 4977 imperitae
389 4910 560 4965 multitudini
585 4911 698 4965 excluso
720 4911 885 4981 magistratu
912 4928 945 4965 ac
972 4920 997 4967 2.
1016 4911 1129 4964 Deinde
1154 4909 1244 4976 coepit
1266 4907 1391 4977 popalus
1408 4904 1539 4958 adbiberi
1561 4906 1602 4956 ad
1618 4905 1804 4959 testimoniam

110 4994 286 5067 presbyterio
303 4994 436 5048 tribuunt.
472 4996 529 5052 Nos
556 4995 585 5048 in
614 4996 746 5052 electione
772 4996 946 5052 confusiones
973 4998 1097 5052 danaim
1123 4997 1157 5048 dc
1183 4994 1308 5062 elipandi
1331 4992 1390 5045 nita
1416 4998 1441 5044 ct
1465 4989 1598 5058 mnibus,
1616 4988 1804 5045 Tertullianus

112 5098 164 5137 neo
183 5080 379 5152 approbamus,
400 5098 453 5136 nec
473 5080 681 5149 introducimus,
697 5097 749 5137 neo
774 5083 824 5137 soli
843 5083 945 5152 populo
974 5084 1001 5138 in
1020 5082 1092 5152 apol.
1118 5099 1141 5134 c.
1167 5086 1207 5135 30.
1244 5077 1467 5147 Respondemus:
1485 5093 1540 5131 non
1558 5076 1663 5130 nudum
1681 5078 1803 5132 testimo·

116 5166 236 5239 cligendi
267 5175 360 5237 partes
383 5169 494 5236 damus,
520 5167 569 5222 sed
600 5167 692 5222 omnia
714 5168 783 5223 sarci
805 5171 882 5231 ια’ξιν
900 5175 946 5224 καὶ
973 5170 1062 5235 nium,
1088 5166 1236 5221 sedetiam
1262 5163 1425 5234 suffragium
1442 5163 1546 5233 populo
1561 5164 1621 5233 jam
1639 5170 1699 5218 tum
1718 5162 1804 5217 fnisse

116 5251 291 5328 εωχημόνως
308 5256 419 5326 agenda
437 5270 497 5309 esse
514 5252 631 5306 dicimus
651 5258 679 5306 et
696 5254 796 5324 cuique
813 5256 947 5312 ecclesiae
973 5255 1077 5321 datum,
1086 5257 1202 5323 apparet
1210 5269 1243 5305 ex
1254 5249 1404 5319 Cypriane,
1413 5249 1462 5320 qui
1470 5248 1671 5304 Tertullianum
1679 5248 1804 5318 proxime

117 5341 202 5396 ortui
220 5357 285 5395 snas
309 5346 402 5411 partes
422 5339 603 5407 assignamus.
646 5335 813 5407 Ministerio,
841 5347 872 5395 ut
897 5341 945 5395 eli·
972 5348 1083 5395 secutus
1107 5347 1149 5393 est
1175 5345 1203 5392 et
1225 5336 1327 5390 diserte
1352 5335 1460 5404 scribit,
1483 5353 1534 5390 suo
1555 5341 1678 5404 tempore
1701 5351 1803 5389 morem

118 5427 221 5494 mutae
248 5442 380 5498 personae
402 5422 556 5480 doctrinam
579 5432 608 5481 et
636 5423 783 5495 qualitates
806 5425 945 5497 exploret;
971 5428 1050 5481 illum
1065 5423 1185 5496 eligendi
1200 5440 1253 5492 per
1271 5422 1415 5475 universas
1431 5423 1494 5485 sero
1512 5421 1645 5475 ecclesias
1662 5426 1803 5490 receptum

118 5513 230 5581 popda,
258 5520 290 5569 ut
318 5512 504 5569 namneum
534 5523 553 5562 a
579 5508 730 5569 ministerio
756 5508 785 5565 iu
815 5511 946 5571 concione
970 5511 1066 5569 fuisse
1099 5509 1242 5582 Aequod
1270 5507 1388 5580 populus
1409 5507 1446 5562 ad
1468 5505 1657 5564 testimonium
1679 5505 1802 5562 dandum
