4020 6014
239 318 297 376 ibi
839 304 962 364 LOCUS
981 302 1187 363 molismus
1205 306 1371 365 TERTIUS

235 465 363 519 σίνιιιιειιι
380 472 406 518 ιιι
423 464 537 532 replear
563 465 653 517 eorda
671 461 785 529 fidelem
811 461 846 515 de
865 465 978 515 externe
997 458 1073 521 dicit,
1097 459 1246 530 jiceretur,
1259 466 1478 532 reapondebant,
1494 480 1544 515 noa
1563 464 1662 516 literae
1681 464 1793 516 minime
1807 465 1942 519 obnoaioe

237 553 314 619 quood
332 552 481 615 niteamus,
498 568 559 619 roa,
578 547 915 610 literaeterrooeniene,
934 548 1074 600 mancare
1102 562 1176 615 ecee,
1200 551 1252 601 aed
1280 549 1433 620 Spiritum,
1459 550 1509 617 qui
1539 549 1675 618 vivificat,
1704 551 1784 618 aequi
1803 560 1942 620 oportere.

238 638 427 706 caprimum,
444 638 573 705 quedem
591 635 664 688 nibrb
682 634 806 703 amplius
819 634 922 703 poerit,
940 650 1025 702 quam
1044 638 1075 682 ut
1104 632 1177 692 Quin
1205 636 1288 688 etiam
1311 653 1418 703 poroua
1448 634 1498 687 ilie
1529 634 1678 695 Quintium
1707 635 1766 705 (qui
1792 653 1851 690 uua
1878 653 1942 690 cum

238 724 346 778 oeterni
364 723 484 778 hominia
501 723 663 776 memoriam
681 728 804 774 etoreree
822 721 932 788 repleat
950 725 1076 771 etoeter·
1102 717 1228 789 Coppino
1256 719 1311 775 fuit
1337 721 1442 791 primus
1473 720 1556 791 hujus
1583 727 1675 775 sectae
1702 723 1813 788 auctor)
1844 741 1941 777 unum

238 828 303 864 num
320 809 466 878 uirumque
489 808 599 862 verbum
620 807 679 860 Dei
696 806 795 859 Jesum
814 805 956 858 Obriatum
979 811 1074 855 notam
1102 822 1235 875 quemque
1263 809 1456 876 apostolorum
1486 808 1584 876 abique
1610 816 1757 861 aeommate
1783 817 1941 872 notaverat,

238 897 340 961 faciat.
386 896 501 964 Oportet
525 892 637 963 (inquit)
664 900 696 946 ut
720 895 800 946 Deua
827 893 931 960 abacue
956 889 1076 943 erarnis
1101 891 1184 945 ocimi
1209 894 1362 947 Picardico
1386 911 1437 946 auo
1460 909 1589 947 sermone
1613 894 1735 947 Paulum
1761 912 1868 947 noeane
1891 912 1942 949 rue

239 982 341 1036 mediis
353 999 408 1053 per
425 981 564 1039 Obrimum
582 979 707 1032 animam
723 984 832 1046 tropat,
850 994 883 1031 ex
896 982 952 1048 qud
967 974 1075 1030 conclu·
1100 979 1235 1043 fractum,
1254 980 1413 1033 Jobannem
1421 980 1553 1048 juvenem
1567 980 1743 1040 rtolidnbam,
1763 981 1942 1034 Petrumub

240 1067 290 1130 dit,
311 1075 451 1120 externam
467 1065 581 1119 uerbum
600 1082 656 1118 non
677 1065 750 1117 aare
768 1063 900 1130 salutem,
920 1080 969 1116 nec
986 1061 1077 1114 ullam
1105 1073 1266 1131 nepatorem
1282 1067 1350 1133 Dei,
1370 1067 1546 1119 Matthaeum
1557 1067 1778 1133 foeneratorem.

240 1153 365 1206 diemam
394 1152 522 1205 virtatem
553 1150 638 1203 aram
670 1151 751 1218 apud
778 1149 921 1202 miniatror
952 1147 1078 1214 Spiritus
1139 1156 1196 1206 251.
1238 1152 1285 1204 Ad
1315 1152 1386 1205 hanc
1417 1149 1586 1205 Suenoieldii
1617 1150 1776 1220 opinionem
1800 1167 1834 1205 ex
1861 1160 1943 1221 parte
1953 1159 2003 1201 οιι

240 1240 384 1307 aaeipnare
380 1237 445 1291 oei
464 1236 552 1290 tribui
562 1250 663 1304 poree,
684 1237 751 1332 puin
768 1236 824 1287 imo
844 1235 953 1288 idolum
969 1250 1002 1286 ee
1018 1231 1077 1286 auia
1105 1236 1243 1290 accedunt
1267 1237 1381 1307 quidam
1403 1237 1564 1294 calviniani
1584 1245 1611 1290 et
1626 1239 1778 1306 Pometios?
1808 1213 2006 1303 ρηιιωγὴξῖῗ

241 1324 418 1378 concionibus
448 1324 547 1386 fecere
577 1338 639 1384 eoa,
666 1321 716 1389 pai
740 1321 852 1388 dieunt,
882 1336 930 1373 eae
955 1318 1078 1373 bominee
1104 1322 1176 1376 euim
1193 1322 1325 1377 Calvinus
1349 1329 1378 1378 et
1395 1322 1482 1393 ipsius
1502 1323 1626 1377 asseclae
1650 1324 1819 1394 quandoque
1838 1324 1874 1378 de
1892 1325 1942 1378 mi·
1954 1314 2006 1354 ⁸¹⁰¹

240 1410 335 1464 aoleoe
345 1411 466 1477 sarcre,
490 1423 549 1460 ecre
573 1407 704 1460 virtutem
722 1407 781 1460 Dei
808 1404 985 1459 adsalutem
1004 1403 1080 1458 omni
1104 1407 1217 1462 nisterio
1234 1408 1310 1464 verbi
1336 1415 1364 1463 et
1381 1415 1616 1463 sacramentorum
1642 1409 1711 1464 satie
1729 1409 1883 1465 honorifice
1903 1410 1942 1465 lo-

241 1495 374 1562 credenti,
394 1494 504 1546 initium
522 1494 709 1547 convertionie
728 1501 753 1545 et
771 1492 873 1546 aolutie
891 1498 1004 1544 nostrae
1022 1506 1078 1542 non
1105 1494 1153 1564 qni
1170 1494 1331 1558 videantur,
1357 1500 1451 1549 temen
1468 1494 1588 1564 plurima
1605 1496 1681 1565 apud
1700 1495 1763 1549 illos
1783 1501 1942 1561 coemunt,

235 1582 304 1651 fieri
319 1596 374 1650 per
392 1587 536 1641 externum
560 1579 673 1632 rabum
701 1586 726 1632 a
746 1584 925 1632 recrementa
944 1584 1079 1644 tanquam
1105 1579 1268 1650 praesertim
1288 1581 1317 1633 in
1337 1580 1526 1650 disputatione
1545 1581 1580 1635 de
1592 1579 1720 1637 absoluto
1738 1582 1942 1651 reprobationis

240 1669 425 1723 {miramonte
445 1673 470 1718 ab
488 1665 599 1731 modim·
624 1665 743 1734 denique
765 1673 821 1718 trec
839 1681 951 1718 mattae
968 1677 1080 1715 erraret
1106 1666 1232 1733 decreto
1272 1683 1344 1737 quae
1381 1666 1648 1722 Suenefeldianiamo
1694 1667 1846 1722 admodum
1877 1674 1943 1723 eunt

241 1770 301 1810 eree
319 1769 430 1817 eorum,
456 1751 507 1819 qui
523 1751 634 1815 dicunt,
654 1753 765 1804 uerbum
785 1751 1027 1832 praedicatum
1009 1765 1028 1801 a
1051 1763 1080 1799 cc
1106 1751 1208 1806 affinia
1252 1753 1379 1807 Andreas
1402 1752 1592 1807 Carolstadins
1620 1755 1828 1808 sacramentarii
1852 1763 1944 1810 emu-

241 1857 301 1895 eaee
318 1840 457 1904 oirisicmn
481 1838 542 1891 Dei
559 1838 686 1902 aarum,
711 1855 771 1892 ease
785 1837 942 1907 potentiam
962 1815 1027 1888 Dei
1039 1833 1080 1885 ad
1106 1837 1187 1891 minis
1204 1838 1297 1892 seculo
1314 1837 1439 1908 proximo
1457 1838 1562 1907 primus
1580 1844 1678 1892 auctor
1699 1839 1812 1909 scripsit
1833 1840 1943 1907 libellos

241 1927 361 1980 calmem
386 1932 412 1979 et
429 1926 523 1978 Deum
548 1926 655 1978 interne
678 1925 709 1979 in
734 1927 830 1978 anima
843 1940 899 1992 per
922 1921 1016 1975 media
1035 1936 1079 1973 ee·
1107 1923 1181 1979 hisce
1198 1924 1287 1978 titulis
1304 1924 1460 1995 insignitos,
1481 1925 1541 1980 tim
1569 1927 1612 1979 bet
1629 1925 1814 1995 Dimittuup
1834 1927 1942 1994 erue

242 2019 323 2066 terna
342 2011 510 2079 operariae
527 2011 589 2064 aine
607 2011 689 2064 aerbo
707 2010 760 2064 ibbo
773 2019 884 2064 caterno
900 2008 1020 2062 salutem
1029 2022 1080 2060 noa
1107 2011 1155 2065 mie
1184 2011 1224 2064 bie
1250 2009 1359 2079 peimebe
1388 2010 1417 2064 in
1443 2011 1547 2078 unieret
1572 2011 1776 2080 gementium,
1802 2021 1857 2068 nnn
1886 2015 1944 2068 tm

243 2098 376 2166 emerepui
401 2115 457 2150 non
479 2113 572 2165 posse.
618 2102 695 2150 Haec
728 2096 767 2151 ibi
794 2093 987 2150 Suencfeldius
1015 2090 1081 2146 sub·
1106 2096 1235 2166 nebettam
1260 2095 1356 2152 bitum
1378 2097 1493 2161 (britti,
1524 2107 1576 2152 tou
1600 2101 1644 2151 bet
1671 2099 1861 2168 (ξιιιαῆιιιβιίι,
1891 2101 1943 2167 bob

239 2185 372 2255 jungens,
383 2184 497 2238 verbum
510 2191 652 2237 oeternum
664 2183 852 2237 duntaxateie
865 2181 1079 2246 rerboiaterno,
1107 2183 1272 2251 monoteta
1293 2183 1379 2249 tuiiittt
1403 2183 1478 2250 ttae
1496 2196 1540 2237 um
1567 2186 1615 2237 ben
1633 2184 1806 2252 Subiciet,
1830 2186 1944 2253 icubmu

244 2272 321 2341 quod
337 2278 377 2324 eet
397 2269 526 2324 Cierium
542 2269 648 2335 testari,
666 2284 787 2335 monere,
807 2267 939 2333 medere,
956 2282 1080 2337 nonGoa-
1108 2268 1228 2338 angebeu
1255 2270 1283 2324 iu
1306 2268 1346 2324 bie
1363 2269 1452 2337 biaut
1475 2270 1520 2324 bei
1544 2271 1637 2338 beten.
1674 2270 1808 2338 Ejusdem
1832 2271 1944 2342 generis

244 2365 362 2427 temper
376 2358 452 2411 iliud
464 2364 598 2424 tanquam
609 2370 665 2423 per
677 2353 798 2407 medium
812 2353 880 2406 dari
890 2351 1081 2405 temtationem
1107 2362 1167 2410 erat
1185 2355 1312 2409 doctrina
1330 2354 1366 2408 de
1381 2354 1530 2425 gradibus,
1554 2355 1656 2424 quibus
1679 2356 1716 2410 ad
1735 2355 1790 2411 Dei
1809 2357 1943 2427 cognitio-

20 2474 25 2480 ·
128 2453 185 2496 1111.
199 2452 231 2495 ιι.
240 2452 433 2514 peccatorum,
457 2460 519 2495 cum
547 2441 580 2495 id
604 2442 662 2496 coli
686 2442 769 2495 verbo
793 2441 915 2504 interno,
940 2440 1018 2507 anecd
1043 2444 1081 2490 eat
1107 2457 1170 2495 nem
1188 2440 1326 2511 perveniri
1344 2441 1449 2511 possit,
1468 2440 1504 2494 ab
1523 2441 1634 2496 asseclis
1656 2441 1823 2497 Carolstadii
1840 2444 1945 2499 tradita

246 2529 384 2598 Uiriatus,
403 2535 549 2597 competat.
588 2527 683 2583 Idem:
704 2527 855 2596 Scriptura
869 2524 1037 2597 prophetica
1055 2531 1082 2576 et
1108 2535 1136 2582 et
1153 2544 1171 2582 a
1190 2526 1364 2583 Carolstadio
1383 2544 1439 2581 non
1457 2528 1574 2582 obscure
1592 2528 1785 2602 comprobata,
1805 2529 1945 2585 docebant

245 2616 405 2689 apostolico
429 2622 470 2669 est
494 2620 637 2667 manum
661 2622 687 2667 et
710 2613 860 2681 corporale
883 2612 942 2665 Dei
961 2611 1080 2672 entem,
1107 2614 1188 2682 enim,
1208 2630 1258 2667 nos
1278 2613 1512 2683 incognitionem
1525 2613 1579 2667 Dei
1596 2613 1742 2668 intromitti
1760 2614 1849 2683 primo
1869 2617 1943 2685 turdi

245 2722 301 2761 non
318 2709 411 2756 autern
434 2701 545 2754 verbum
569 2700 630 2753 Dei
645 2700 795 2767 vivificum,
824 2716 879 2767 quo
902 2697 1013 2750 animae
1026 2714 1081 2768 pa·
1108 2700 1147 2755 bie
1167 2701 1356 2768 butgtbbuup,
1376 2699 1498 2752 secundo
1518 2701 1593 2768 tutti
1613 2699 1652 2755 tie
1669 2700 1841 2769 &babituram
1862 2702 1945 2757 tertio

244 2797 359 2846 acuatur
378 2795 404 2842 et
417 2790 452 2841 dc
464 2804 519 2856 quo
534 2785 661 2840 Obrietus
673 2785 774 2855 inquit,
792 2784 880 2838 Beati
899 2785 949 2853 qui
960 2784 1081 2837 audiunt
1108 2786 1182 2855 buttb
1202 2786 1241 2840 bie
1260 2787 1490 2855 timnatham,
1515 2801 1571 2856 qua
1596 2785 1703 2840 scilicet
1728 2788 1809 2840 bomo
1829 2789 1944 2858 dubitet,

244 2878 356 2932 verbum
372 2873 432 2930 Dei
456 2882 483 2928 et
504 2875 663 2929 custodiunt
689 2873 765 2926 iliad
797 2876 850 2927 etc.
889 2870 976 2925 Sabae
995 2878 1021 2923 et
1038 2885 1081 2922 re·
1107 2873 1197 2928 sintne
1234 2890 1316 2940 vero,
1352 2889 1424 2940 puae
1459 2889 1493 2930 en
1528 2873 1610 2925 uerbo
1645 2874 1705 2926 Dei
1733 2882 1945 2943 proponuntur,

244 2960 341 3018 miecio
354 2968 538 3032 peccatoram
554 2976 611 3014 non
640 2967 680 3014 eat
697 2959 861 3027 quaerenda
880 2958 910 3010 in
931 2956 1082 3025 Scriptura
1107 2958 1224 3026 meoque
1259 2976 1279 3012 o
1307 2961 1372 3012 Deo
1403 2959 1519 3028 bujurce
1549 2959 1594 3012 rei
1627 2959 1784 3013 terribilem
1812 2964 1944 3029 patefac·

245 3057 272 3105 et
291 3049 382 3119 aipno,
398 3049 451 3101 aed
468 3062 579 3100 aureum
597 3048 687 3101 corda
710 3047 790 3114 apud
813 3044 956 3098 dominnm
980 3043 1082 3097 Deum.
1107 3045 1208 3098 tionem
1231 3052 1326 3113 petere
1355 3045 1469 3109 debeat,
1496 3043 1545 3098 ubi
1572 3043 1736 3114 impostores
1761 3045 1802 3098 illi
1828 3047 1944 3102 homini-

247 3136 296 3192 Sie
316 3135 446 3189 discerno
466 3133 539 3184 inter
566 3148 675 3185 acreum
693 3139 720 3185 et
739 3130 909 3194 Dominum,
926 3130 999 3182 inter
1013 3127 1082 3180 inte·
1108 3129 1160 3184 bus
1184 3148 1263 3183 suum
1287 3131 1481 3201 proponebant
1507 3129 1679 3199 exemplum,
1708 3147 1764 3201 quo
1794 3149 1944 3189 consueve-

244 3223 350 3277 riorem
373 3220 434 3273 Dei
455 3218 648 3288 operationem
672 3225 698 3270 et
723 3224 861 3270 eeternum
890 3215 1082 3277 miratoriam,
1107 3222 1173 3271 runt
1206 3217 1235 3270 in
1268 3217 1375 3271 coelum
1410 3231 1544 3285 exspuere
1569 3221 1608 3285 „et
1643 3217 1697 3272 hoc
1734 3218 1817 3272 modo
1850 3236 1944 3275 orare:

245 3309 319 3363 inter
337 3307 370 3361 id
387 3308 464 3374 quod
481 3305 631 3359 eorintrot
649 3310 675 3357 et
694 3303 771 3371 quod
788 3303 830 3355 ad
846 3309 1082 3355 secerneremur
1107 3305 1198 3357 Pater
1225 3303 1340 3356 immitte
1367 3303 1398 3357 in
1427 3320 1476 3358 eor
1498 3319 1588 3355 meum
1613 3311 1806 3371 exporrectum
1833 3306 1943 3360 ciceide-

246 3393 367 3449 hominia
390 3392 515 3461 pertinet
544 3395 597 3446 etc.
650 3388 797 3444 satureris
823 3389 881 3441 Dei
909 3387 1030 3455 oopnitio
1057 3394 1082 3442 a
1108 3392 1181 3444 mum
1199 3398 1264 3443 tuoe
1289 3389 1488 3458 partitionem
1507 3388 1607 3451 minue,
1626 3397 1722 3456 epoto
1742 3397 1858 3458 tuaeque
1877 3410 1944 3462 apo·

246 3483 316 3546 sirice
335 3477 425 3547 maine
443 3478 515 3531 Jeen
536 3476 643 3530 otmari
662 3493 718 3530 non
736 3482 778 3529 eat
796 3490 828 3528 cu
848 3474 1014 3542 Scriptura,
1032 3475 1084 3526 sed
1109 3477 1197 3531 atoloa
1225 3476 1377 3543 obnepabo.
1424 3475 1560 3538 Quartum
1590 3474 1709 3546 gradmn
1738 3483 1876 3532 vocarunt
1906 3478 1944 3534 tte

246 3584 278 3622 er
298 3566 360 3635 ipso
379 3567 453 3630 Deo,
471 3561 598 3616 Cbrietue
617 3562 647 3614 in
666 3562 694 3614 V.
711 3570 739 3614 et
756 3562 795 3617 N.
811 3561 841 3615 Τ.
861 3567 902 3612 eat
918 3561 1082 3620 manifesta·
1110 3561 1286 3631 taugeibtiie.
1310 3559 1444 3624 Quintum
1456 3562 1944 3631 vocaruutadrperaionempuando

246 3660 292 3706 tae
318 3668 375 3705 non
398 3666 454 3718 per
481 3648 675 3717 Scriptorum,
701 3649 754 3701 aed
777 3663 832 3716 per
853 3646 992 3715 Spiritum
1017 3648 1082 3702 Dei.
1108 3650 1189 3703 bomo
1210 3650 1273 3702 vieo
1293 3646 1353 3701 Dei
1370 3662 1436 3700 uoce
1454 3649 1568 3700 edoctae
1587 3648 1671 3700 eorde
1691 3666 1742 3701 auo
1759 3656 1865 3701 certum
1883 3667 1945 3704 con·

248 3736 356 3791 Similia
381 3741 518 3790 accurunt
544 3734 621 3804 apud
649 3733 820 3805 Weigelinm
852 3750 955 3787 novum
981 3732 1084 3788 Suenc-
1109 3736 1197 3804 ee'piot
1218 3737 1252 3787 de
1273 3735 1353 3787 robae
1381 3736 1422 3786 ad
1445 3734 1563 3787 salntem
1585 3733 1789 3801 pertinentibue
1806 3735 1946 3802 indicium

248 3822 328 3877 feldii
348 3821 483 3875 asseclam
502 3820 531 3873 in
555 3819 573 3873 l.
594 3825 617 3875 1.
633 3822 725 3890 ynam
747 3814 864 3874 σεαυιόι
888 3837 909 3874 c.
937 3825 984 3875 ll:
1015 3821 1084 3876 bion
1111 3831 1193 3890 etque
1224 3822 1266 3874 ita
1292 3837 1440 3888 poraeeeor
1468 3821 1498 3873 in
1530 3819 1669 3873 interiora
1695 3820 1816 3874 bominis
1842 3824 1944 3877 veniat.

203 3930 209 3944 ·
249 3909 312 3975 mab
338 3907 461 3976 ruatber,
492 3907 540 3974 bob
569 3906 609 3961 tie
639 3906 757 3976 pbtttidt
782 3906 942 3975 brimutuib
967 3905 1004 3962 itu
1026 3906 1084 3974 brit.
1111 3907 1242 3962 Docebat
1275 3905 1358 3961 etium
1389 3904 1592 3972 Carolstadins‚
1630 3906 1752 3960 studium
1787 3906 1946 3978 linguarum

250 3996 372 4053 &leuben
394 3993 459 4061 nitbt
480 3992 621 4063 bertomme
643 4001 703 4048 bom
723 3993 890 4061 beusteten,
907 3993 958 4048 boe
976 3993 1007 4062 iit
1025 4001 1085 4048 tom
1112 3993 1181 4048 nihil
1205 3993 1329 4047 conferre
1347 3992 1384 4047 ad
1401 3991 1582 4046 hauriendam
1602 4009 1636 4047 ex
1655 3991 1805 4063 seripturis
1826 3996 1945 4066 agnitio·

250 4080 410 4152 benennam
429 4081 474 4135 att
488 4087 540 4134 uon
559 4079 602 4133 ber
614 4079 699 4146 bibet,
716 4079 827 4148 iontem
846 4088 907 4135 bom
919 4080 991 4146 bam
1008 4079 1086 4146 idib,
1112 4096 1176 4135 nem
1192 4079 1255 4145 Dei,
1273 4080 1326 4132 red
1340 4084 1468 4146 oportere
1481 4094 1535 4144 eor,
1552 4078 1603 4145 qni
1612 4078 1768 4133 minarerio
1781 4081 1947 4149 funpuntm,
1959 4080 2006 4128 xm.

251 4171 301 4225 bai
331 4167 362 4236 iit
400 4170 453 4220 aui
486 4166 542 4219 bem
574 4165 713 4235 petitiicbtu
743 4166 909 4234 ttitutbttteu
938 4166 1011 4233 bitae
1040 4166 1085 4220 bei
1114 4183 1172 4220 ecee
1190 4182 1209 4218 a
1227 4167 1290 4218 Deo
1310 4166 1407 4217 doctos
1420 4180 1475 4235 per
1492 4162 1584 4215 nicam
1603 4163 1693 4233 ipaua
1712 4182 1806 4219 uocem
1823 4185 1858 4222 ae
1872 4185 1948 4237 rere·

250 4254 392 4322 bieuibeo.
402 4270 434 4321 p.
447 4255 497 4307 et:
515 4252 586 4308 bitte
604 4250 748 4320 meinenen,
768 4251 807 4306 bie
822 4251 965 4320 interlita
978 4252 1086 4321 brebipt
1114 4251 1260 4317 lotionem,
1287 4248 1361 4303 unde
1387 4248 1472 4303 ctiam
1491 4248 1612 4320 glossam
1635 4266 1714 4304 suam
1736 4252 1828 4307 verbis
1846 4270 1949 4309 coenae

251 4343 326 4411 trane
344 4348 398 4394 bon
418 4337 506 4404 auten
530 4350 561 4406 iu
580 4336 668 4405 binein
688 4338 735 4392 ben
755 4336 815 4407 brit.
834 4336 918 4406 (beist,
947 4338 1039 4406 fetare
1056 4337 1087 4407 iit
1112 4338 1226 4404 illatam,
1241 4338 1292 4390 boe
1313 4343 1353 4389 eat
1371 4353 1472 4404 corpur
1491 4352 1597 4402 ιιιιιιιιι,
1616 4336 1667 4391 boe
1687 4345 1727 4391 ert
1751 4338 1796 4391 Jn'e
1816 4341 1857 4392 aa
1874 4357 1949 4394 men·

253 4427 295 4482 ein
310 4426 411 4496 gerici,
424 4423 471 4481 trie
485 4423 540 4479 eiu
555 4424 605 4478 baa
618 4423 794 4492 aaronem
806 4422 957 4492 mitterent
970 4424 1020 4479 bat
1033 4426 1088 4494 {bne
1113 4442 1174 4479 eam
1199 4425 1275 4478 redet
1302 4439 1404 4491 eorpus
1428 4438 1530 4485 ereum,
1560 4437 1591 4476 se
1615 4422 1746 4479 didicisse
1764 4424 1906 4494 professus
1929 4445 1949 4481 a

253 4511 389 4581 tutubige?
407 4511 435 4565 in
458 4509 524 4564 dial.
546 4509 581 4564 de
599 4507 748 4564 Christian.
767 4527 794 4580 p.
823 4515 868 4567 13:
888 4510 1018 4580 &bitunia
1036 4511 1086 4565 bai
1113 4511 1331 4579 viromanden,
1361 4508 1457 4576 quiin
1475 4508 1654 4562 oeaoneeibi
1672 4512 1849 4579 apparuerit,
1867 4529 1950 4582 quem

252 4599 347 4666 tubere
367 4596 460 4654 mittet
478 4598 574 4666 madet
592 4598 652 4665 norb
671 4596 758 4652 mittet
775 4596 841 4665 nitbt
859 4597 909 4651 tae
927 4596 1025 4665 iuncte,
1045 4596 1088 4651 ber
1113 4597 1200 4652 fnisse
1216 4596 1329 4651 Patrem
1352 4593 1499 4649 coelestem
1524 4594 1698 4652 existimavit.
1734 4596 1772 4650 Et
1790 4597 1859 4668 quid
1882 4599 1950 4653 mul-

252 4687 379 4754 &butten
396 4685 492 4752 madet
508 4683 575 4749 uicit
591 4683 642 4738 tae
662 4683 764 4751 ιιιιιιη,
784 4683 827 4738 ber
845 4682 983 4753 Subicio
1002 4682 1088 4737 utrm
1114 4683 1168 4738 tis?
1199 4680 1304 4737 fatetur
1332 4681 1391 4750 ipse
1417 4679 1605 4737 Carolstadins
1632 4683 1661 4737 iu
1689 4682 1807 4753 epistole
1830 4684 1952 4754 quadam

252 4771 319 4840 uicit
338 4770 385 4825 beu
404 4768 490 4838 Sciit,
510 4783 541 4823 se
578 4766 755 4822 Suencfeldio
777 4766 876 4821 affines
903 4772 969 4821 aunt
991 4766 1087 4822 Liber·
1113 4768 1151 4823 ad
1168 4766 1390 4822 Krautwaldium
1413 4771 1442 4819 et
1461 4765 1669 4823 Svenefeldinm
1688 4773 1801 4822 exarata
1816 4769 1951 4827 Kamber-

252 4856 318 4920 tini,
342 4856 378 4908 de
403 4854 505 4924 quibua
528 4852 695 4908 Calvinus'
688 4871 717 4907 1n
743 4852 869 4908 minuet„
894 4853 957 4910 adv.
983 4853 1087 4910 Libert.
1114 4869 1167 4924 gae
1194 4853 1220 4907 d.
1239 4859 1278 4908 17.
1308 4850 1378 4905 Maii
1402 4867 1446 4905 an
1474 4858 1547 4909 1528.
1572 4852 1647 4924 quod
1669 4852 1846 4917 Svenefeidii
1855 4857 1951 4924 fuers't

252 4947 328 5000 c.9.
349 4941 419 4994 Jam
436 4940 558 4993 meinana
583 4939 710 5038 (inquit),
729 4939 797 4992 iatoe
824 4940 906 4992 initio
933 4948 1030 5008 aperte
1047 4942 1087 4993 ri-
1113 4941 1213 4995 socius.
1250 4937 1349 4992 Exstat
1376 4944 1470 4994 autem
1496 4940 1566 4996 haec
1594 4938 1800 5008 epistolatum
1824 4947 1850 4998 t.
1874 4959 1949 5012 oper.

146 5073 149 5080 .
252 5031 320 5082 dere
339 5002 438 5081 rotam
454 5027 553 5096 fuiaee,
571 5026 599 5079 ei
615 5026 678 5096 quia
692 5024 857 5094 Scripturas
873 5024 1019 5095 aileparet,
1038 5044 1087 5079 nec
1113 5026 1196 5082 Luth
1227 5025 1291 5081 Jen.
1318 5023 1412 5082 Germ.
1438 5026 1456 5080 f.
1485 5032 1543 5081 375.
1569 5023 1726 5094 Cinglius
1718 5043 1747 5080 sn
1771 5026 1889 5084 confess.
1914 5027 1951 5082 ad

252 5113 455 5182 dissimulatae,
472 5112 540 5180 quin
555 5111 791 5209 eaaprosabube'e
809 5111 957 5179 baberent·
974 5096 1256 5168 interimiCarolum·
1283 5110 1410 5180 Spiritus
1428 5132 1484 5169 non
1501 5112 1608 5180 indipet
1632 5112 1737 5179 euripo
1753 5115 1797 5167 oei
1814 5115 1950 5169 orbiculo

251 5207 344 5252 tamen
370 5217 426 5254 non
452 5198 653 5252 desinebant
641 5197 678 5250 sia
703 5197 758 5266 uti,
784 5198 811 5250 ri
832 5197 895 5266 auia
912 5204 981 5251 eeset
1000 5198 1087 5262 laeua,
1113 5198 1216 5253 Idem'
1208 5216 1238 5251 m
1257 5197 1368 5270 exegesi
1385 5204 1457 5269 part.
1478 5204 1590 5266 boper.
1604 5212 1632 5265 p.
1652 5201 1714 5252 ³47:
1733 5200 1795 5255 Noe
1807 5209 1951 5270 putamur,

142 5330 144 5335 .
252 5302 332 5353 quem
356 5284 387 5338 in
413 5301 522 5337 aeneum
546 5301 626 5336 cuum
646 5291 776 5352 torquere
797 5290 919 5352 portent,
938 5300 994 5336 non
1012 5285 1091 5352 quod
1109 5287 1199 5355 fidem
1216 5301 1249 5339 en
1267 5286 1358 5339 uerbis
1375 5283 1490 5341 bauriri
1513 5299 1569 5335 noa
1585 5300 1683 5352 poree,
1711 5289 1763 5340 sed
1782 5288 1841 5356 fide
1864 5289 1951 5358 mapi-

252 5371 292 5424 eia
319 5371 485 5424 adhiberent
510 5371 609 5438 fidem,
634 5370 687 5421 aed
708 5376 815 5424 tantum
839 5377 868 5421 ut
890 5369 1090 5439 perturbarent
1115 5379 1186 5441 atra,
1205 5376 1490 5442 praeproperanter
1514 5365 1644 5437 inteltipi.
1665 5369 1695 5425 in
1717 5389 1791 5442 resp.
1814 5373 1851 5428 ad
1870 5392 1950 5428 serm.

251 5455 358 5510 idiotae
376 5457 519 5528 maurita
537 5463 725 5524 concuterent,
748 5465 779 5510 ut
797 5458 910 5511 tandem
930 5473 976 5512 eoa
1000 5458 1041 5510 od
1060 5473 1089 5510 re
1116 5458 1215 5515 Lethe
1241 5460 1330 5514 Fides
1353 5470 1528 5527 nepwqaom
1553 5470 1586 5508 ec
1609 5458 1699 5513 oerbia
1731 5461 1840 5513 desumi
1857 5469 1952 5529 potest

249 5551 364 5613 parcent
378 5544 500 5609 sumitur
524 5544 676 5600 admone.
715 5541 752 5597 Si
775 5543 839 5613 ptris
858 5544 938 5599 ιοοιω
955 5543 1026 5615 ipsiu
1044 5543 1090 5597 ob
1118 5561 1170 5600 reu
1191 5544 1322 5610 matra,
1349 5543 1402 5599 aed
1424 5538 1525 5593 doctor
1544 5539 1628 5610 huju
1645 5545 1727 5599 Deus
1750 5552 1797 5601 aa
1834 5546 1868 5599 In
1886 5546 1952 5602 sub·
