4020 6014
241 180 300 235 eto
812 169 935 227 Locus
952 167 1157 226 VIOESIMUS
1175 169 1354 233 QUARTUS

240 331 420 391 catmsemtut,
426 323 637 393 waucricriut.
659 324 694 378 Si
700 326 771 389 fides
779 325 925 394 violando,
934 322 1075 391 regnandi
1104 321 1191 392 legati
1209 326 1286 394 juste
1305 324 1450 381 dederunt.
1488 325 1549 378 Liv.
1577 324 1594 380 l.
1615 332 1638 380 3.
1657 323 1754 378 decad.
1772 329 1797 379 3.
1843 321 1940 375 Mucc-

239 427 327 463 caaau
347 409 485 462 uiolanda
505 417 552 476 cat,
573 409 734 479 inreliqnis
749 411 884 479 pictatem
897 411 982 477 colas,
1001 407 1075 461 dice·
1104 411 1208 462 donum
1235 419 1261 463 ct
1290 410 1552 479 Carthaginensium
1584 413 1691 479 beatos
1717 415 1814 478 utpote
1842 407 1941 462 foedus

241 495 290 550 bat
309 495 355 549 illc
370 496 444 563 apud
467 495 615 564 Senecam,
633 495 736 548 Darius
749 496 824 565 apud
837 495 1008 551 Herodotum
1028 493 1075 547 lib.
1104 503 1200 548 contra
1231 495 1370 551 Romanos
1398 497 1521 552 facturos
1552 501 1581 551 ct
1609 497 1661 551 hac
1689 496 1797 549 ratione
1830 493 1941 548 hostilis

242 586 266 636 3.
292 581 447 649 existimat,
473 598 591 649 magnae
612 581 797 650 publicaeque
826 581 958 635 utilitatis
981 581 1077 647 gretia
1104 580 1247 635 molientes
1266 597 1284 634 a
1304 581 1436 636 Romame
1458 588 1553 652 captos
1574 600 1633 636 csse
1651 586 1792 636 memorat.
1829 578 1941 648 Thucy·

241 666 326 719 licere
351 666 480 734 principi
506 667 683 719 ruendacium
712 668 815 722 dicere.
861 666 916 722 Sed
939 666 975 720 ab
1003 665 1183 776 omnipdidcs
1197 666 1245 719 lib.
1262 673 1285 722 l.
1305 667 1398 737 refert,
1416 668 1453 722 ab
1462 668 1679 723 Atheniensibus
1694 672 1790 736 captos
1811 669 1841 720 et
1859 665 1941 718 inter·

241 751 429 805 fraudulentia
458 756 486 803 ct
509 751 627 820 perfidia
656 752 784 823 princeps
810 752 959 806 abhorrere
986 751 1076 805 debet.
1104 749 1192 804 sectos
1213 767 1274 805 esse
1292 753 1401 821 apator
1412 755 1700 807 Lacedaemoniorum
1712 752 1799 804 ituros
1819 750 1855 804 ad
1877 749 1941 803 Per·

196 827 212 856 '
246 843 267 892 1.
283 835 370 890 Pacta
383 835 485 889 servari
501 837 628 904 cstjurrs
643 837 734 889 divini
750 838 944 892 tenueratis.
973 842 996 891 2.
1010 835 1078 890 Vin·
1105 852 1163 898 sas,
1194 844 1225 890 ut
1251 838 1355 894 auxilia
1379 847 1475 893 contra
1497 838 1682 893 Athenienses
1706 842 1840 906 peterent.
1887 835 1941 889 Sed

130 913 183 954 ΠΨ·
199 910 229 952 ¹⁷·
243 922 335 976 culum
355 921 492 976 humanae
510 921 651 976 societatis
668 940 703 975 ec
719 939 820 975 nervus
839 922 1021 990 imperiorum
1037 925 1079 975 est
1104 921 1219 991 aequius
1242 931 1285 977 est
1304 929 1332 977 et
1355 927 1486 994 majorem
1503 924 1620 994 principi
1641 923 1801 977 conciliabit
1813 920 1942 991 gratiam,

244 1007 322 1071 fides,
344 1025 395 1061 nec
412 1007 469 1060 ulla
487 1010 576 1078 major
590 1009 662 1062 inter
674 1009 804 1062 mortales
824 1008 975 1063 necessitas
996 1022 1079 1077 quam
1090 986 1093 1114 l
1106 1006 1128 1058 si
1147 1008 1254 1077 legatos
1273 1009 1423 1078 impunitos
1436 1009 1557 1064 dimittat
1570 1016 1598 1063 et
1616 1017 1713 1079 postca
1731 1008 1765 1062 de
1778 1008 1846 1077 ipsis
1867 1005 1941 1075 apud

244 1093 309 1148 fidei
328 1094 489 1156 servandac,
510 1110 567 1163 qua
584 1092 694 1147 sublata
707 1111 758 1147 nec
776 1093 891 1164 imperia
910 1109 1092 1163 permanere„
1106 1089 1230 1162 legantes
1250 1100 1441 1164 conqueratur.
1485 1094 1530 1148 Sic
1560 1094 1655 1147 Livius
1677 1093 1724 1149 lib.
1751 1100 1774 1147 2.
1793 1092 1891 1145 decad.
1921 1099 1940 1147 1.

245 1197 296 1234 nec
316 1178 467 1249 quidquam
489 1179 564 1232 aliud
577 1178 728 1234 subsistere
749 1186 847 1249 potest
879 1185 902 1234 3.
922 1177 1080 1234 Violatores
1106 1196 1132 1248 p.
1153 1184 1194 1233 29.
1216 1179 1251 1233 de
1267 1179 1481 1250 Tarquiniorum
1499 1180 1600 1251 legatis
1615 1180 1690 1243 dicit,
1709 1196 1870 1248 posquam
1888 1179 1944 1230 uisi

245 1264 386 1318 foederum
403 1281 436 1318 ac
455 1265 536 1319 datae
556 1264 622 1319 fidei
642 1264 763 1335 graviter
780 1281 798 1318 a
815 1264 876 1319 Deo
896 1271 961 1319 aunt
973 1264 1078 1332 pandi,
1106 1266 1364 1335 aaatcommiaisac,
1383 1267 1550 1320 athenium
1569 1267 1632 1320 loco
1656 1272 1760 1331 careat,
1785 1266 1833 1331 ias
1850 1272 1942 1316 comm

244 1350 273 1403 id
294 1350 368 1420 quod
395 1350 526 1419 exemplis
550 1349 665 1403 inferius
686 1352 895 1419 comprobatum
921 1349 1033 1404 dabitur
1050 1349 1078 1402 in
1104 1350 1227 1418 peritiam
1244 1352 1348 1415 adad,
1373 1360 1403 1404 ut
1422 1370 1483 1405 cuni
1503 1353 1678 1420 qucrimonia
1697 1355 1733 1403 ‹lc
1753 1353 1880 1420 ipsorum
1901 1351 1941 1402 iu·

244 1437 406 1505 quaestions
426 1436 461 1489 de
480 1433 536 1488 fide
553 1434 697 1489 haereticis
723 1436 868 1490 servande
909 1434 1077 1489 Monendum
1098 1436 1183 1503 juria
1211 1439 1252 1489 uri
1274 1454 1341 1490 suos
1365 1437 1577 1491 remitterentur.
1615 1436 1776 1491 Alexander
1793 1435 1941 1506 legationis

244 1528 350 1585 umen,
377 1520 451 1591 quod
468 1521 532 1589 jure
552 1537 570 1573 a
587 1520 699 1575 foedere
725 1521 838 1575 recedat
856 1521 891 1589 is,
917 1521 961 1574 cui
980 1520 1078 1574 foedus
1105 1538 1204 1576 nomen
1229 1529 1286 1576 tam
1309 1530 1435 1577 sanctum
1464 1524 1574 1587 habuit,
1606 1530 1638 1577 ut
1664 1521 1942 1593 Carthaginiensibus

245 1624 279 1662 ex
299 1607 394 1669 altera,
411 1611 491 1675 parte
519 1622 575 1660 non
593 1596 636 1659 est
654 1612 807 1674 servatam,
834 1606 882 1659 sed
901 1605 976 1676 prius
994 1606 1078 1659 viola·
1105 1607 1212 1677 legatis,
1232 1609 1279 1678 qui
1300 1610 1336 1663 ad
1356 1609 1456 1679 Tyrios
1475 1611 1503 1664 in
1522 1612 1613 1682 ipsum
1631 1610 1779 1664 armandos
1798 1614 1941 1674 venerant,

244 1698 312 1759 tum,
332 1692 377 1745 vel
392 1699 424 1745 ut
442 1691 597 1757 violaretur,
617 1696 711 1760 aperte
725 1697 868 1745 tentatum.
1105 1695 1265 1762 pepercerit,
1284 1694 1396 1749 Curtius
1415 1696 1464 1752 lib.
1481 1702 1505 1750 4.

130 1777 185 1820 ¹1V·
199 1777 231 1820 ¹⁸·
283 1784 338 1831 159.
375 1776 523 1840 Quaeritur
542 1783 563 1831 3.
600 1779 647 1829 Aa
670 1778 760 1844 legati
783 1794 892 1846 semper
916 1778 1015 1830 labari
1032 1780 1077 1830 ‹lc-

116 1837 186 1939 ssgffi
245 1865 326 1917 lcum
338 1863 537 1917 inviolabiles?
572 1861 697 1932 Principi
711 1862 807 1917 morito
824 1863 896 1917 sacri
906 1862 1078 1918 inviolabiles

118 1951 215 2031 2⁵33}ng
243 1949 299 2004 siat
323 1949 422 2020 legati,
455 1955 476 2003 t.
502 1947 569 2018 quia
595 1954 803 2018 repraesentant
831 1949 905 2017 illos,
934 1965 951 2002 a
976 1948 1078 2018 quibus

118 2043 185 2083 sires.
244 2035 406 2102 mittuntur,
435 2039 458 2088 2.
491 2034 558 2104 quia
585 2034 691 2105 absque
721 2035 876 2105 legatorum
904 2035 1079 2089 immunitate

244 2138 299 2175 non
327 2127 418 2189 potest
442 2125 568 2175 constare
594 2122 712 2175 societas
738 2123 809 2176 inter
838 2122 943 2176 vicinos
959 2122 1078 2191 populos
1372 2103 1596 2165 ΒΕΟΤῙΟ
1633 2102 1669 2162 V·

131 2208 185 2250 ¹1V·
201 2208 231 2250 ¹⁰·
244 2224 295 2261 uec
313 2211 435 2292 dgpace
453 2207 496 2260 vel
523 2206 682 2260 foederibus
706 2206 947 2274 consiliaminiri3
968 2212 991 2260 3.
1012 2205 1078 2276 quia
1105 2254 1361 2333 QUOMODO
1395 2256 1766 2323 MAGISTRATUS
1802 2256 1940 2322 ERGA

245 2293 320 2362 apud
339 2308 433 2346 omnes
452 2292 567 2362 populos
589 2293 675 2345 veluti
702 2293 840 2346 communi
861 2292 980 2362 quodam
999 2298 1077 2344 natu·

244 2393 291 2431 rae
307 2393 442 2431 consensu
464 2377 532 2430 illud
551 2384 650 2442 ratum,
672 2378 745 2448 quod
766 2377 851 2448 legati
871 2395 927 2432 non
945 2377 1000 2431 sint
1018 2377 1075 2430 vio·
1203 2357 1261 2423 SU
1272 2357 1461 2424 BDITOS
1485 2358 1507 2424 S
1519 2362 1544 2424 Ε
1554 2360 1612 2424 SE
1636 2360 1699 2426 GE
1710 2359 1844 2424 RERE

244 2462 334 2526 landi,
359 2462 456 2517 Cicero
474 2471 527 2516 act.
553 2468 577 2518 3.
608 2462 636 2515 iu
661 2461 792 2517 Verrem:
822 2464 1006 2531 Legaticnum
1024 2463 1077 2529 jus
1411 2461 1631 2527 ΒΕΒΕΑΤ,

245 2548 338 2601 divim
359 2548 534 2617 daemoneque
546 2548 684 2602 vullatmn
701 2557 741 2601 cst
751 2549 906 2617 praesidio,
926 2550 1007 2616 arias
1020 2556 1078 2601 tam

244 2643 369 2686 sanctum
397 2642 422 2686 ct
449 2634 607 2687 venerabile
634 2650 733 2688 nomen
762 2652 821 2688 essa
849 2635 941 2702 debet,
967 2643 997 2687 at
1022 2652 1077 2687 nou
1143 2633 1198 2683 160.
1234 2628 1414 2699 Magistratus
1427 2645 1495 2700 erga
1511 2630 1636 2685 subditos
1657 2628 1779 2683 officium
1795 2630 1941 2684 tratione
1953 2629 2006 2679 ΟΜ

245 2723 328 2772 modo
347 2720 424 2773 intra
450 2721 590 2774 sociorum
601 2721 691 2788 jura,
716 2722 767 2774 sed
791 2721 909 2775 hostium
929 2721 986 2774 tela
1003 2721 1077 2773 inco·
1104 2714 1206 2782 objeclt’
1223 2721 1348 2770 versatur
1368 2715 1411 2769 vel
1430 2716 1460 2767 t'u
1479 2716 1562 2768 rebus
1580 2716 1785 2783 ecclesiacticis,
1803 2715 1848 2769 vel
1863 2716 1939 2783 poll·
1953 2681 2006 2771 dixi

243 2806 317 2859 lume
336 2814 466 2858 versetur,
494 2805 570 2860 Etin
585 2804 631 2860 lib¹
651 2806 686 2860 de
698 2822 790 2876 arunp,
809 2823 893 2876 resp:
914 2806 963 2859 Sic
981 2806 1078 2872 gentio,
1104 2799 1184 2869 licia,
1205 2803 1231 2853 2.
1249 2802 1360 2854 ratione
1381 2803 1473 2870 effecti
1490 2806 1632 2871 spectatur
1649 2799 1678 2853 in
1689 2797 1822 2868 jratitinc
1848 2807 1877 2855 et
1889 2803 1940 2870 ju·
1954 2792 2006 2873 ἕξει

238 2893 297 2959 jus,
317 2892 472 2958 legatorum
504 2910 566 2944 cum
594 2893 735 2946 hominum
755 2891 903 2963 praesidio
932 2894 1075 2957 munitum,
1105 2886 1176 2937 dicii
1199 2885 1454 2955 administration03
1482 2890 1509 2942 3.
1528 2888 1638 2939 ratione
1660 2887 1791 2955 adjuncti
1806 2887 1940 2956 temporis
1954 2896 2006 2975 geg:

244 2985 302 3030 tam
322 2979 407 3029 etiarn
426 2978 521 3030 divino
534 2978 604 3045 jare
624 2994 681 3030 csse
697 2977 841 3031 uallatam.
876 2985 900 3033 4.
920 2978 992 3041 Quia
1008 2977 1077 3032 divi·
1104 2972 1148 3026 vel
1174 2974 1205 3025 in
1226 2991 1316 3043 price,
1344 2973 1387 3028 vel
1408 2974 1479 3026 bello
1499 2972 1703 3037 consideratur,
1731 2989 1786 3043 quo
1808 2979 1939 3043 respectu
1970 2949 1980 2974 ε

161 3115 164 3120 ,
245 3062 318 3115 nitus
344 3061 458 3131 punitur
491 3063 645 3132 legatorum
676 3062 797 3116 violatio.
840 3062 1016 3118 Ammoniace
1042 3063 1077 3116 ob
1103 3058 1234 3113 Aurelius
1253 3059 1350 3115 Victor
1361 3059 1483 3128 Trajano
1502 3057 1660 3127 imperatori
1678 3066 1797 3129 quatuor
1815 3058 1939 3129 insignes

244 3147 360 3201 violatos
393 3147 509 3202 Desidia
539 3147 646 3218 legatos
681 3147 754 3203 bello
784 3148 864 3218 petiti
895 3149 1079 3203 succumbunt
1105 3144 1219 3203 ,virtutes
1244 3144 1344 3209 tribub,
1369 3145 1545 3197 aurietitatcm
1571 3145 1662 3212 deam,
1684 3144 1884 3207 fortitudinem
1908 3146 1939 3197 in

245 3239 268 3288 2.
293 3233 366 3287 Sam.
393 3239 437 3298 10,
459 3252 484 3289 v.
516 3240 552 3288 14.
589 3232 699 3287 Helena
724 3232 875 3287 Russorum
900 3234 997 3305 regina
1015 3253 1077 3289 cum
1104 3231 1201 3298 armis,
1219 3231 1358 3296 iustitiam
1379 3238 1404 3283 et
1420 3230 1600 3298 paruarum
1612 3229 1767 3298 utrobique.
1798 3228 1854 3284 Sed
1867 3229 1938 3285 haec

243 3320 350 3391 legatos
374 3321 409 3374 ad
435 3338 465 3375 se
492 3321 588 3374 missos
615 3327 831 3388 concremasset,
848 3320 917 3390 'ipsa
935 3329 999 3390 post
1015 3339 1077 3377 con·
1104 3315 1224 3370 brevitas
1242 3313 1406 3383 explicatius
1425 3315 1605 3384 proponcnda
1629 3331 1662 3369 ac
1679 3313 1845 3369 diducenda.
1877 3315 1938 3369 Pri·
1953 3303 2006 3393 ffi‘

242 3406 328 3460 trario
347 3406 442 3459 mortis
460 3423 561 3477 genere
577 3407 696 3473 interiit,
721 3406 783 3475 ipsa
800 3406 873 3460 enirn
893 3424 953 3461 sese
970 3407 998 3461 in
1017 3426 1077 3478 pro
1103 3418 1177 3455 mum
1208 3400 1283 3471 quod
1312 3400 1490 3471 magisstfflluss
1522 3399 1641 3454 Subdifiss
1677 3399 1733 3454 ⁸¹1ss
1762 3400 1862 3465 debet,
1896 3409 1939 3455 ⁰⁸1
1953 3406 1971 3446 ¹·
1985 3416 2006 3444 ⁸¹

242 3491 343 3546 fundos
363 3509 498 3562 aquarum
517 3492 762 3563 gurgites-misere
779 3490 927 3559 immersit,
955 3493 1077 3546 Bodinus
1103 3506 1183 3541 aanor·
1209 3496 1235 3541 et
1265 3487 1470 3556 benevolentia,
1498 3503 1570 3557 quae
1597 3493 1640 3541 est
1663 3486 1875 3543 fundamentum
1905 3506 1938 3542 ac
1952 3467 2006 3547 iii.

242 3577 290 3633 lib.
318 3584 340 3632 5.
369 3577 404 3632 dc
431 3579 538 3648 republ.
563 3579 697 3648 capuit
732 3578 846 3647 laterim
870 3584 962 3633 tamen
989 3580 1076 3651 siqui
1103 3573 1177 3627 basis
1197 3573 1363 3646 reliquorum
1384 3573 1513 3636 omnium,
1534 3589 1606 3643 quae
1623 3589 1641 3626 a
1657 3574 1822 3642 magistratu
1843 3573 1937 3628 subdi·
1953 3560 2005 3599 ¹⁹⁸⁰

243 3660 348 3732 legatos
373 3680 433 3717 sese
453 3664 622 3717 mentiuntur
647 3679 680 3718 ac
704 3662 756 3716 sub
776 3664 867 3734 specie
886 3670 914 3719 et
932 3671 1076 3735 praetextu
1102 3660 1138 3714 tia
1157 3667 1341 3730 praestantur.
1373 3658 1484 3731 Cogitet
1503 3659 1632 3730 princeps
1642 3661 1737 3728 putris
1751 3659 1864 3713 titulum
1884 3659 1937 3713 sibi

243 3748 388 3818 legationis
406 3749 591 3819 exploratores
618 3749 875 3819 deprehenduntur,
899 3750 938 3804 illi
958 3751 1011 3807 hac
1027 3752 1075 3805 im·
1104 3747 1244 3817 a=Spiritu
1263 3754 1358 3801 sancto
1375 3747 1512 3817 assignari
1535 3753 1558 3802 Ι.
1579 3745 1652 3802 Sam.
1674 3749 1716 3810 24,
1735 3765 1761 3801 v.
1785 3751 1825 3802 12,
1846 3753 1937 3817 pater-

244 3833 379 3888 munitate
398 3852 573 3906 nequaquam
600 3836 732 3906 gaudent.
771 3835 888 3891 Addunt
908 3837 1033 3913 quidam,
1053 3840 1076 3893 si
1103 3852 1170 3888 num
1189 3833 1274 3904 igitur
1299 3850 1366 3904 erga
1383 3832 1510 3887 subditos
1530 3832 1651 3886 animum
1669 3832 1775 3886 induat.
1812 3831 1937 3902 Alphon·
1966 3868 1968 3873 ·

243 3919 329 3990 legati
357 3938 406 3975 suo
432 3919 523 3974 officio
547 3938 579 3975 ac
606 3939 723 3992 persona
747 3938 777 3975 se
800 3922 930 3994 indignos
950 3924 1077 3990 reddent,
1103 3935 1149 3974 sus
1169 3918 1288 3992 symboli
1306 3920 1367 3973 loco
1385 3918 1483 3975 habuit
1495 3919 1650 3989 pelicanum
1669 3923 1758 3972 rostro
1775 3933 1808 3971 cx
1827 3924 1938 3988 pectore

243 4011 309 4059 tunc
329 4005 364 4058 ad
387 4007 498 4060 meritas
522 4023 625 4076 poenas
658 4007 732 4078 ipsos
754 4023 836 4078 posse
861 4008 992 4078 pertrahi.
1030 4009 1076 4065 Sic
1104 4005 1265 4076 sanguinem
1293 4005 1447 4060 elicientem
1476 4010 1505 4060 ct
1537 4005 1629 4075 pullos
1657 4002 1843 4058 vivificantem
1875 4021 1937 4058 cum

243 4091 402 4145 Alexander
420 4091 537 4146 Macedo
556 4109 675 4163 proavus
688 4092 839 4148 Alexandri
854 4093 949 4165 Magni
969 4093 1076 4166 legatos
1104 4093 1293 4162 inscriptione:
1311 4093 1371 4144 Pro
1388 4092 1450 4159 teus
1471 4099 1496 4144 ct
1513 4110 1570 4160 pro
1590 4107 1681 4160 prope,
1701 4106 1756 4161 quo
1776 4090 1837 4160 ipso
1856 4107 1937 4144 suum

242 4176 369 4231 Persicos
396 4177 609 4247 intemperanter
638 4178 666 4232 iu
697 4179 822 4233 convivio
850 4197 879 4233 se
905 4187 1031 4251 gerentes
1049 4189 1078 4236 et
1103 4197 1170 4250 erga
1191 4177 1317 4234 subditos
1346 4194 1466 4232 amorem
1490 4176 1643 4247 exprimere
1676 4175 1770 4230 voluit.
1813 4175 1937 4230 Benevo-

243 4262 381 4334 virginum
408 4262 568 4333 pudicitiam
600 4269 769 4320 attentantes
795 4264 928 4319 trucidari
962 4268 1076 4336 curavit,
1103 4265 1188 4320 lentis
1205 4264 1301 4336 populi
1313 4281 1380 4335 erga
1391 4262 1542 4335 principem
1560 4270 1602 4318 cst
1613 4263 1780 4319 tutissimum
1793 4261 1868 4316 illius
1879 4277 1936 4316 mu-

244 4348 389 4419 Philippus
408 4348 456 4403 lib.
482 4356 505 4404 2.
530 4349 624 4404 chron.
648 4369 675 4421 p.
697 4357 736 4406 94.
772 4351 871 4422 Legati
894 4352 1012 4420 superbe
1030 4371 1076 4423 pe·
1102 4349 1536 4420 nimcntum,sicutEbcrhardus
1554 4349 1575 4403 1.
1596 4349 1652 4403 dux
1671 4347 1937 4419 Wiirtembergicus,

242 4435 352 4503 derant,
366 4435 472 4489 nobiles
492 4435 619 4489 mulieres
632 4436 660 4489 in
675 4436 830 4490 convivium
847 4436 950 4491 adduci
966 4443 994 4493 et
1005 4438 1077 4492 inter
1102 4454 1164 4491 cum
1184 4438 1254 4491 alius
1274 4437 1401 4506 princeps
1415 4436 1450 4490 de
1468 4435 1525 4489 vini
1541 4435 1719 4505 copiaalius
1733 4435 1767 4489 de
1786 4434 1813 4489 vi
1828 4435 1937 4506 argenti

242 4522 372 4599 convivas
399 4520 545 4588 collocari,
574 4521 684 4591 jamque
712 4520 780 4575 ebrii
811 4527 839 4576 et
866 4521 944 4577 basia
972 4522 1077 4578 dabant
1102 4523 1221 4578 maxima
1238 4521 1419 4594 gloriaretur,
1447 4521 1559 4575 beatam
1579 4536 1609 4574 sc
1627 4520 1680 4575 hoc
1697 4520 1808 4575 nominc
1827 4520 1936 4590 praedi·

241 4607 363 4662 honestis
382 4606 554 4675 mulieribus,
573 4613 600 4662 et
629 4607 704 4660 sinus
724 4607 918 4663 attrectabant.
953 4610 996 4664 Ea
1013 4627 1075 4665 cum
1102 4610 1198 4678 cubat,
1228 4611 1305 4677 qaod
1326 4615 1400 4661 tutas
1427 4608 1457 4660 iu
1481 4607 1588 4675 prernio
1612 4606 1735 4676 cujusvis
1759 4606 1936 4660 subditorum

242 4708 325 4762 aegre
348 4693 450 4747 ferrent
478 4694 616 4762 Amyntas
644 4699 724 4762 pater
752 4699 780 4747 et
805 4691 880 4747 filius
906 4694 1074 4763 Alexander,
1101 4713 1215 4749 moram
1246 4694 1369 4748 dormire
1393 4693 1494 4764 possit.
1539 4691 1760 4762 Incapupnulitc
1785 4693 1937 4745 aranman—

242 4777 315 4832 filius
334 4778 459 4834 hortatur
477 4783 594 4849 patrem,
612 4785 643 4831 ut
661 4772 834 4833 ex'couvivio
847 4779 971 4834 cubitum
990 4782 1075 4836 disce·
1102 4790 1158 4835 tam
1182 4799 1263 4834 umor·
1285 4779 1393 4834 ciuium.
1436 4777 1491 4833 Sed
1516 4771 1589 4832 hanc
1616 4777 1789 4833 subditorum
1817 4777 1935 4833 benevo

242 4863 296 4920 dat.
334 4863 374 4918 Eo
394 4865 518 4935 digresso
542 4863 711 4918 hilaritatem
740 4863 854 4918 simulat
871 4865 1029 4921 Alexander
1048 4875 1077 4922 et
1101 4867 1215 4921 lentiam
1238 4865 1415 4935 magistratus
1438 4880 1493 4918 non
1516 4870 1609 4934 potest
1636 4864 1693 4918 alia
1720 4864 1827 4918 ratione
1853 4880 1937 4936 quam

241 4951 312 5020 petit
336 4951 451 5006 concedi
478 4950 655 5013 mulieribus,
682 4956 713 5003 ut
734 4949 934 5020 aliquantisper
952 4959 1075 5024 surgant,
1101 4968 1193 5007 amore
1220 4956 1248 5005 et
1274 4949 1470 5005 benevolentia
1497 4968 1565 5020 erga
1591 4950 1666 5020 ipsos
1693 4950 1770 5020 prins
1801 4951 1938 5020 praestita
1988 5014 1993 5023 =

242 5052 305 5089 mox
323 5035 468 5106 pollicetur
486 5035 639 5099 redituras,
656 5034 739 5105 jubet
757 5035 858 5091 deinde
876 5036 992 5092 totidem
1009 5038 1075 5091 ado·
1101 5037 1233 5093 obtinere.
1281 5037 1315 5090 Ut
1335 5038 1453 5100 umeris,
1477 5038 1610 5091 amatu
1631 5046 1698 5093 cato.
1741 5033 1840 5106 Dalipi
1855 5037 1935 5106 prin·

241 5121 376 5175 lescentes
402 5119 510 5175 nobiles
538 5120 652 5176 inducre
683 5139 777 5176 earum
801 5127 891 5175 vestes
914 5127 943 5176 ct
967 5123 1076 5193 gladios
1102 5141 1176 5192 ceps,
1194 5123 1251 5175 nisi
1269 5123 1329 5191 ipsc
1347 5124 1460 5191 diligat,
1478 5141 1534 5177 acra
1551 5130 1651 5191 protest,
1672 5122 1763 5193 inquit
1782 5123 1889 5177 Plinius
1908 5122 1937 5176 in

241 5208 293 5261 sub
322 5206 445 5260 iratribus
473 5204 583 5260 abditos
615 5222 722 5260 sumere
747 5224 793 5272 ac,
819 5223 882 5259 cum
907 5206 1009 5261 Persae
1029 5225 1076 5263 eos
1101 5226 1201 5280 paneg.
1212 5209 1326 5278 Trajan.
1346 5208 1458 5280 Cogitet
1473 5209 1610 5279 princeps,
1628 5210 1754 5263 subditos
1770 5208 1847 5263 velut
1858 5225 1936 5278 prae

241 5299 432 5358 attrectarent,
460 5293 534 5362 ipsos
557 5293 714 5349 confodere.
752 5293 829 5347 Ilaec
854 5292 894 5346 ita
917 5292 1076 5348 factasunt
1101 5295 1205 5350 clarum
1232 5296 1357 5366 aliquast
1376 5296 1532 5365 depositam
1552 5313 1569 5349 a
1593 5295 1653 5350 Deo
1679 5295 1730 5348 sibi
1756 5295 1890 5349 traditum
1909 5301 1938 5349 et

240 5378 340 5448 (inquit
357 5377 515 5448 Philippus)
535 5384 563 5432 ct
580 5378 710 5433 lasciviae
726 5396 759 5433 ac
778 5376 951 5451 petulantiae
969 5395 1073 5449 poenas
1086 5369 1088 5450 l
1101 5382 1288 5436 concreditum
1320 5398 1393 5450 esse,
1421 5396 1512 5435 amore
1532 5380 1617 5450 igitur
1646 5381 1706 5434 illos
1735 5383 1937 5452 complectatur

1436 1921 1624 1929 w

1956 2099 2002 2142 m.
