<?xml version="1.0" encoding="UTF-8"?>
<!DOCTYPE html PUBLIC "-//W3C//DTD XHTML 1.0 Transitional//EN"
    "http://www.w3.org/TR/xhtml1/DTD/xhtml1-transitional.dtd">
<html xmlns="http://www.w3.org/1999/xhtml" xml:lang="en" lang="en">
 <head>
  <title>
</title>
<meta http-equiv="Content-Type" content="text/html;charset=utf-8" />
  <meta name='ocr-system' content='tesseract 3.04.00' />
  <meta name='ocr-capabilities' content='ocr_page ocr_carea ocr_par ocr_line ocrx_word'/>
</head>
<body>
  <div class='ocr_page' id='page_1' title='image "./locitheologicic01gerhgoog/locitheologicic01gerhgoog_0079.png"; bbox 0 0 4020 6014; ppageno 0'>
   <div class='ocr_carea' id='block_1_1' title="bbox 208 149 1321 229">
    <p class='ocr_par' dir='ltr' id='par_1_1' title="bbox 208 149 1321 229">
     <span class='ocr_line' id='line_1_1' title="bbox 208 149 1321 229; baseline 0 -12"><span class='ocrx_word' id='word_1_1' title='bbox 208 168 249 229; x_wconf 84' lang='lat'><strong>70</strong></span> <span class='ocrx_word' id='word_1_2' title='bbox 791 154 916 216; x_wconf 75' lang='lat' dir='ltr'><strong>Locus</strong></span> <span class='ocrx_word' id='word_1_3' title='bbox 933 149 1140 218; x_wconf 55' lang='lat' dir='ltr'><strong>acuamus</strong></span> <span class='ocrx_word' id='word_1_4' title='bbox 1156 158 1321 219; x_wconf 75' lang='lat' dir='ltr'><strong>resume</strong></span> 
     </span>
    </p>
   </div>
   <div class='ocr_carea' id='block_1_2' title="bbox 80 296 2002 5496">
    <p class='ocr_par' dir='ltr' id='par_1_2' title="bbox 80 296 2002 5496">
     <span class='ocr_line' id='line_1_2' title="bbox 211 296 1913 388; baseline 0.001 -16"><span class='ocrx_word' id='word_1_5' title='bbox 211 317 330 372; x_wconf 78' lang='lat' dir='ltr'><strong>manime</strong></span> <span class='ocrx_word' id='word_1_6' title='bbox 355 315 431 385; x_wconf 81' lang='lat' dir='ltr'><strong>repis</strong></span> <span class='ocrx_word' id='word_1_7' title='bbox 455 316 563 368; x_wconf 86' lang='lat' dir='ltr'><strong>intersit</strong></span> <span class='ocrx_word' id='word_1_8' title='bbox 587 331 668 370; x_wconf 89' lang='lat' dir='ltr'><strong>nasse</strong></span> <span class='ocrx_word' id='word_1_9' title='bbox 685 333 719 369; x_wconf 90' lang='lat' dir='ltr'><strong>ac</strong></span> <span class='ocrx_word' id='word_1_10' title='bbox 738 315 874 384; x_wconf 79' lang='lat' dir='ltr'><strong>dslipere,</strong></span> <span class='ocrx_word' id='word_1_11' title='bbox 893 315 944 384; x_wconf 79' lang='lat' dir='ltr'><strong>qui</strong></span> <span class='ocrx_word' id='word_1_12' title='bbox 961 311 1046 367; x_wconf 85' lang='lat' dir='ltr'><strong>eccle·</strong></span> <span class='ocrx_word' id='word_1_13' title='bbox 1074 296 1188 370; x_wconf 79' lang='lat' dir='ltr'><strong>cessus:</strong></span> <span class='ocrx_word' id='word_1_14' title='bbox 1210 322 1231 371; x_wconf 92' lang='lat' dir='ltr'><strong>l.</strong></span> <span class='ocrx_word' id='word_1_15' title='bbox 1253 315 1368 371; x_wconf 84' lang='lat' dir='ltr'><strong>Pastore</strong></span> <span class='ocrx_word' id='word_1_16' title='bbox 1386 315 1506 386; x_wconf 88' lang='lat' dir='ltr'><strong>quodam</strong></span> <span class='ocrx_word' id='word_1_17' title='bbox 1523 315 1667 371; x_wconf 89' lang='lat' dir='ltr'><strong>demortuo</strong></span> <span class='ocrx_word' id='word_1_18' title='bbox 1680 316 1913 388; x_wconf 73' lang='lat' dir='ltr'><strong>superintendens</strong></span> 
     </span>
     <span class='ocr_line' id='line_1_3' title="bbox 212 396 1912 471; baseline 0.001 -13"><span class='ocrx_word' id='word_1_19' title='bbox 212 404 272 458; x_wconf 84' lang='lat' dir='ltr'><strong>sias</strong></span> <span class='ocrx_word' id='word_1_20' title='bbox 303 405 381 456; x_wconf 86' lang='lat' dir='ltr'><strong>intra</strong></span> <span class='ocrx_word' id='word_1_21' title='bbox 410 421 490 456; x_wconf 84' lang='lat' dir='ltr'><strong>suam</strong></span> <span class='ocrx_word' id='word_1_22' title='bbox 516 396 695 471; x_wconf 73' lang='lat' dir='ltr'><strong>prouinciam</strong></span> <span class='ocrx_word' id='word_1_23' title='bbox 724 403 782 454; x_wconf 86' lang='lat' dir='ltr'><strong>sint</strong></span> <span class='ocrx_word' id='word_1_24' title='bbox 811 398 1045 454; x_wconf 71' lang='lat' dir='ltr'><strong>administraturi.</strong></span> <span class='ocrx_word' id='word_1_25' title='bbox 1071 400 1144 456; x_wconf 89' lang='lat' dir='ltr'><strong>iliius</strong></span> <span class='ocrx_word' id='word_1_26' title='bbox 1157 402 1312 458; x_wconf 88' lang='lat' dir='ltr'><strong>dioeceseos</strong></span> <span class='ocrx_word' id='word_1_27' title='bbox 1329 419 1387 458; x_wconf 89' lang='lat' dir='ltr'><strong>rem</strong></span> <span class='ocrx_word' id='word_1_28' title='bbox 1401 402 1509 458; x_wconf 85' lang='lat' dir='ltr'><strong>deferat</strong></span> <span class='ocrx_word' id='word_1_29' title='bbox 1528 403 1564 458; x_wconf 89' lang='lat' dir='ltr'><strong>ad</strong></span> <span class='ocrx_word' id='word_1_30' title='bbox 1581 403 1783 461; x_wconf 76' lang='lat' dir='ltr'><strong>consistorium.</strong></span> <span class='ocrx_word' id='word_1_31' title='bbox 1806 411 1830 460; x_wconf 81' lang='lat'><strong>2.</strong></span> <span class='ocrx_word' id='word_1_32' title='bbox 1843 404 1912 459; x_wconf 87' lang='lat' dir='ltr'><strong>Nul-</strong></span> 
     </span>
     <span class='ocr_line' id='line_1_4' title="bbox 211 483 1912 563; baseline -0.001 -15"><span class='ocrx_word' id='word_1_33' title='bbox 211 490 289 545; x_wconf 87' lang='lat' dir='ltr'><strong>Idem</strong></span> <span class='ocrx_word' id='word_1_34' title='bbox 312 489 456 548; x_wconf 82' lang='lat' dir='ltr'><strong>confirmat</strong></span> <span class='ocrx_word' id='word_1_35' title='bbox 482 489 673 543; x_wconf 83' lang='lat' dir='ltr'><strong>Chassanaeus</strong></span> <span class='ocrx_word' id='word_1_36' title='bbox 696 488 724 542; x_wconf 89' lang='lat' dir='ltr'><strong>in</strong></span> <span class='ocrx_word' id='word_1_37' title='bbox 750 488 831 543; x_wconf 84' lang='lat' dir='ltr'><strong>catal.</strong></span> <span class='ocrx_word' id='word_1_38' title='bbox 856 486 926 559; x_wconf 85' lang='lat' dir='ltr'><strong>glor.</strong></span> <span class='ocrx_word' id='word_1_39' title='bbox 951 483 1045 540; x_wconf 91' lang='lat' dir='ltr'><strong>mundi</strong></span> <span class='ocrx_word' id='word_1_40' title='bbox 1073 487 1116 542; x_wconf 90' lang='lat' dir='ltr'><strong>lus</strong></span> <span class='ocrx_word' id='word_1_41' title='bbox 1141 490 1351 544; x_wconf 87' lang='lat' dir='ltr'><strong>candidatorum</strong></span> <span class='ocrx_word' id='word_1_42' title='bbox 1379 489 1535 554; x_wconf 86' lang='lat' dir='ltr'><strong>ministerii,</strong></span> <span class='ocrx_word' id='word_1_43' title='bbox 1567 491 1614 561; x_wconf 88' lang='lat' dir='ltr'><strong>qui</strong></span> <span class='ocrx_word' id='word_1_44' title='bbox 1642 491 1776 547; x_wconf 88' lang='lat' dir='ltr'><strong>ecclesiae</strong></span> <span class='ocrx_word' id='word_1_45' title='bbox 1798 508 1912 563; x_wconf 83' lang='lat' dir='ltr'><strong>operam</strong></span> 
     </span>
     <span class='ocr_line' id='line_1_5' title="bbox 209 571 1911 648; baseline 0.001 -17"><span class='ocrx_word' id='word_1_46' title='bbox 209 583 280 647; x_wconf 87' lang='lat' dir='ltr'><strong>part.</strong></span> <span class='ocrx_word' id='word_1_47' title='bbox 299 582 321 630; x_wconf 84' lang='lat'><strong>5.</strong></span> <span class='ocrx_word' id='word_1_48' title='bbox 340 574 444 629; x_wconf 88' lang='lat' dir='ltr'><strong>consid.</strong></span> <span class='ocrx_word' id='word_1_49' title='bbox 466 581 507 631; x_wconf 76' lang='lat'><strong>24.</strong></span> <span class='ocrx_word' id='word_1_50' title='bbox 527 593 601 630; x_wconf 88' lang='lat' dir='ltr'><strong>uum.</strong></span> <span class='ocrx_word' id='word_1_51' title='bbox 623 581 681 630; x_wconf 78' lang='grc'><strong>294.</strong></span> <span class='ocrx_word' id='word_1_52' title='bbox 710 574 747 628; x_wconf 86' lang='lat' dir='ltr'><strong>Et</strong></span> <span class='ocrx_word' id='word_1_53' title='bbox 766 573 835 645; x_wconf 91' lang='lat' dir='ltr'><strong>quid</strong></span> <span class='ocrx_word' id='word_1_54' title='bbox 853 573 965 627; x_wconf 81' lang='lat' dir='ltr'><strong>multis?</strong></span> <span class='ocrx_word' id='word_1_55' title='bbox 982 571 1045 626; x_wconf 90' lang='lat' dir='ltr'><strong>Bel·</strong></span> <span class='ocrx_word' id='word_1_56' title='bbox 1073 592 1151 628; x_wconf 89' lang='lat' dir='ltr'><strong>suam</strong></span> <span class='ocrx_word' id='word_1_57' title='bbox 1164 576 1300 644; x_wconf 77' lang='lat' dir='ltr'><strong>deferunt,</strong></span> <span class='ocrx_word' id='word_1_58' title='bbox 1319 583 1422 632; x_wconf 88' lang='lat' dir='ltr'><strong>certum</strong></span> <span class='ocrx_word' id='word_1_59' title='bbox 1436 575 1489 630; x_wconf 91' lang='lat' dir='ltr'><strong>sibi</strong></span> <span class='ocrx_word' id='word_1_60' title='bbox 1502 577 1588 648; x_wconf 86' lang='lat' dir='ltr'><strong>eligat</strong></span> <span class='ocrx_word' id='word_1_61' title='bbox 1606 577 1650 632; x_wconf 88' lang='lat' dir='ltr'><strong>vel</strong></span> <span class='ocrx_word' id='word_1_62' title='bbox 1670 577 1793 633; x_wconf 89' lang='lat' dir='ltr'><strong>nominet</strong></span> <span class='ocrx_word' id='word_1_63' title='bbox 1810 577 1911 645; x_wconf 88' lang='lat' dir='ltr'><strong>locum,</strong></span> 
     </span>
     <span class='ocr_line' id='line_1_6' title="bbox 210 655 1911 736; baseline 0.002 -22"><span class='ocrx_word' id='word_1_64' title='bbox 210 660 344 715; x_wconf 81' lang='lat' dir='ltr'><strong>larmirus</strong></span> <span class='ocrx_word' id='word_1_65' title='bbox 365 661 425 730; x_wconf 90' lang='lat' dir='ltr'><strong>ipse</strong></span> <span class='ocrx_word' id='word_1_66' title='bbox 445 661 549 716; x_wconf 84' lang='lat' dir='ltr'><strong>fatetur</strong></span> <span class='ocrx_word' id='word_1_67' title='bbox 575 661 623 717; x_wconf 92' lang='lat' dir='ltr'><strong>lib.</strong></span> <span class='ocrx_word' id='word_1_68' title='bbox 646 668 670 718; x_wconf 81' lang='lat'><strong>4.</strong></span> <span class='ocrx_word' id='word_1_69' title='bbox 691 661 726 715; x_wconf 90' lang='lat' dir='ltr'><strong>de</strong></span> <span class='ocrx_word' id='word_1_70' title='bbox 740 661 836 716; x_wconf 88' lang='lat' dir='ltr'><strong>eccles.</strong></span> <span class='ocrx_word' id='word_1_71' title='bbox 856 676 881 714; x_wconf 85' lang='lat' dir='ltr'><strong>c.</strong></span> <span class='ocrx_word' id='word_1_72' title='bbox 904 664 927 714; x_wconf 85' lang='grc'><strong>8.</strong></span> <span class='ocrx_word' id='word_1_73' title='bbox 946 655 974 730; x_wconf 68' lang='grc' dir='ltr'><strong>ξ.</strong></span> <span class='ocrx_word' id='word_1_74' title='bbox 991 656 1045 711; x_wconf 88' lang='lat' dir='ltr'><strong>Re·</strong></span> <span class='ocrx_word' id='word_1_75' title='bbox 1071 663 1120 716; x_wconf 89' lang='lat' dir='ltr'><strong>scd</strong></span> <span class='ocrx_word' id='word_1_76' title='bbox 1141 663 1278 733; x_wconf 87' lang='lat' dir='ltr'><strong>judicium</strong></span> <span class='ocrx_word' id='word_1_77' title='bbox 1305 662 1467 718; x_wconf 88' lang='lat' dir='ltr'><strong>consistorio</strong></span> <span class='ocrx_word' id='word_1_78' title='bbox 1491 664 1641 734; x_wconf 88' lang='lat' dir='ltr'><strong>permittat.</strong></span> <span class='ocrx_word' id='word_1_79' title='bbox 1687 669 1710 719; x_wconf 84' lang='lat'><strong>3.</strong></span> <span class='ocrx_word' id='word_1_80' title='bbox 1730 663 1840 727; x_wconf 82' lang='lat' dir='ltr'><strong>Quibus</strong></span> <span class='ocrx_word' id='word_1_81' title='bbox 1862 667 1911 736; x_wconf 89' lang='lat' dir='ltr'><strong>jus</strong></span> 
     </span>
     <span class='ocr_line' id='line_1_7' title="bbox 210 742 1910 821; baseline 0.002 -21"><span class='ocrx_word' id='word_1_82' title='bbox 210 748 328 817; x_wconf 91' lang='lat' dir='ltr'><strong>spondet</strong></span> <span class='ocrx_word' id='word_1_83' title='bbox 354 747 493 817; x_wconf 89' lang='lat' dir='ltr'><strong>Brentius‚</strong></span> <span class='ocrx_word' id='word_1_84' title='bbox 523 748 679 801; x_wconf 79' lang='lat' dir='ltr'><strong>electionem</strong></span> <span class='ocrx_word' id='word_1_85' title='bbox 698 747 825 816; x_wconf 74' lang='lat' dir='ltr'><strong>episcopi</strong></span> <span class='ocrx_word' id='word_1_86' title='bbox 850 746 930 799; x_wconf 82' lang='lat' dir='ltr'><strong>carie</strong></span> <span class='ocrx_word' id='word_1_87' title='bbox 954 742 1044 795; x_wconf 83' lang='lat' dir='ltr'><strong>variis</strong></span> <span class='ocrx_word' id='word_1_88' title='bbox 1071 752 1233 817; x_wconf 88' lang='lat' dir='ltr'><strong>patronatus</strong></span> <span class='ocrx_word' id='word_1_89' title='bbox 1252 748 1297 803; x_wconf 90' lang='lat' dir='ltr'><strong>vel</strong></span> <span class='ocrx_word' id='word_1_90' title='bbox 1314 748 1468 803; x_wconf 89' lang='lat' dir='ltr'><strong>collationis</strong></span> <span class='ocrx_word' id='word_1_91' title='bbox 1486 750 1633 819; x_wconf 89' lang='lat' dir='ltr'><strong>competit,</strong></span> <span class='ocrx_word' id='word_1_92' title='bbox 1653 748 1707 803; x_wconf 91' lang='lat' dir='ltr'><strong>illis</strong></span> <span class='ocrx_word' id='word_1_93' title='bbox 1725 755 1849 821; x_wconf 87' lang='lat' dir='ltr'><strong>potestas</strong></span> <span class='ocrx_word' id='word_1_94' title='bbox 1869 767 1910 805; x_wconf 91' lang='lat' dir='ltr'><strong>re·</strong></span> 
     </span>
     <span class='ocr_line' id='line_1_8' title="bbox 209 832 1911 905; baseline 0.001 -16"><span class='ocrx_word' id='word_1_95' title='bbox 209 835 379 903; x_wconf 84' lang='lat' dir='ltr'><strong>temporibus</strong></span> <span class='ocrx_word' id='word_1_96' title='bbox 405 836 498 898; x_wconf 83' lang='lat' dir='ltr'><strong>fuisse</strong></span> <span class='ocrx_word' id='word_1_97' title='bbox 522 835 691 887; x_wconf 77' lang='lat' dir='ltr'><strong>celebratam</strong></span> <span class='ocrx_word' id='word_1_98' title='bbox 723 840 749 886; x_wconf 86' lang='lat' dir='ltr'><strong>et</strong></span> <span class='ocrx_word' id='word_1_99' title='bbox 773 832 931 901; x_wconf 79' lang='lat' dir='ltr'><strong>aliquanda</strong></span> <span class='ocrx_word' id='word_1_100' title='bbox 952 846 1044 899; x_wconf 85' lang='lat' dir='ltr'><strong>popu·</strong></span> <span class='ocrx_word' id='word_1_101' title='bbox 1072 834 1207 905; x_wconf 87' lang='lat' dir='ltr'><strong>linquitur</strong></span> <span class='ocrx_word' id='word_1_102' title='bbox 1224 834 1338 889; x_wconf 89' lang='lat' dir='ltr'><strong>idoneas</strong></span> <span class='ocrx_word' id='word_1_103' title='bbox 1357 851 1488 903; x_wconf 88' lang='lat' dir='ltr'><strong>personas</strong></span> <span class='ocrx_word' id='word_1_104' title='bbox 1509 835 1668 890; x_wconf 91' lang='lat' dir='ltr'><strong>nominandi</strong></span> <span class='ocrx_word' id='word_1_105' title='bbox 1693 841 1722 891; x_wconf 91' lang='lat' dir='ltr'><strong>et</strong></span> <span class='ocrx_word' id='word_1_106' title='bbox 1746 836 1911 892; x_wconf 86' lang='lat' dir='ltr'><strong>consistorio</strong></span> 
     </span>
     <span class='ocr_line' id='line_1_9' title="bbox 211 915 1911 991; baseline 0.003 -18"><span class='ocrx_word' id='word_1_107' title='bbox 211 921 267 975; x_wconf 88' lang='lat' dir='ltr'><strong>lum</strong></span> <span class='ocrx_word' id='word_1_108' title='bbox 286 923 369 975; x_wconf 86' lang='lat' dir='ltr'><strong>simul</strong></span> <span class='ocrx_word' id='word_1_109' title='bbox 390 939 451 975; x_wconf 88' lang='lat' dir='ltr'><strong>eum</strong></span> <span class='ocrx_word' id='word_1_110' title='bbox 470 922 545 975; x_wconf 88' lang='lat' dir='ltr'><strong>clero</strong></span> <span class='ocrx_word' id='word_1_111' title='bbox 566 923 725 991; x_wconf 86' lang='lat' dir='ltr'><strong>episcopum</strong></span> <span class='ocrx_word' id='word_1_112' title='bbox 744 920 872 986; x_wconf 78' lang='lat' dir='ltr'><strong>elepisse,</strong></span> <span class='ocrx_word' id='word_1_113' title='bbox 891 933 924 970; x_wconf 92' lang='lat' dir='ltr'><strong>ac</strong></span> <span class='ocrx_word' id='word_1_114' title='bbox 943 915 990 971; x_wconf 92' lang='lat' dir='ltr'><strong>lib.</strong></span> <span class='ocrx_word' id='word_1_115' title='bbox 1011 915 1045 969; x_wconf 88' lang='lat' dir='ltr'><strong>de</strong></span> <span class='ocrx_word' id='word_1_116' title='bbox 1072 921 1107 974; x_wconf 88' lang='lat' dir='ltr'><strong>ad</strong></span> <span class='ocrx_word' id='word_1_117' title='bbox 1139 938 1253 976; x_wconf 89' lang='lat' dir='ltr'><strong>examen</strong></span> <span class='ocrx_word' id='word_1_118' title='bbox 1282 922 1488 991; x_wconf 87' lang='lat' dir='ltr'><strong>praesentandi.</strong></span> <span class='ocrx_word' id='word_1_119' title='bbox 1535 930 1559 978; x_wconf 80' lang='lat'><strong>4.</strong></span> <span class='ocrx_word' id='word_1_120' title='bbox 1589 922 1726 977; x_wconf 87' lang='lat' dir='ltr'><strong>Personas</strong></span> <span class='ocrx_word' id='word_1_121' title='bbox 1753 925 1911 979; x_wconf 86' lang='lat' dir='ltr'><strong>nominatas</strong></span> 
     </span>
     <span class='ocr_line' id='line_1_10' title="bbox 210 1003 1912 1078; baseline 0.001 -15"><span class='ocrx_word' id='word_1_122' title='bbox 210 1007 316 1063; x_wconf 82' lang='lat' dir='ltr'><strong>clericis</strong></span> <span class='ocrx_word' id='word_1_123' title='bbox 328 1026 350 1062; x_wconf 93' lang='lat' dir='ltr'><strong>c.</strong></span> <span class='ocrx_word' id='word_1_124' title='bbox 371 1014 393 1061; x_wconf 81' lang='lat' dir='ltr'><strong>t.</strong></span> <span class='ocrx_word' id='word_1_125' title='bbox 405 1025 479 1078; x_wconf 88' lang='lat' dir='ltr'><strong>resp.</strong></span> <span class='ocrx_word' id='word_1_126' title='bbox 500 1008 536 1061; x_wconf 88' lang='lat' dir='ltr'><strong>ad</strong></span> <span class='ocrx_word' id='word_1_127' title='bbox 556 1016 579 1063; x_wconf 76' lang='lat'><strong>9.</strong></span> <span class='ocrx_word' id='word_1_128' title='bbox 598 1024 704 1077; x_wconf 85' lang='lat' dir='ltr'><strong>argum.</strong></span> <span class='ocrx_word' id='word_1_129' title='bbox 723 1024 751 1059; x_wconf 90' lang='lat' dir='ltr'><strong>se</strong></span> <span class='ocrx_word' id='word_1_130' title='bbox 769 1022 825 1058; x_wconf 88' lang='lat' dir='ltr'><strong>non</strong></span> <span class='ocrx_word' id='word_1_131' title='bbox 844 1020 956 1071; x_wconf 72' lang='lat' dir='ltr'><strong>negare,</strong></span> <span class='ocrx_word' id='word_1_132' title='bbox 977 1003 1044 1071; x_wconf 80' lang='lat' dir='ltr'><strong>quin</strong></span> <span class='ocrx_word' id='word_1_133' title='bbox 1072 1007 1265 1063; x_wconf 83' lang='lat' dir='ltr'><strong>consistorium</strong></span> <span class='ocrx_word' id='word_1_134' title='bbox 1285 1007 1435 1062; x_wconf 87' lang='lat' dir='ltr'><strong>examinari</strong></span> <span class='ocrx_word' id='word_1_135' title='bbox 1454 1014 1541 1073; x_wconf 87' lang='lat' dir='ltr'><strong>curet,</strong></span> <span class='ocrx_word' id='word_1_136' title='bbox 1564 1025 1599 1063; x_wconf 90' lang='lat' dir='ltr'><strong>an</strong></span> <span class='ocrx_word' id='word_1_137' title='bbox 1612 1010 1668 1063; x_wconf 92' lang='lat' dir='ltr'><strong>sint</strong></span> <span class='ocrx_word' id='word_1_138' title='bbox 1686 1009 1715 1064; x_wconf 94' lang='lat' dir='ltr'><strong>in</strong></span> <span class='ocrx_word' id='word_1_139' title='bbox 1732 1009 1787 1066; x_wconf 87' lang='lat' dir='ltr'><strong>fide</strong></span> <span class='ocrx_word' id='word_1_140' title='bbox 1801 1010 1912 1078; x_wconf 84' lang='lat' dir='ltr'><strong>sinceri,</strong></span> 
     </span>
     <span class='ocr_line' id='line_1_11' title="bbox 209 1089 1911 1165; baseline -0.004 -17"><span class='ocrx_word' id='word_1_141' title='bbox 209 1096 367 1165; x_wconf 85' lang='lat' dir='ltr'><strong>aliquando</strong></span> <span class='ocrx_word' id='word_1_142' title='bbox 377 1095 504 1164; x_wconf 88' lang='lat' dir='ltr'><strong>populus</strong></span> <span class='ocrx_word' id='word_1_143' title='bbox 522 1095 644 1162; x_wconf 72' lang='lat' dir='ltr'><strong>elegerit,</strong></span> <span class='ocrx_word' id='word_1_144' title='bbox 664 1093 766 1148; x_wconf 90' lang='lat' dir='ltr'><strong>ibidem</strong></span> <span class='ocrx_word' id='word_1_145' title='bbox 784 1090 812 1161; x_wconf 59' lang='grc' dir='ltr'><strong>ξ.</strong></span> <span class='ocrx_word' id='word_1_146' title='bbox 824 1089 958 1153; x_wconf 89' lang='lat' dir='ltr'><strong>Tandem,</strong></span> <span class='ocrx_word' id='word_1_147' title='bbox 978 1089 1045 1143; x_wconf 85' lang='lat' dir='ltr'><strong>alti·</strong></span> <span class='ocrx_word' id='word_1_148' title='bbox 1072 1093 1100 1147; x_wconf 85' lang='lat' dir='ltr'><strong>in</strong></span> <span class='ocrx_word' id='word_1_149' title='bbox 1129 1094 1188 1154; x_wconf 74' lang='lat' dir='ltr'><strong>rita</strong></span> <span class='ocrx_word' id='word_1_150' title='bbox 1214 1093 1324 1164; x_wconf 74' lang='lat' dir='ltr'><strong>probati</strong></span> <span class='ocrx_word' id='word_1_151' title='bbox 1348 1100 1377 1148; x_wconf 81' lang='lat' dir='ltr'><strong>et</strong></span> <span class='ocrx_word' id='word_1_152' title='bbox 1397 1095 1475 1149; x_wconf 69' lang='lat' dir='ltr'><strong>donis</strong></span> <span class='ocrx_word' id='word_1_153' title='bbox 1504 1095 1539 1149; x_wconf 73' lang='lat' dir='ltr'><strong>ad</strong></span> <span class='ocrx_word' id='word_1_154' title='bbox 1568 1094 1722 1151; x_wconf 69' lang='lat' dir='ltr'><strong>docendum</strong></span> <span class='ocrx_word' id='word_1_155' title='bbox 1746 1096 1911 1152; x_wconf 61' lang='lat' dir='ltr'><strong>necessarii„</strong></span> 
     </span>
     <span class='ocr_line' id='line_1_12' title="bbox 209 1175 1909 1253; baseline -0.004 -18"><span class='ocrx_word' id='word_1_156' title='bbox 209 1182 502 1251; x_wconf 61' lang='lat' dir='ltr'><strong>nauseinprimitiaa</strong></span> <span class='ocrx_word' id='word_1_157' title='bbox 521 1181 639 1234; x_wconf 87' lang='lat' dir='ltr'><strong>eeclesia</strong></span> <span class='ocrx_word' id='word_1_158' title='bbox 659 1179 893 1244; x_wconf 82' lang='lat' dir='ltr'><strong>consuetudinem,</strong></span> <span class='ocrx_word' id='word_1_159' title='bbox 911 1185 942 1229; x_wconf 88' lang='lat' dir='ltr'><strong>ut</strong></span> <span class='ocrx_word' id='word_1_160' title='bbox 960 1175 1044 1228; x_wconf 84' lang='lat' dir='ltr'><strong>etiam</strong></span> <span class='ocrx_word' id='word_1_161' title='bbox 1073 1179 1209 1235; x_wconf 77' lang='lat' dir='ltr'><strong>instructi,</strong></span> <span class='ocrx_word' id='word_1_162' title='bbox 1257 1185 1281 1235; x_wconf 83' lang='lat'><strong>5,</strong></span> <span class='ocrx_word' id='word_1_163' title='bbox 1317 1180 1495 1235; x_wconf 76' lang='lat' dir='ltr'><strong>Examinatas</strong></span> <span class='ocrx_word' id='word_1_164' title='bbox 1526 1181 1619 1236; x_wconf 78' lang='lat' dir='ltr'><strong>mittat</strong></span> <span class='ocrx_word' id='word_1_165' title='bbox 1643 1182 1679 1236; x_wconf 72' lang='lat' dir='ltr'><strong>ad</strong></span> <span class='ocrx_word' id='word_1_166' title='bbox 1706 1184 1844 1253; x_wconf 67' lang='lat' dir='ltr'><strong>synodum</strong></span> <span class='ocrx_word' id='word_1_167' title='bbox 1873 1184 1909 1237; x_wconf 73' lang='lat' dir='ltr'><strong>ab</strong></span> 
     </span>
     <span class='ocr_line' id='line_1_13' title="bbox 204 1261 1912 1338; baseline 0.001 -18"><span class='ocrx_word' id='word_1_168' title='bbox 204 1269 257 1336; x_wconf 78' lang='lat' dir='ltr'><strong>jas</strong></span> <span class='ocrx_word' id='word_1_169' title='bbox 284 1269 416 1338; x_wconf 81' lang='lat' dir='ltr'><strong>suffrapii</strong></span> <span class='ocrx_word' id='word_1_170' title='bbox 442 1269 496 1320; x_wconf 85' lang='lat' dir='ltr'><strong>sibi</strong></span> <span class='ocrx_word' id='word_1_171' title='bbox 519 1267 643 1337; x_wconf 87' lang='lat' dir='ltr'><strong>popalus</strong></span> <span class='ocrx_word' id='word_1_172' title='bbox 671 1272 829 1334; x_wconf 77' lang='lat' dir='ltr'><strong>usurparet.</strong></span> <span class='ocrx_word' id='word_1_173' title='bbox 865 1263 927 1319; x_wconf 86' lang='lat' dir='ltr'><strong>libr.</strong></span> <span class='ocrx_word' id='word_1_174' title='bbox 955 1261 1043 1331; x_wconf 81' lang='lat' dir='ltr'><strong>ejusd.</strong></span> <span class='ocrx_word' id='word_1_175' title='bbox 1071 1266 1133 1337; x_wconf 89' lang='lat' dir='ltr'><strong>ipsa</strong></span> <span class='ocrx_word' id='word_1_176' title='bbox 1149 1265 1360 1322; x_wconf 88' lang='lat' dir='ltr'><strong>confirmandas.</strong></span> <span class='ocrx_word' id='word_1_177' title='bbox 1408 1272 1430 1321; x_wconf 87' lang='grc'><strong>6.</strong></span> <span class='ocrx_word' id='word_1_178' title='bbox 1450 1267 1480 1322; x_wconf 87' lang='lat' dir='ltr'><strong>si</strong></span> <span class='ocrx_word' id='word_1_179' title='bbox 1505 1267 1650 1323; x_wconf 74' lang='lat' dir='ltr'><strong>collatores</strong></span> <span class='ocrx_word' id='word_1_180' title='bbox 1675 1268 1720 1324; x_wconf 90' lang='lat' dir='ltr'><strong>vel</strong></span> <span class='ocrx_word' id='word_1_181' title='bbox 1739 1269 1841 1336; x_wconf 90' lang='lat' dir='ltr'><strong>nolint,</strong></span> <span class='ocrx_word' id='word_1_182' title='bbox 1866 1270 1912 1324; x_wconf 86' lang='lat' dir='ltr'><strong>vel</strong></span> 
     </span>
     <span class='ocr_line' id='line_1_14' title="bbox 211 1349 1910 1423; baseline -0.001 -13"><span class='ocrx_word' id='word_1_183' title='bbox 211 1371 235 1411; x_wconf 90' lang='lat' dir='ltr'><strong>e.</strong></span> <span class='ocrx_word' id='word_1_184' title='bbox 254 1360 278 1410; x_wconf 86' lang='grc'><strong>9.</strong></span> <span class='ocrx_word' id='word_1_185' title='bbox 292 1357 365 1407; x_wconf 87' lang='lat' dir='ltr'><strong>inter</strong></span> <span class='ocrx_word' id='word_1_186' title='bbox 384 1354 504 1423; x_wconf 81' lang='lat' dir='ltr'><strong>quinque</strong></span> <span class='ocrx_word' id='word_1_187' title='bbox 523 1355 628 1416; x_wconf 85' lang='lat' dir='ltr'><strong>modos,</strong></span> <span class='ocrx_word' id='word_1_188' title='bbox 647 1353 746 1420; x_wconf 83' lang='lat' dir='ltr'><strong>quitus</strong></span> <span class='ocrx_word' id='word_1_189' title='bbox 764 1350 831 1404; x_wconf 88' lang='lat' dir='ltr'><strong>olim</strong></span> <span class='ocrx_word' id='word_1_190' title='bbox 845 1349 915 1417; x_wconf 83' lang='lat' dir='ltr'><strong>slipi</strong></span> <span class='ocrx_word' id='word_1_191' title='bbox 931 1364 1043 1401; x_wconf 84' lang='lat' dir='ltr'><strong>consue·</strong></span> <span class='ocrx_word' id='word_1_192' title='bbox 1072 1359 1211 1422; x_wconf 89' lang='lat' dir='ltr'><strong>nequeant</strong></span> <span class='ocrx_word' id='word_1_193' title='bbox 1229 1352 1342 1407; x_wconf 89' lang='lat' dir='ltr'><strong>idoneas</strong></span> <span class='ocrx_word' id='word_1_194' title='bbox 1359 1369 1492 1423; x_wconf 77' lang='lat' dir='ltr'><strong>personas</strong></span> <span class='ocrx_word' id='word_1_195' title='bbox 1506 1354 1665 1423; x_wconf 78' lang='lat' dir='ltr'><strong>nominare,</strong></span> <span class='ocrx_word' id='word_1_196' title='bbox 1675 1354 1868 1411; x_wconf 88' lang='lat' dir='ltr'><strong>consistorium</strong></span> <span class='ocrx_word' id='word_1_197' title='bbox 1880 1355 1910 1409; x_wconf 93' lang='lat' dir='ltr'><strong>in</strong></span> 
     </span>
     <span class='ocr_line' id='line_1_15' title="bbox 191 1435 1910 1512; baseline 0.002 -18"><span class='ocrx_word' id='word_1_198' title='bbox 191 1450 309 1494; x_wconf 77' lang='lat' dir='ltr'><strong>&#39;aarum</strong></span> <span class='ocrx_word' id='word_1_199' title='bbox 329 1440 462 1512; x_wconf 84' lang='lat' dir='ltr'><strong>episcopi,</strong></span> <span class='ocrx_word' id='word_1_200' title='bbox 481 1444 608 1492; x_wconf 89' lang='lat' dir='ltr'><strong>numerat</strong></span> <span class='ocrx_word' id='word_1_201' title='bbox 624 1439 706 1491; x_wconf 82' lang='lat' dir='ltr'><strong>tertio</strong></span> <span class='ocrx_word' id='word_1_202' title='bbox 727 1438 787 1492; x_wconf 89' lang='lat' dir='ltr'><strong>loco</strong></span> <span class='ocrx_word' id='word_1_203' title='bbox 807 1455 877 1504; x_wconf 90' lang='lat' dir='ltr'><strong>eum,</strong></span> <span class='ocrx_word' id='word_1_204' title='bbox 896 1435 971 1506; x_wconf 94' lang='lat' dir='ltr'><strong>quod</strong></span> <span class='ocrx_word' id='word_1_205' title='bbox 990 1435 1044 1489; x_wconf 92' lang='lat' dir='ltr'><strong>ele·</strong></span> <span class='ocrx_word' id='word_1_206' title='bbox 1071 1438 1194 1507; x_wconf 90' lang='lat' dir='ltr'><strong>ipsorum</strong></span> <span class='ocrx_word' id='word_1_207' title='bbox 1224 1440 1315 1494; x_wconf 88' lang='lat' dir='ltr'><strong>locum</strong></span> <span class='ocrx_word' id='word_1_208' title='bbox 1347 1439 1479 1494; x_wconf 88' lang='lat' dir='ltr'><strong>succedat</strong></span> <span class='ocrx_word' id='word_1_209' title='bbox 1506 1446 1534 1494; x_wconf 93' lang='lat' dir='ltr'><strong>et</strong></span> <span class='ocrx_word' id='word_1_210' title='bbox 1562 1439 1695 1496; x_wconf 90' lang='lat' dir='ltr'><strong>ecclesiae</strong></span> <span class='ocrx_word' id='word_1_211' title='bbox 1726 1447 1754 1497; x_wconf 93' lang='lat' dir='ltr'><strong>et</strong></span> <span class='ocrx_word' id='word_1_212' title='bbox 1783 1442 1910 1497; x_wconf 63' lang='lat' dir='ltr'><strong>minmro</strong></span> 
     </span>
     <span class='ocr_line' id='line_1_16' title="bbox 210 1523 1909 1600; baseline -0.001 -17"><span class='ocrx_word' id='word_1_213' title='bbox 210 1529 282 1600; x_wconf 79' lang='lat' dir='ltr'><strong>gerit</strong></span> <span class='ocrx_word' id='word_1_214' title='bbox 301 1528 391 1583; x_wconf 89' lang='lat' dir='ltr'><strong>clerus</strong></span> <span class='ocrx_word' id='word_1_215' title='bbox 409 1535 437 1582; x_wconf 89' lang='lat' dir='ltr'><strong>et</strong></span> <span class='ocrx_word' id='word_1_216' title='bbox 455 1525 575 1597; x_wconf 91' lang='lat' dir='ltr'><strong>populus</strong></span> <span class='ocrx_word' id='word_1_217' title='bbox 593 1525 726 1594; x_wconf 87' lang='lat' dir='ltr'><strong>civitatis,</strong></span> <span class='ocrx_word' id='word_1_218' title='bbox 752 1541 832 1594; x_wconf 78' lang='lat' dir='ltr'><strong>quem</strong></span> <span class='ocrx_word' id='word_1_219' title='bbox 857 1524 969 1577; x_wconf 74' lang='lat' dir='ltr'><strong>mearam</strong></span> <span class='ocrx_word' id='word_1_220' title='bbox 989 1523 1044 1575; x_wconf 83' lang='lat' dir='ltr'><strong>usi·</strong></span> <span class='ocrx_word' id='word_1_221' title='bbox 1072 1525 1230 1596; x_wconf 89' lang='lat' dir='ltr'><strong>prospiciat.</strong></span> <span class='ocrx_word' id='word_1_222' title='bbox 1267 1529 1291 1581; x_wconf 87' lang='grc'><strong>7.</strong></span> <span class='ocrx_word' id='word_1_223' title='bbox 1311 1525 1365 1588; x_wconf 82' lang='lat' dir='ltr'><strong>Qui</strong></span> <span class='ocrx_word' id='word_1_224' title='bbox 1384 1525 1562 1595; x_wconf 88' lang='lat' dir='ltr'><strong>praeficiendi</strong></span> <span class='ocrx_word' id='word_1_225' title='bbox 1583 1533 1649 1580; x_wconf 88' lang='lat' dir='ltr'><strong>sunt</strong></span> <span class='ocrx_word' id='word_1_226' title='bbox 1667 1527 1809 1596; x_wconf 86' lang='lat' dir='ltr'><strong>ecclesiae,</strong></span> <span class='ocrx_word' id='word_1_227' title='bbox 1831 1529 1909 1599; x_wconf 92' lang='lat' dir='ltr'><strong>prius</strong></span> 
     </span>
     <span class='ocr_line' id='line_1_17' title="bbox 211 1610 1908 1685; baseline 0.001 -17"><span class='ocrx_word' id='word_1_228' title='bbox 211 1623 299 1669; x_wconf 87' lang='lat' dir='ltr'><strong>tatum</strong></span> <span class='ocrx_word' id='word_1_229' title='bbox 315 1615 407 1679; x_wconf 71' lang='lat' dir='ltr'><strong>fuisse</strong></span> <span class='ocrx_word' id='word_1_230' title='bbox 427 1613 494 1667; x_wconf 92' lang='lat' dir='ltr'><strong>dicit</strong></span> <span class='ocrx_word' id='word_1_231' title='bbox 515 1621 638 1681; x_wconf 90' lang='lat' dir='ltr'><strong>tempore</strong></span> <span class='ocrx_word' id='word_1_232' title='bbox 662 1611 868 1680; x_wconf 77' lang='lat' dir='ltr'><strong>Chrysostomi,</strong></span> <span class='ocrx_word' id='word_1_233' title='bbox 893 1610 1045 1676; x_wconf 83' lang='lat' dir='ltr'><strong>Ambrosii,</strong></span> <span class='ocrx_word' id='word_1_234' title='bbox 1072 1611 1108 1665; x_wconf 90' lang='lat' dir='ltr'><strong>ab</strong></span> <span class='ocrx_word' id='word_1_235' title='bbox 1140 1628 1173 1667; x_wconf 90' lang='lat' dir='ltr'><strong>ea</strong></span> <span class='ocrx_word' id='word_1_236' title='bbox 1201 1611 1350 1667; x_wconf 87' lang='lat' dir='ltr'><strong>audiantur</strong></span> <span class='ocrx_word' id='word_1_237' title='bbox 1380 1619 1408 1666; x_wconf 94' lang='lat' dir='ltr'><strong>et</strong></span> <span class='ocrx_word' id='word_1_238' title='bbox 1440 1612 1599 1682; x_wconf 86' lang='lat' dir='ltr'><strong>probentur.</strong></span> <span class='ocrx_word' id='word_1_239' title='bbox 1646 1613 1747 1669; x_wconf 86' lang='lat' dir='ltr'><strong>Nullus</strong></span> <span class='ocrx_word' id='word_1_240' title='bbox 1782 1616 1908 1685; x_wconf 88' lang='lat' dir='ltr'><strong>quamvis</strong></span> 
     </span>
     <span class='ocr_line' id='line_1_18' title="bbox 210 1696 1908 1771; baseline -0.001 -15"><span class='ocrx_word' id='word_1_241' title='bbox 210 1701 368 1770; x_wconf 78' lang='lat' dir='ltr'><strong>Aupttstini,</strong></span> <span class='ocrx_word' id='word_1_242' title='bbox 387 1700 503 1766; x_wconf 81' lang='lat' dir='ltr'><strong>Leonis,</strong></span> <span class='ocrx_word' id='word_1_243' title='bbox 525 1699 659 1766; x_wconf 80' lang='lat' dir='ltr'><strong>Greporii</strong></span> <span class='ocrx_word' id='word_1_244' title='bbox 677 1705 728 1753; x_wconf 90' lang='lat' dir='ltr'><strong>etc.</strong></span> <span class='ocrx_word' id='word_1_245' title='bbox 752 1705 778 1751; x_wconf 90' lang='lat' dir='ltr'><strong>et</strong></span> <span class='ocrx_word' id='word_1_246' title='bbox 796 1705 895 1766; x_wconf 81' lang='lat' dir='ltr'><strong>qsarrto</strong></span> <span class='ocrx_word' id='word_1_247' title='bbox 922 1698 983 1750; x_wconf 90' lang='lat' dir='ltr'><strong>loco</strong></span> <span class='ocrx_word' id='word_1_248' title='bbox 1004 1712 1044 1750; x_wconf 90' lang='lat' dir='ltr'><strong>re·</strong></span> <span class='ocrx_word' id='word_1_249' title='bbox 1072 1696 1187 1753; x_wconf 91' lang='lat' dir='ltr'><strong>idoneus</strong></span> <span class='ocrx_word' id='word_1_250' title='bbox 1201 1698 1237 1753; x_wconf 90' lang='lat' dir='ltr'><strong>sit</strong></span> <span class='ocrx_word' id='word_1_251' title='bbox 1248 1698 1385 1766; x_wconf 90' lang='lat' dir='ltr'><strong>inventus,</strong></span> <span class='ocrx_word' id='word_1_252' title='bbox 1405 1698 1511 1768; x_wconf 87' lang='lat' dir='ltr'><strong>absque</strong></span> <span class='ocrx_word' id='word_1_253' title='bbox 1524 1697 1710 1768; x_wconf 75' lang='lat' dir='ltr'><strong>peculiaribus</strong></span> <span class='ocrx_word' id='word_1_254' title='bbox 1729 1706 1758 1754; x_wconf 88' lang='lat' dir='ltr'><strong>et</strong></span> <span class='ocrx_word' id='word_1_255' title='bbox 1773 1700 1908 1771; x_wconf 85' lang='lat' dir='ltr'><strong>gravibus</strong></span> 
     </span>
     <span class='ocr_line' id='line_1_19' title="bbox 210 1780 1908 1857; baseline -0.002 -14"><span class='ocrx_word' id='word_1_256' title='bbox 210 1795 304 1843; x_wconf 89' lang='lat' dir='ltr'><strong>censet</strong></span> <span class='ocrx_word' id='word_1_257' title='bbox 322 1804 396 1849; x_wconf 85' lang='lat' dir='ltr'><strong>eum,</strong></span> <span class='ocrx_word' id='word_1_258' title='bbox 423 1784 498 1857; x_wconf 94' lang='lat' dir='ltr'><strong>quod</strong></span> <span class='ocrx_word' id='word_1_259' title='bbox 518 1785 695 1856; x_wconf 89' lang='lat' dir='ltr'><strong>imperatores</strong></span> <span class='ocrx_word' id='word_1_260' title='bbox 716 1790 743 1839; x_wconf 90' lang='lat' dir='ltr'><strong>et</strong></span> <span class='ocrx_word' id='word_1_261' title='bbox 760 1800 839 1855; x_wconf 88' lang='lat' dir='ltr'><strong>reges</strong></span> <span class='ocrx_word' id='word_1_262' title='bbox 863 1782 907 1836; x_wconf 89' lang='lat' dir='ltr'><strong>vel</strong></span> <span class='ocrx_word' id='word_1_263' title='bbox 924 1782 984 1850; x_wconf 88' lang='lat' dir='ltr'><strong>soli,</strong></span> <span class='ocrx_word' id='word_1_264' title='bbox 1002 1780 1046 1837; x_wconf 90' lang='lat' dir='ltr'><strong>vel</strong></span> <span class='ocrx_word' id='word_1_265' title='bbox 1073 1785 1163 1838; x_wconf 86' lang='lat' dir='ltr'><strong>causis</strong></span> <span class='ocrx_word' id='word_1_266' title='bbox 1182 1785 1284 1840; x_wconf 82' lang='lat' dir='ltr'><strong>invitae</strong></span> <span class='ocrx_word' id='word_1_267' title='bbox 1306 1785 1440 1840; x_wconf 87' lang='lat' dir='ltr'><strong>ecclesiae</strong></span> <span class='ocrx_word' id='word_1_268' title='bbox 1458 1785 1636 1849; x_wconf 85' lang='lat' dir='ltr'><strong>obtrudatur,</strong></span> <span class='ocrx_word' id='word_1_269' title='bbox 1666 1785 1714 1839; x_wconf 88' lang='lat' dir='ltr'><strong>ssd</strong></span> <span class='ocrx_word' id='word_1_270' title='bbox 1735 1786 1908 1857; x_wconf 78' lang='lat' dir='ltr'><strong>colligantur</strong></span> 
     </span>
     <span class='ocr_line' id='line_1_20' title="bbox 211 1869 1908 1945; baseline -0.001 -16"><span class='ocrx_word' id='word_1_271' title='bbox 211 1891 274 1929; x_wconf 89' lang='lat' dir='ltr'><strong>eum</strong></span> <span class='ocrx_word' id='word_1_272' title='bbox 297 1873 370 1927; x_wconf 88' lang='lat' dir='ltr'><strong>clero</strong></span> <span class='ocrx_word' id='word_1_273' title='bbox 389 1877 418 1926; x_wconf 93' lang='lat' dir='ltr'><strong>et</strong></span> <span class='ocrx_word' id='word_1_274' title='bbox 438 1871 541 1941; x_wconf 89' lang='lat' dir='ltr'><strong>populo</strong></span> <span class='ocrx_word' id='word_1_275' title='bbox 562 1872 722 1941; x_wconf 90' lang='lat' dir='ltr'><strong>episcopum</strong></span> <span class='ocrx_word' id='word_1_276' title='bbox 741 1869 882 1941; x_wconf 87' lang='lat' dir='ltr'><strong>elegerint,</strong></span> <span class='ocrx_word' id='word_1_277' title='bbox 905 1877 931 1921; x_wconf 87' lang='lat' dir='ltr'><strong>et</strong></span> <span class='ocrx_word' id='word_1_278' title='bbox 954 1869 1045 1931; x_wconf 83' lang='lat' dir='ltr'><strong>addit,</strong></span> <span class='ocrx_word' id='word_1_279' title='bbox 1072 1877 1135 1939; x_wconf 91' lang='lat' dir='ltr'><strong>post</strong></span> <span class='ocrx_word' id='word_1_280' title='bbox 1169 1871 1327 1926; x_wconf 90' lang='lat' dir='ltr'><strong>concionem</strong></span> <span class='ocrx_word' id='word_1_281' title='bbox 1365 1870 1564 1945; x_wconf 66' lang='lat' dir='ltr'><strong>doaepaauripr</strong></span> <span class='ocrx_word' id='word_1_282' title='bbox 1601 1871 1735 1927; x_wconf 87' lang='lat' dir='ltr'><strong>ecclesiae</strong></span> <span class='ocrx_word' id='word_1_283' title='bbox 1764 1872 1908 1944; x_wconf 81' lang='lat' dir='ltr'><strong>suffragia.</strong></span> 
     </span>
     <span class='ocr_line' id='line_1_21' title="bbox 116 1955 1908 2033; baseline 0.001 -20"><span class='ocrx_word' id='word_1_284' title='bbox 116 1983 117 1988; x_wconf 47' lang='lat'>¹</span> <span class='ocrx_word' id='word_1_285' title='bbox 210 1960 404 2013; x_wconf 85' lang='lat' dir='ltr'><strong>Justinianum</strong></span> <span class='ocrx_word' id='word_1_286' title='bbox 421 1959 558 2011; x_wconf 90' lang='lat' dir='ltr'><strong>seniorem</strong></span> <span class='ocrx_word' id='word_1_287' title='bbox 568 1965 635 2025; x_wconf 91' lang='lat' dir='ltr'><strong>past</strong></span> <span class='ocrx_word' id='word_1_288' title='bbox 647 1965 843 2025; x_wconf 86' lang='lat' dir='ltr'><strong>recuperatam</strong></span> <span class='ocrx_word' id='word_1_289' title='bbox 862 1955 979 2008; x_wconf 88' lang='lat' dir='ltr'><strong>ltaliam</strong></span> <span class='ocrx_word' id='word_1_290' title='bbox 997 1971 1044 2007; x_wconf 88' lang='lat' dir='ltr'><strong>uo·</strong></span> <span class='ocrx_word' id='word_1_291' title='bbox 1073 1964 1095 2014; x_wconf 86' lang='lat'><strong>8.</strong></span> <span class='ocrx_word' id='word_1_292' title='bbox 1116 1957 1310 2018; x_wconf 84' lang='lat' dir='ltr'><strong>Examinatus,</strong></span> <span class='ocrx_word' id='word_1_293' title='bbox 1330 1957 1507 2027; x_wconf 87' lang='lat' dir='ltr'><strong>approbatus.</strong></span> <span class='ocrx_word' id='word_1_294' title='bbox 1526 1965 1640 2013; x_wconf 82' lang='lat' dir='ltr'><strong>vocatus</strong></span> <span class='ocrx_word' id='word_1_295' title='bbox 1661 1976 1711 2030; x_wconf 90' lang='lat' dir='ltr'><strong>per</strong></span> <span class='ocrx_word' id='word_1_296' title='bbox 1723 1966 1908 2033; x_wconf 75' lang='grc' dir='ltr'><strong><em>χειροθεσίαν</em></strong></span> 
     </span>
     <span class='ocr_line' id='line_1_22' title="bbox 211 2036 1908 2117; baseline -0.001 -17"><span class='ocrx_word' id='word_1_297' title='bbox 211 2045 296 2100; x_wconf 85' lang='lat' dir='ltr'><strong>luisse</strong></span> <span class='ocrx_word' id='word_1_298' title='bbox 322 2063 476 2114; x_wconf 83' lang='lat' dir='ltr'><strong>quenquam</strong></span> <span class='ocrx_word' id='word_1_299' title='bbox 505 2043 599 2097; x_wconf 81' lang='lat' dir='ltr'><strong>creari</strong></span> <span class='ocrx_word' id='word_1_300' title='bbox 622 2036 780 2098; x_wconf 76' lang='lat' dir='ltr'><strong>Romanum</strong></span> <span class='ocrx_word' id='word_1_301' title='bbox 801 2044 962 2112; x_wconf 71' lang='lat' dir='ltr'><strong>pontificem</strong></span> <span class='ocrx_word' id='word_1_302' title='bbox 986 2043 1046 2093; x_wconf 87' lang='lat' dir='ltr'><strong>sine</strong></span> <span class='ocrx_word' id='word_1_303' title='bbox 1073 2052 1206 2115; x_wconf 88' lang='lat' dir='ltr'><strong>etprcoes</strong></span> <span class='ocrx_word' id='word_1_304' title='bbox 1221 2044 1371 2111; x_wconf 85' lang='lat' dir='ltr'><strong>ordinetur,</strong></span> <span class='ocrx_word' id='word_1_305' title='bbox 1390 2043 1476 2099; x_wconf 91' lang='lat' dir='ltr'><strong>literis</strong></span> <span class='ocrx_word' id='word_1_306' title='bbox 1494 2043 1634 2115; x_wconf 84' lang='lat' dir='ltr'><strong>synodicis</strong></span> <span class='ocrx_word' id='word_1_307' title='bbox 1649 2045 1692 2100; x_wconf 94' lang='lat' dir='ltr'><strong>vel</strong></span> <span class='ocrx_word' id='word_1_308' title='bbox 1705 2045 1908 2117; x_wconf 87' lang='lat' dir='ltr'><strong>principalibus</strong></span> 
     </span>
     <span class='ocr_line' id='line_1_23' title="bbox 211 2129 1681 2203; baseline 0.001 -17"><span class='ocrx_word' id='word_1_309' title='bbox 211 2149 263 2186; x_wconf 85' lang='lat' dir='ltr'><strong>sua</strong></span> <span class='ocrx_word' id='word_1_310' title='bbox 287 2132 503 2203; x_wconf 84' lang='lat' dir='ltr'><strong>approbatione,</strong></span> <span class='ocrx_word' id='word_1_311' title='bbox 531 2131 617 2201; x_wconf 83' lang='lat' dir='ltr'><strong>idque</strong></span> <span class='ocrx_word' id='word_1_312' title='bbox 644 2139 784 2184; x_wconf 83' lang='lat' dir='ltr'><strong>seruatum</strong></span> <span class='ocrx_word' id='word_1_313' title='bbox 814 2147 872 2183; x_wconf 86' lang='lat' dir='ltr'><strong>esse</strong></span> <span class='ocrx_word' id='word_1_314' title='bbox 895 2144 981 2198; x_wconf 87' lang='lat' dir='ltr'><strong>usque</strong></span> <span class='ocrx_word' id='word_1_315' title='bbox 1007 2129 1048 2179; x_wconf 81' lang='lat' dir='ltr'><strong>acl</strong></span> <span class='ocrx_word' id='word_1_316' title='bbox 1073 2130 1248 2185; x_wconf 87' lang='lat' dir='ltr'><strong>confirmetur</strong></span> <span class='ocrx_word' id='word_1_317' title='bbox 1266 2138 1294 2185; x_wconf 94' lang='lat' dir='ltr'><strong>et</strong></span> <span class='ocrx_word' id='word_1_318' title='bbox 1310 2130 1418 2183; x_wconf 87' lang='lat' dir='ltr'><strong>solenni</strong></span> <span class='ocrx_word' id='word_1_319' title='bbox 1436 2131 1491 2184; x_wconf 91' lang='lat' dir='ltr'><strong>ritu</strong></span> <span class='ocrx_word' id='word_1_320' title='bbox 1510 2131 1681 2188; x_wconf 86' lang='lat' dir='ltr'><strong>investiatur.</strong></span> 
     </span>
     <span class='ocr_line' id='line_1_24' title="bbox 212 2209 2002 2299; baseline -0.001 -26"><span class='ocrx_word' id='word_1_321' title='bbox 212 2218 423 2294; x_wconf 76' lang='lat' dir='ltr'><strong>Constantinam</strong></span> <span class='ocrx_word' id='word_1_322' title='bbox 441 2220 461 2271; x_wconf 90' lang='lat' dir='ltr'><em>I</em></span> <span class='ocrx_word' id='word_1_323' title='bbox 468 2219 495 2273; x_wconf 91' lang='lat' dir='ltr'><strong>V.</strong></span> <span class='ocrx_word' id='word_1_324' title='bbox 522 2218 572 2287; x_wconf 80' lang='lat' dir='ltr'><strong>pai</strong></span> <span class='ocrx_word' id='word_1_325' title='bbox 587 2219 652 2287; x_wconf 81' lang='lat' dir='ltr'><strong>juri</strong></span> <span class='ocrx_word' id='word_1_326' title='bbox 670 2236 783 2272; x_wconf 75' lang='lat' dir='ltr'><strong>mianum</strong></span> <span class='ocrx_word' id='word_1_327' title='bbox 797 2218 1047 2289; x_wconf 84' lang='lat' dir='ltr'><strong>praedecessorum</strong></span> <span class='ocrx_word' id='word_1_328' title='bbox 1108 2225 1148 2272; x_wconf 77' lang='grc'><strong>99,</strong></span> <span class='ocrx_word' id='word_1_329' title='bbox 1169 2215 1321 2271; x_wconf 90' lang='lat' dir='ltr'><strong>Pontificiis</strong></span> <span class='ocrx_word' id='word_1_330' title='bbox 1338 2216 1383 2271; x_wconf 92' lang='lat' dir='ltr'><strong>hic</strong></span> <span class='ocrx_word' id='word_1_331' title='bbox 1401 2218 1498 2271; x_wconf 91' lang='lat' dir='ltr'><strong>modus</strong></span> <span class='ocrx_word' id='word_1_332' title='bbox 1516 2219 1669 2272; x_wconf 89' lang='lat' dir='ltr'><strong>vocationis</strong></span> <span class='ocrx_word' id='word_1_333' title='bbox 1688 2217 1857 2288; x_wconf 87' lang='lat' dir='ltr'><strong>apostolicae</strong></span> <span class='ocrx_word' id='word_1_334' title='bbox 1879 2224 1907 2272; x_wconf 91' lang='lat' dir='ltr'><strong>et</strong></span> <span class='ocrx_word' id='word_1_335' title='bbox 1922 2209 2002 2299; x_wconf 41' lang='lat' dir='ltr'><strong>22²ssss</strong></span> 
     </span>
     <span class='ocr_line' id='line_1_25' title="bbox 212 2301 2002 2375; baseline -0.001 -15"><span class='ocrx_word' id='word_1_336' title='bbox 212 2308 292 2373; x_wconf 89' lang='lat' dir='ltr'><strong>(nota</strong></span> <span class='ocrx_word' id='word_1_337' title='bbox 314 2323 410 2360; x_wconf 90' lang='lat' dir='ltr'><strong>vocem</strong></span> <span class='ocrx_word' id='word_1_338' title='bbox 437 2305 522 2375; x_wconf 83' lang='lat' dir='ltr'><strong>juris)</strong></span> <span class='ocrx_word' id='word_1_339' title='bbox 555 2305 585 2358; x_wconf 90' lang='lat' dir='ltr'><strong>in</strong></span> <span class='ocrx_word' id='word_1_340' title='bbox 615 2305 667 2358; x_wconf 82' lang='lat' dir='ltr'><strong>liae</strong></span> <span class='ocrx_word' id='word_1_341' title='bbox 696 2312 781 2374; x_wconf 89' lang='lat' dir='ltr'><strong>parte</strong></span> <span class='ocrx_word' id='word_1_342' title='bbox 812 2304 932 2358; x_wconf 86' lang='lat' dir='ltr'><strong>cesserit.</strong></span> <span class='ocrx_word' id='word_1_343' title='bbox 973 2301 1045 2356; x_wconf 89' lang='lat' dir='ltr'><strong>Ibid.</strong></span> <span class='ocrx_word' id='word_1_344' title='bbox 1073 2302 1229 2373; x_wconf 87' lang='lat' dir='ltr'><strong>primitivae</strong></span> <span class='ocrx_word' id='word_1_345' title='bbox 1252 2302 1385 2358; x_wconf 85' lang='lat' dir='ltr'><strong>ecclesiae</strong></span> <span class='ocrx_word' id='word_1_346' title='bbox 1409 2303 1487 2372; x_wconf 85' lang='lat' dir='ltr'><strong>praxi</strong></span> <span class='ocrx_word' id='word_1_347' title='bbox 1512 2305 1659 2359; x_wconf 84' lang='lat' dir='ltr'><strong>conformis</strong></span> <span class='ocrx_word' id='word_1_348' title='bbox 1684 2321 1738 2359; x_wconf 91' lang='lat' dir='ltr'><strong>non</strong></span> <span class='ocrx_word' id='word_1_349' title='bbox 1765 2304 1907 2375; x_wconf 88' lang='lat' dir='ltr'><strong>probatur,</strong></span> <span class='ocrx_word' id='word_1_350' title='bbox 1921 2313 2002 2351; x_wconf 78' lang='lat' dir='ltr'><strong>sissia</strong></span> 
     </span>
     <span class='ocr_line' id='line_1_26' title="bbox 211 2388 1908 2463; baseline -0.002 -15"><span class='ocrx_word' id='word_1_351' title='bbox 211 2399 305 2448; x_wconf 64' lang='lat' dir='ltr'><strong>umen</strong></span> <span class='ocrx_word' id='word_1_352' title='bbox 321 2392 421 2463; x_wconf 89' lang='lat' dir='ltr'><strong>spiritu</strong></span> <span class='ocrx_word' id='word_1_353' title='bbox 438 2391 582 2462; x_wconf 83' lang='lat' dir='ltr'><strong>vertiginis</strong></span> <span class='ocrx_word' id='word_1_354' title='bbox 601 2391 813 2445; x_wconf 87' lang='lat' dir='ltr'><strong>circumrotatus</strong></span> <span class='ocrx_word' id='word_1_355' title='bbox 836 2391 860 2458; x_wconf 63' lang='grc' dir='ltr'><strong>ξ.</strong></span> <span class='ocrx_word' id='word_1_356' title='bbox 879 2406 937 2460; x_wconf 88' lang='lat' dir='ltr'><strong>seq.</strong></span> <span class='ocrx_word' id='word_1_357' title='bbox 958 2388 1045 2457; x_wconf 82' lang='lat' dir='ltr'><strong>addit,</strong></span> <span class='ocrx_word' id='word_1_358' title='bbox 1073 2389 1121 2444; x_wconf 89' lang='lat' dir='ltr'><strong>sed</strong></span> <span class='ocrx_word' id='word_1_359' title='bbox 1141 2388 1205 2443; x_wconf 88' lang='lat' dir='ltr'><strong>solis</strong></span> <span class='ocrx_word' id='word_1_360' title='bbox 1223 2388 1330 2442; x_wconf 86' lang='lat' dir='ltr'><strong>clericis</strong></span> <span class='ocrx_word' id='word_1_361' title='bbox 1349 2388 1460 2443; x_wconf 81' lang='lat' dir='ltr'><strong>excluso</strong></span> <span class='ocrx_word' id='word_1_362' title='bbox 1480 2390 1645 2461; x_wconf 87' lang='lat' dir='ltr'><strong>magistratu</strong></span> <span class='ocrx_word' id='word_1_363' title='bbox 1662 2396 1691 2444; x_wconf 89' lang='lat' dir='ltr'><strong>et</strong></span> <span class='ocrx_word' id='word_1_364' title='bbox 1709 2392 1812 2462; x_wconf 93' lang='lat' dir='ltr'><strong>populo</strong></span> <span class='ocrx_word' id='word_1_365' title='bbox 1825 2408 1908 2447; x_wconf 86' lang='lat' dir='ltr'><strong>voca·</strong></span> 
     </span>
     <span class='ocr_line' id='line_1_27' title="bbox 212 2474 1907 2548; baseline -0.001 -15"><span class='ocrx_word' id='word_1_366' title='bbox 212 2482 289 2548; x_wconf 87' lang='lat' dir='ltr'><strong>quod</strong></span> <span class='ocrx_word' id='word_1_367' title='bbox 306 2479 492 2547; x_wconf 88' lang='lat' dir='ltr'><strong>imperatores</strong></span> <span class='ocrx_word' id='word_1_368' title='bbox 505 2495 535 2531; x_wconf 88' lang='lat' dir='ltr'><strong>se</strong></span> <span class='ocrx_word' id='word_1_369' title='bbox 547 2477 708 2531; x_wconf 78' lang='lat' dir='ltr'><strong>miscuerint</strong></span> <span class='ocrx_word' id='word_1_370' title='bbox 725 2477 862 2546; x_wconf 87' lang='lat' dir='ltr'><strong>electioni,</strong></span> <span class='ocrx_word' id='word_1_371' title='bbox 884 2477 918 2528; x_wconf 89' lang='lat' dir='ltr'><strong>id</strong></span> <span class='ocrx_word' id='word_1_372' title='bbox 935 2478 1045 2542; x_wconf 81' lang='lat' dir='ltr'><strong>factum</strong></span> <span class='ocrx_word' id='word_1_373' title='bbox 1073 2476 1175 2531; x_wconf 76' lang='lat' dir='ltr'><strong>donem</strong></span> <span class='ocrx_word' id='word_1_374' title='bbox 1193 2475 1379 2529; x_wconf 89' lang='lat' dir='ltr'><strong>ministrorum</strong></span> <span class='ocrx_word' id='word_1_375' title='bbox 1400 2474 1541 2546; x_wconf 90' lang='lat' dir='ltr'><strong>tribuunt,</strong></span> <span class='ocrx_word' id='word_1_376' title='bbox 1560 2477 1634 2532; x_wconf 88' lang='lat' dir='ltr'><strong>unde</strong></span> <span class='ocrx_word' id='word_1_377' title='bbox 1653 2494 1713 2531; x_wconf 90' lang='lat' dir='ltr'><strong>eam</strong></span> <span class='ocrx_word' id='word_1_378' title='bbox 1732 2478 1829 2531; x_wconf 91' lang='lat' dir='ltr'><strong>dicunt</strong></span> <span class='ocrx_word' id='word_1_379' title='bbox 1846 2495 1907 2532; x_wconf 90' lang='lat' dir='ltr'><strong>esse</strong></span> 
     </span>
     <span class='ocr_line' id='line_1_28' title="bbox 212 2561 1908 2636; baseline -0.001 -17"><span class='ocrx_word' id='word_1_380' title='bbox 212 2581 271 2619; x_wconf 88' lang='lat' dir='ltr'><strong>esse</strong></span> <span class='ocrx_word' id='word_1_381' title='bbox 296 2565 338 2618; x_wconf 81' lang='lat' dir='ltr'><strong>ael</strong></span> <span class='ocrx_word' id='word_1_382' title='bbox 367 2566 396 2618; x_wconf 85' lang='lat' dir='ltr'><strong>vi</strong></span> <span class='ocrx_word' id='word_1_383' title='bbox 425 2572 450 2617; x_wconf 92' lang='lat' dir='ltr'><strong>et</strong></span> <span class='ocrx_word' id='word_1_384' title='bbox 479 2564 563 2633; x_wconf 82' lang='lat' dir='ltr'><strong>quasi</strong></span> <span class='ocrx_word' id='word_1_385' title='bbox 584 2563 735 2631; x_wconf 74' lang='lat' dir='ltr'><strong>tyrannide</strong></span> <span class='ocrx_word' id='word_1_386' title='bbox 760 2562 972 2632; x_wconf 84' lang='lat' dir='ltr'><strong>imperatorum,</strong></span> <span class='ocrx_word' id='word_1_387' title='bbox 1002 2562 1046 2615; x_wconf 87' lang='lat' dir='ltr'><strong>ael</strong></span> <span class='ocrx_word' id='word_1_388' title='bbox 1073 2561 1224 2633; x_wconf 81' lang='lat' dir='ltr'><strong>legitimam</strong></span> <span class='ocrx_word' id='word_1_389' title='bbox 1245 2562 1408 2616; x_wconf 90' lang='lat' dir='ltr'><strong>electionem</strong></span> <span class='ocrx_word' id='word_1_390' title='bbox 1427 2578 1460 2617; x_wconf 87' lang='lat' dir='ltr'><strong>ac</strong></span> <span class='ocrx_word' id='word_1_391' title='bbox 1479 2564 1664 2631; x_wconf 86' lang='lat' dir='ltr'><strong>vocationem,</strong></span> <span class='ocrx_word' id='word_1_392' title='bbox 1693 2572 1713 2619; x_wconf 89' lang='grc'><strong>1.</strong></span> <span class='ocrx_word' id='word_1_393' title='bbox 1740 2564 1908 2636; x_wconf 84' lang='lat' dir='ltr'><strong>quaefacta</strong></span> 
     </span>
     <span class='ocr_line' id='line_1_29' title="bbox 211 2648 1951 2723; baseline 0.001 -17"><span class='ocrx_word' id='word_1_394' title='bbox 211 2653 280 2723; x_wconf 80' lang='lat' dir='ltr'><strong>quia</strong></span> <span class='ocrx_word' id='word_1_395' title='bbox 293 2653 441 2721; x_wconf 78' lang='lat' dir='ltr'><strong>pontifices</strong></span> <span class='ocrx_word' id='word_1_396' title='bbox 460 2652 492 2704; x_wconf 87' lang='lat' dir='ltr'><strong>id</strong></span> <span class='ocrx_word' id='word_1_397' title='bbox 502 2650 678 2719; x_wconf 85' lang='lat' dir='ltr'><strong>judicabant</strong></span> <span class='ocrx_word' id='word_1_398' title='bbox 695 2649 885 2704; x_wconf 72' lang='lat' dir='ltr'><strong>rsecmsarium</strong></span> <span class='ocrx_word' id='word_1_399' title='bbox 904 2651 945 2701; x_wconf 88' lang='lat' dir='ltr'><strong>ad</strong></span> <span class='ocrx_word' id='word_1_400' title='bbox 962 2649 1045 2702; x_wconf 88' lang='lat' dir='ltr'><strong>eccle·</strong></span> <span class='ocrx_word' id='word_1_401' title='bbox 1073 2657 1115 2704; x_wconf 89' lang='lat' dir='ltr'><strong>est</strong></span> <span class='ocrx_word' id='word_1_402' title='bbox 1133 2666 1151 2703; x_wconf 88' lang='lat' dir='ltr'><strong>a</strong></span> <span class='ocrx_word' id='word_1_403' title='bbox 1169 2649 1309 2718; x_wconf 86' lang='lat' dir='ltr'><strong>pontifice,</strong></span> <span class='ocrx_word' id='word_1_404' title='bbox 1327 2648 1374 2718; x_wconf 92' lang='lat' dir='ltr'><strong>qui</strong></span> <span class='ocrx_word' id='word_1_405' title='bbox 1393 2648 1437 2703; x_wconf 92' lang='lat' dir='ltr'><strong>vel</strong></span> <span class='ocrx_word' id='word_1_406' title='bbox 1454 2649 1514 2719; x_wconf 91' lang='lat' dir='ltr'><strong>ipse</strong></span> <span class='ocrx_word' id='word_1_407' title='bbox 1534 2649 1628 2721; x_wconf 81' lang='lat' dir='ltr'><strong>eligat,</strong></span> <span class='ocrx_word' id='word_1_408' title='bbox 1646 2649 1691 2705; x_wconf 90' lang='lat' dir='ltr'><strong>vel</strong></span> <span class='ocrx_word' id='word_1_409' title='bbox 1711 2650 1772 2704; x_wconf 91' lang='lat' dir='ltr'><strong>aliis</strong></span> <span class='ocrx_word' id='word_1_410' title='bbox 1785 2656 1907 2721; x_wconf 86' lang='lat' dir='ltr'><strong>potesta·</strong></span> <span class='ocrx_word' id='word_1_411' title='bbox 1948 2704 1951 2708; x_wconf 87' lang='lat'><strong>.</strong></span> 
     </span>
     <span class='ocr_line' id='line_1_30' title="bbox 211 2734 1907 2807; baseline -0.002 -15"><span class='ocrx_word' id='word_1_412' title='bbox 211 2741 271 2792; x_wconf 87' lang='lat' dir='ltr'><strong>siae</strong></span> <span class='ocrx_word' id='word_1_413' title='bbox 284 2738 480 2803; x_wconf 81' lang='lat' dir='ltr'><strong>defensionem.</strong></span> <span class='ocrx_word' id='word_1_414' title='bbox 1073 2741 1130 2790; x_wconf 92' lang='lat' dir='ltr'><strong>tem</strong></span> <span class='ocrx_word' id='word_1_415' title='bbox 1147 2734 1269 2806; x_wconf 84' lang='lat' dir='ltr'><strong>eligendi</strong></span> <span class='ocrx_word' id='word_1_416' title='bbox 1286 2734 1429 2803; x_wconf 89' lang='lat' dir='ltr'><strong>concedat,</strong></span> <span class='ocrx_word' id='word_1_417' title='bbox 1449 2735 1587 2806; x_wconf 89' lang='lat' dir='ltr'><strong>episcopis</strong></span> <span class='ocrx_word' id='word_1_418' title='bbox 1602 2735 1710 2790; x_wconf 90' lang='lat' dir='ltr'><strong>scilicet</strong></span> <span class='ocrx_word' id='word_1_419' title='bbox 1722 2734 1907 2807; x_wconf 85' lang='lat' dir='ltr'><strong>suffraganeis</strong></span> 
     </span>
     <span class='ocr_line' id='line_1_31' title="bbox 245 2820 1908 2894; baseline -0.003 -12"><span class='ocrx_word' id='word_1_420' title='bbox 245 2830 286 2882; x_wconf 80' lang='grc'><strong>98.</strong></span> <span class='ocrx_word' id='word_1_421' title='bbox 312 2825 354 2878; x_wconf 87' lang='lat' dir='ltr'><strong>Ex</strong></span> <span class='ocrx_word' id='word_1_422' title='bbox 378 2823 479 2894; x_wconf 90' lang='lat' dir='ltr'><strong>quibus</strong></span> <span class='ocrx_word' id='word_1_423' title='bbox 504 2823 631 2878; x_wconf 89' lang='lat' dir='ltr'><strong>omnibus</strong></span> <span class='ocrx_word' id='word_1_424' title='bbox 659 2822 735 2877; x_wconf 90' lang='lat' dir='ltr'><strong>facili</strong></span> <span class='ocrx_word' id='word_1_425' title='bbox 762 2822 873 2893; x_wconf 88' lang='lat' dir='ltr'><strong>negotio</strong></span> <span class='ocrx_word' id='word_1_426' title='bbox 897 2821 1046 2892; x_wconf 82' lang='lat' dir='ltr'><strong>colligitur,</strong></span> <span class='ocrx_word' id='word_1_427' title='bbox 1073 2838 1106 2876; x_wconf 90' lang='lat' dir='ltr'><strong>ac</strong></span> <span class='ocrx_word' id='word_1_428' title='bbox 1126 2820 1232 2876; x_wconf 88' lang='lat' dir='ltr'><strong>clericis</strong></span> <span class='ocrx_word' id='word_1_429' title='bbox 1250 2820 1325 2890; x_wconf 69' lang='lat' dir='ltr'><strong>aliis,</strong></span> <span class='ocrx_word' id='word_1_430' title='bbox 1352 2825 1376 2877; x_wconf 77' lang='lat' dir='ltr'><strong>l.</strong></span> <span class='ocrx_word' id='word_1_431' title='bbox 1395 2838 1466 2892; x_wconf 90' lang='lat' dir='ltr'><strong>quae</strong></span> <span class='ocrx_word' id='word_1_432' title='bbox 1491 2821 1542 2876; x_wconf 89' lang='lat' dir='ltr'><strong>fiat</strong></span> <span class='ocrx_word' id='word_1_433' title='bbox 1565 2839 1628 2876; x_wconf 90' lang='lat' dir='ltr'><strong>cum</strong></span> <span class='ocrx_word' id='word_1_434' title='bbox 1652 2823 1825 2878; x_wconf 88' lang='lat' dir='ltr'><strong>successione</strong></span> <span class='ocrx_word' id='word_1_435' title='bbox 1843 2841 1908 2877; x_wconf 90' lang='lat' dir='ltr'><strong>cou-</strong></span> 
     </span>
     <span class='ocr_line' id='line_1_32' title="bbox 210 2906 1908 2981; baseline -0.002 -14"><span class='ocrx_word' id='word_1_436' title='bbox 210 2929 262 2968; x_wconf 92' lang='lat' dir='ltr'><strong>nec</strong></span> <span class='ocrx_word' id='word_1_437' title='bbox 285 2909 392 2981; x_wconf 90' lang='lat' dir='ltr'><strong>plebis,</strong></span> <span class='ocrx_word' id='word_1_438' title='bbox 422 2910 480 2964; x_wconf 89' lang='lat' dir='ltr'><strong>nec&#39;</strong></span> <span class='ocrx_word' id='word_1_439' title='bbox 496 2911 675 2980; x_wconf 85' lang='lat' dir='ltr'><strong>magistratus</strong></span> <span class='ocrx_word' id='word_1_440' title='bbox 700 2910 736 2963; x_wconf 91' lang='lat' dir='ltr'><strong>ad</strong></span> <span class='ocrx_word' id='word_1_441' title='bbox 762 2908 902 2964; x_wconf 87' lang='lat' dir='ltr'><strong>Christum</strong></span> <span class='ocrx_word' id='word_1_442' title='bbox 920 2908 1045 2962; x_wconf 87' lang='lat' dir='ltr'><strong>conversi</strong></span> <span class='ocrx_word' id='word_1_443' title='bbox 1072 2907 1158 2972; x_wconf 88' lang='lat' dir='ltr'><strong>tinus,</strong></span> <span class='ocrx_word' id='word_1_444' title='bbox 1176 2906 1236 2961; x_wconf 92' lang='lat' dir='ltr'><strong>sine</strong></span> <span class='ocrx_word' id='word_1_445' title='bbox 1258 2923 1314 2977; x_wconf 89' lang='lat' dir='ltr'><strong>qua</strong></span> <span class='ocrx_word' id='word_1_446' title='bbox 1331 2923 1386 2961; x_wconf 93' lang='lat' dir='ltr'><strong>non</strong></span> <span class='ocrx_word' id='word_1_447' title='bbox 1404 2906 1505 2962; x_wconf 85' lang='lat' dir='ltr'><strong>habeat</strong></span> <span class='ocrx_word' id='word_1_448' title='bbox 1523 2907 1614 2962; x_wconf 91' lang='lat' dir='ltr'><strong>locum</strong></span> <span class='ocrx_word' id='word_1_449' title='bbox 1627 2909 1753 2981; x_wconf 87' lang='lat' dir='ltr'><strong>legitima</strong></span> <span class='ocrx_word' id='word_1_450' title='bbox 1770 2909 1908 2964; x_wconf 88' lang='lat' dir='ltr'><strong>ministro-</strong></span> 
     </span>
     <span class='ocr_line' id='line_1_33' title="bbox 211 2991 1908 3068; baseline -0.004 -15"><span class='ocrx_word' id='word_1_451' title='bbox 211 2997 346 3068; x_wconf 85' lang='lat' dir='ltr'><strong>suffragia</strong></span> <span class='ocrx_word' id='word_1_452' title='bbox 375 2996 410 3050; x_wconf 87' lang='lat' dir='ltr'><strong>ab</strong></span> <span class='ocrx_word' id='word_1_453' title='bbox 439 2995 573 3050; x_wconf 88' lang='lat' dir='ltr'><strong>electione</strong></span> <span class='ocrx_word' id='word_1_454' title='bbox 603 2996 777 3050; x_wconf 88' lang='lat' dir='ltr'><strong>sacerdotum</strong></span> <span class='ocrx_word' id='word_1_455' title='bbox 802 2994 867 3049; x_wconf 90' lang='lat' dir='ltr'><strong>olim</strong></span> <span class='ocrx_word' id='word_1_456' title='bbox 892 2992 978 3049; x_wconf 85' lang='lat' dir='ltr'><strong>fuisse</strong></span> <span class='ocrx_word' id='word_1_457' title='bbox 1001 3011 1045 3049; x_wconf 83' lang='lat' dir='ltr'><strong>ex·</strong></span> <span class='ocrx_word' id='word_1_458' title='bbox 1072 3010 1133 3046; x_wconf 90' lang='lat' dir='ltr'><strong>rum</strong></span> <span class='ocrx_word' id='word_1_459' title='bbox 1159 2993 1275 3046; x_wconf 90' lang='lat' dir='ltr'><strong>vocatio.</strong></span> <span class='ocrx_word' id='word_1_460' title='bbox 1316 2991 1421 3047; x_wconf 77' lang='lat' dir='ltr'><strong>concil.</strong></span> <span class='ocrx_word' id='word_1_461' title='bbox 1446 2992 1568 3048; x_wconf 87' lang='lat' dir='ltr'><strong>Trident.</strong></span> <span class='ocrx_word' id='word_1_462' title='bbox 1597 2995 1630 3049; x_wconf 93' lang='lat' dir='ltr'><strong>de</strong></span> <span class='ocrx_word' id='word_1_463' title='bbox 1659 3011 1772 3052; x_wconf 90' lang='lat' dir='ltr'><strong>sacram.</strong></span> <span class='ocrx_word' id='word_1_464' title='bbox 1803 2994 1908 3049; x_wconf 86' lang='lat' dir='ltr'><strong>ordinis</strong></span> 
     </span>
     <span class='ocr_line' id='line_1_34' title="bbox 211 3080 1908 3152; baseline -0.002 -12"><span class='ocrx_word' id='word_1_465' title='bbox 211 3086 301 3152; x_wconf 88' lang='lat' dir='ltr'><strong>clusa,</strong></span> <span class='ocrx_word' id='word_1_466' title='bbox 330 3084 451 3152; x_wconf 89' lang='lat' dir='ltr'><strong>itemque</strong></span> <span class='ocrx_word' id='word_1_467' title='bbox 479 3098 551 3152; x_wconf 89' lang='lat' dir='ltr'><strong>quae</strong></span> <span class='ocrx_word' id='word_1_468' title='bbox 574 3082 678 3137; x_wconf 87' lang='lat' dir='ltr'><strong>fuerint</strong></span> <span class='ocrx_word' id='word_1_469' title='bbox 714 3080 884 3152; x_wconf 89' lang='lat' dir='ltr'><strong>singulorum</strong></span> <span class='ocrx_word' id='word_1_470' title='bbox 913 3080 1046 3135; x_wconf 89' lang='lat' dir='ltr'><strong>ecclesiae</strong></span> <span class='ocrx_word' id='word_1_471' title='bbox 1073 3097 1097 3134; x_wconf 90' lang='lat' dir='ltr'><strong>o.</strong></span> <span class='ocrx_word' id='word_1_472' title='bbox 1124 3087 1153 3134; x_wconf 77' lang='lat' dir='ltr'><strong>t:</strong></span> <span class='ocrx_word' id='word_1_473' title='bbox 1186 3081 1277 3133; x_wconf 89' lang='lat' dir='ltr'><strong>Docet</strong></span> <span class='ocrx_word' id='word_1_474' title='bbox 1299 3087 1482 3132; x_wconf 86' lang='lat' dir='ltr'><strong>sacrosancta</strong></span> <span class='ocrx_word' id='word_1_475' title='bbox 1503 3083 1640 3149; x_wconf 76' lang='lat' dir='ltr'><strong>synodus,</strong></span> <span class='ocrx_word' id='word_1_476' title='bbox 1670 3083 1700 3134; x_wconf 88' lang='lat' dir='ltr'><strong>in</strong></span> <span class='ocrx_word' id='word_1_477' title='bbox 1728 3083 1908 3137; x_wconf 84' lang='lat' dir='ltr'><strong>ordinatione</strong></span> 
     </span>
     <span class='ocr_line' id='line_1_35' title="bbox 211 3166 1907 3239; baseline -0.002 -14"><span class='ocrx_word' id='word_1_478' title='bbox 211 3169 339 3225; x_wconf 89' lang='lat' dir='ltr'><strong>ordinum</strong></span> <span class='ocrx_word' id='word_1_479' title='bbox 363 3170 393 3223; x_wconf 92' lang='lat' dir='ltr'><strong>in</strong></span> <span class='ocrx_word' id='word_1_480' title='bbox 416 3167 468 3223; x_wconf 85' lang='lat' dir='ltr'><strong>hoc</strong></span> <span class='ocrx_word' id='word_1_481' title='bbox 488 3167 599 3239; x_wconf 83' lang='lat' dir='ltr'><strong>negotio</strong></span> <span class='ocrx_word' id='word_1_482' title='bbox 618 3172 724 3238; x_wconf 88' lang='lat' dir='ltr'><strong>partes,</strong></span> <span class='ocrx_word' id='word_1_483' title='bbox 755 3166 820 3221; x_wconf 90' lang='lat' dir='ltr'><strong>inde</strong></span> <span class='ocrx_word' id='word_1_484' title='bbox 842 3166 932 3221; x_wconf 90' lang='lat' dir='ltr'><strong>adbuc</strong></span> <span class='ocrx_word' id='word_1_485' title='bbox 950 3184 1045 3239; x_wconf 88' lang='lat' dir='ltr'><strong>super·</strong></span> <span class='ocrx_word' id='word_1_486' title='bbox 1072 3168 1280 3236; x_wconf 84' lang='lat' dir='ltr'><strong>episcoporum,</strong></span> <span class='ocrx_word' id='word_1_487' title='bbox 1298 3167 1475 3218; x_wconf 85' lang='lat' dir='ltr'><strong>sacerdotum</strong></span> <span class='ocrx_word' id='word_1_488' title='bbox 1493 3174 1518 3218; x_wconf 88' lang='lat' dir='ltr'><strong>et</strong></span> <span class='ocrx_word' id='word_1_489' title='bbox 1536 3175 1689 3221; x_wconf 87' lang='lat' dir='ltr'><strong>ceterorum</strong></span> <span class='ocrx_word' id='word_1_490' title='bbox 1709 3169 1839 3221; x_wconf 86' lang='lat' dir='ltr'><strong>ordinum</strong></span> <span class='ocrx_word' id='word_1_491' title='bbox 1856 3185 1907 3222; x_wconf 88' lang='lat' dir='ltr'><strong>nec</strong></span> 
     </span>
     <span class='ocr_line' id='line_1_36' title="bbox 212 3252 1906 3323; baseline -0.002 -12"><span class='ocrx_word' id='word_1_492' title='bbox 212 3263 277 3311; x_wconf 90' lang='lat' dir='ltr'><strong>sunt</strong></span> <span class='ocrx_word' id='word_1_493' title='bbox 294 3254 430 3308; x_wconf 86' lang='lat' dir='ltr'><strong>voeabula</strong></span> <span class='ocrx_word' id='word_1_494' title='bbox 450 3255 661 3318; x_wconf 83' lang='lat' dir='ltr'><strong>nominationis,</strong></span> <span class='ocrx_word' id='word_1_495' title='bbox 677 3254 890 3322; x_wconf 87' lang='lat' dir='ltr'><strong>postulationis,</strong></span> <span class='ocrx_word' id='word_1_496' title='bbox 912 3270 1045 3322; x_wconf 74' lang='lat' dir='ltr'><strong>praesen</strong></span> <span class='ocrx_word' id='word_1_497' title='bbox 1071 3254 1183 3323; x_wconf 86' lang='lat' dir='ltr'><strong>populi,</strong></span> <span class='ocrx_word' id='word_1_498' title='bbox 1211 3269 1259 3305; x_wconf 89' lang='lat' dir='ltr'><strong>nee</strong></span> <span class='ocrx_word' id='word_1_499' title='bbox 1289 3252 1410 3320; x_wconf 66' lang='lat' dir='ltr'><strong>cadurcae</strong></span> <span class='ocrx_word' id='word_1_500' title='bbox 1443 3253 1581 3307; x_wconf 69' lang='lat' dir='ltr'><strong>aemularis</strong></span> <span class='ocrx_word' id='word_1_501' title='bbox 1600 3255 1748 3323; x_wconf 88' lang='lat' dir='ltr'><strong>potestatis</strong></span> <span class='ocrx_word' id='word_1_502' title='bbox 1773 3263 1798 3308; x_wconf 90' lang='lat' dir='ltr'><strong>et</strong></span> <span class='ocrx_word' id='word_1_503' title='bbox 1817 3257 1906 3323; x_wconf 78' lang='lat' dir='ltr'><strong>mapi-</strong></span> 
     </span>
     <span class='ocr_line' id='line_1_37' title="bbox 212 3340 1908 3411; baseline -0.002 -14"><span class='ocrx_word' id='word_1_504' title='bbox 212 3344 341 3406; x_wconf 85' lang='lat' dir='ltr'><strong>tatiouis,</strong></span> <span class='ocrx_word' id='word_1_505' title='bbox 367 3343 523 3406; x_wconf 84' lang='lat' dir='ltr'><strong>electionis,</strong></span> <span class='ocrx_word' id='word_1_506' title='bbox 547 3341 780 3411; x_wconf 67' lang='lat' dir='ltr'><strong>coniectationis,</strong></span> <span class='ocrx_word' id='word_1_507' title='bbox 804 3341 964 3394; x_wconf 86' lang='lat' dir='ltr'><strong>collationis</strong></span> <span class='ocrx_word' id='word_1_508' title='bbox 993 3348 1044 3395; x_wconf 91' lang='lat' dir='ltr'><strong>etc.</strong></span> <span class='ocrx_word' id='word_1_509' title='bbox 1072 3348 1358 3402; x_wconf 79' lang='lat' dir='ltr'><strong>stratascansenmm</strong></span> <span class='ocrx_word' id='word_1_510' title='bbox 1377 3340 1434 3391; x_wconf 87' lang='lat' dir='ltr'><strong>sice</strong></span> <span class='ocrx_word' id='word_1_511' title='bbox 1447 3340 1696 3405; x_wconf 86' lang='lat' dir='ltr'><strong>vocationem,sive</strong></span> <span class='ocrx_word' id='word_1_512' title='bbox 1712 3343 1908 3395; x_wconf 87' lang='lat' dir='ltr'><strong>auctoritatem</strong></span> 
     </span>
     <span class='ocr_line' id='line_1_38' title="bbox 213 3426 1907 3501; baseline -0.001 -18"><span class='ocrx_word' id='word_1_513' title='bbox 213 3430 314 3500; x_wconf 89' lang='lat' dir='ltr'><strong>quibus</strong></span> <span class='ocrx_word' id='word_1_514' title='bbox 332 3427 516 3499; x_wconf 90' lang='lat' dir='ltr'><strong>pulcherrime</strong></span> <span class='ocrx_word' id='word_1_515' title='bbox 536 3429 698 3498; x_wconf 81' lang='lat' dir='ltr'><strong>exponitur,</strong></span> <span class='ocrx_word' id='word_1_516' title='bbox 726 3427 793 3498; x_wconf 90' lang='lat' dir='ltr'><strong>quid</strong></span> <span class='ocrx_word' id='word_1_517' title='bbox 818 3426 992 3497; x_wconf 89' lang='lat' dir='ltr'><strong>magistratui</strong></span> <span class='ocrx_word' id='word_1_518' title='bbox 1018 3434 1045 3481; x_wconf 91' lang='lat' dir='ltr'><strong>et</strong></span> <span class='ocrx_word' id='word_1_519' title='bbox 1072 3430 1113 3482; x_wconf 85' lang='lat' dir='ltr'><strong>ila</strong></span> <span class='ocrx_word' id='word_1_520' title='bbox 1131 3426 1247 3496; x_wconf 76' lang='lat' dir='ltr'><strong>reqsciri,</strong></span> <span class='ocrx_word' id='word_1_521' title='bbox 1266 3434 1296 3478; x_wconf 86' lang='lat' dir='ltr'><strong>ut</strong></span> <span class='ocrx_word' id='word_1_522' title='bbox 1311 3426 1372 3479; x_wconf 87' lang='lat' dir='ltr'><strong>sine</strong></span> <span class='ocrx_word' id='word_1_523' title='bbox 1390 3442 1424 3480; x_wconf 89' lang='lat' dir='ltr'><strong>ea</strong></span> <span class='ocrx_word' id='word_1_524' title='bbox 1443 3427 1527 3480; x_wconf 87' lang='lat' dir='ltr'><strong>irrita</strong></span> <span class='ocrx_word' id='word_1_525' title='bbox 1547 3429 1584 3480; x_wconf 87' lang='lat' dir='ltr'><strong>sit</strong></span> <span class='ocrx_word' id='word_1_526' title='bbox 1597 3428 1754 3497; x_wconf 76' lang='lat' dir='ltr'><strong>ordinatio,</strong></span> <span class='ocrx_word' id='word_1_527' title='bbox 1773 3430 1840 3497; x_wconf 77' lang='lat' dir='ltr'><strong>quin</strong></span> <span class='ocrx_word' id='word_1_528' title='bbox 1854 3448 1907 3501; x_wconf 88' lang='lat' dir='ltr'><strong>pa-</strong></span> 
     </span>
     <span class='ocr_line' id='line_1_39' title="bbox 212 3513 1906 3587; baseline -0.001 -18"><span class='ocrx_word' id='word_1_529' title='bbox 212 3518 315 3587; x_wconf 88' lang='lat' dir='ltr'><strong>popuio</strong></span> <span class='ocrx_word' id='word_1_530' title='bbox 348 3515 376 3568; x_wconf 90' lang='lat' dir='ltr'><strong>in</strong></span> <span class='ocrx_word' id='word_1_531' title='bbox 401 3514 545 3568; x_wconf 87' lang='lat' dir='ltr'><strong>vocatione</strong></span> <span class='ocrx_word' id='word_1_532' title='bbox 579 3514 766 3568; x_wconf 89' lang='lat' dir='ltr'><strong>ministrorum</strong></span> <span class='ocrx_word' id='word_1_533' title='bbox 796 3514 879 3567; x_wconf 88' lang='lat' dir='ltr'><strong>fuerit</strong></span> <span class='ocrx_word' id='word_1_534' title='bbox 910 3513 1044 3566; x_wconf 90' lang='lat' dir='ltr'><strong>relictum.</strong></span> <span class='ocrx_word' id='word_1_535' title='bbox 1071 3515 1127 3566; x_wconf 87' lang='lat' dir='ltr'><strong>tius</strong></span> <span class='ocrx_word' id='word_1_536' title='bbox 1152 3513 1290 3575; x_wconf 88' lang='lat' dir='ltr'><strong>decernit,</strong></span> <span class='ocrx_word' id='word_1_537' title='bbox 1313 3529 1374 3575; x_wconf 86' lang='lat' dir='ltr'><strong>eos,</strong></span> <span class='ocrx_word' id='word_1_538' title='bbox 1405 3514 1455 3580; x_wconf 80' lang='lat' dir='ltr'><strong>qui</strong></span> <span class='ocrx_word' id='word_1_539' title='bbox 1476 3517 1667 3567; x_wconf 87' lang='lat' dir='ltr'><strong>tantummodo</strong></span> <span class='ocrx_word' id='word_1_540' title='bbox 1693 3531 1712 3566; x_wconf 86' lang='lat' dir='ltr'><strong>a</strong></span> <span class='ocrx_word' id='word_1_541' title='bbox 1731 3515 1836 3583; x_wconf 90' lang='lat' dir='ltr'><strong>populo</strong></span> <span class='ocrx_word' id='word_1_542' title='bbox 1855 3523 1906 3568; x_wconf 87' lang='lat' dir='ltr'><strong>aut</strong></span> 
     </span>
     <span class='ocr_line' id='line_1_40' title="bbox 214 3598 1908 3673; baseline -0.001 -18"><span class='ocrx_word' id='word_1_543' title='bbox 214 3602 373 3673; x_wconf 83' lang='lat' dir='ltr'><strong>Aliquando</strong></span> <span class='ocrx_word' id='word_1_544' title='bbox 394 3599 473 3671; x_wconf 91' lang='lat' dir='ltr'><strong>plebs</strong></span> <span class='ocrx_word' id='word_1_545' title='bbox 500 3600 636 3655; x_wconf 90' lang='lat' dir='ltr'><strong>desiderio</strong></span> <span class='ocrx_word' id='word_1_546' title='bbox 655 3606 682 3654; x_wconf 90' lang='lat' dir='ltr'><strong>et</strong></span> <span class='ocrx_word' id='word_1_547' title='bbox 705 3599 839 3669; x_wconf 90' lang='lat' dir='ltr'><strong>petitione</strong></span> <span class='ocrx_word' id='word_1_548' title='bbox 857 3615 906 3654; x_wconf 92' lang='lat' dir='ltr'><strong>seu</strong></span> <span class='ocrx_word' id='word_1_549' title='bbox 924 3599 1044 3669; x_wconf 86' lang='lat' dir='ltr'><strong>postula·</strong></span> <span class='ocrx_word' id='word_1_550' title='bbox 1071 3598 1195 3652; x_wconf 87' lang='lat' dir='ltr'><strong>seculari</strong></span> <span class='ocrx_word' id='word_1_551' title='bbox 1210 3605 1348 3667; x_wconf 85' lang='lat' dir='ltr'><strong>potestate</strong></span> <span class='ocrx_word' id='word_1_552' title='bbox 1374 3615 1407 3650; x_wconf 90' lang='lat' dir='ltr'><strong>ac</strong></span> <span class='ocrx_word' id='word_1_553' title='bbox 1433 3600 1601 3666; x_wconf 77' lang='lat' dir='ltr'><strong>maaistratu</strong></span> <span class='ocrx_word' id='word_1_554' title='bbox 1626 3600 1720 3652; x_wconf 86' lang='lat' dir='ltr'><strong>uocati</strong></span> <span class='ocrx_word' id='word_1_555' title='bbox 1736 3609 1761 3653; x_wconf 90' lang='lat' dir='ltr'><strong>et</strong></span> <span class='ocrx_word' id='word_1_556' title='bbox 1786 3601 1908 3655; x_wconf 85' lang='lat' dir='ltr'><strong>instituti</strong></span> 
     </span>
     <span class='ocr_line' id='line_1_41' title="bbox 213 3683 1906 3757; baseline -0.002 -14"><span class='ocrx_word' id='word_1_557' title='bbox 213 3688 288 3744; x_wconf 88' lang='lat' dir='ltr'><strong>tione</strong></span> <span class='ocrx_word' id='word_1_558' title='bbox 314 3705 365 3741; x_wconf 88' lang='lat' dir='ltr'><strong>sua</strong></span> <span class='ocrx_word' id='word_1_559' title='bbox 388 3702 532 3756; x_wconf 89' lang='lat' dir='ltr'><strong>personam</strong></span> <span class='ocrx_word' id='word_1_560' title='bbox 549 3686 671 3757; x_wconf 87' lang='lat' dir='ltr'><strong>aliquam</strong></span> <span class='ocrx_word' id='word_1_561' title='bbox 694 3685 869 3750; x_wconf 84' lang='lat' dir='ltr'><strong>nominabat,</strong></span> <span class='ocrx_word' id='word_1_562' title='bbox 895 3684 1044 3755; x_wconf 89' lang='lat' dir='ltr'><strong>aliquando</strong></span> <span class='ocrx_word' id='word_1_563' title='bbox 1072 3687 1113 3737; x_wconf 88' lang='lat' dir='ltr'><strong>ad</strong></span> <span class='ocrx_word' id='word_1_564' title='bbox 1129 3685 1198 3738; x_wconf 80' lang='lat' dir='ltr'><strong>liaeo</strong></span> <span class='ocrx_word' id='word_1_565' title='bbox 1216 3683 1371 3737; x_wconf 61' lang='lat' dir='ltr'><strong>minatoria</strong></span> <span class='ocrx_word' id='word_1_566' title='bbox 1390 3685 1572 3753; x_wconf 84' lang='lat' dir='ltr'><strong>adscendunt,</strong></span> <span class='ocrx_word' id='word_1_567' title='bbox 1594 3702 1687 3738; x_wconf 87' lang='lat' dir='ltr'><strong>omnes</strong></span> <span class='ocrx_word' id='word_1_568' title='bbox 1705 3687 1906 3740; x_wconf 76' lang='lat' dir='ltr'><strong>noiiecclesiae</strong></span> 
     </span>
     <span class='ocr_line' id='line_1_42' title="bbox 213 3769 1905 3845; baseline -0.001 -18"><span class='ocrx_word' id='word_1_569' title='bbox 213 3774 392 3845; x_wconf 85' lang='lat' dir='ltr'><strong>magistratus</strong></span> <span class='ocrx_word' id='word_1_570' title='bbox 416 3773 602 3843; x_wconf 89' lang='lat' dir='ltr'><strong>proponebat,</strong></span> <span class='ocrx_word' id='word_1_571' title='bbox 626 3772 736 3842; x_wconf 89' lang='lat' dir='ltr'><strong>saepius</strong></span> <span class='ocrx_word' id='word_1_572' title='bbox 763 3788 827 3826; x_wconf 90' lang='lat' dir='ltr'><strong>vero</strong></span> <span class='ocrx_word' id='word_1_573' title='bbox 846 3771 977 3842; x_wconf 88' lang='lat' dir='ltr'><strong>episcopi,</strong></span> <span class='ocrx_word' id='word_1_574' title='bbox 997 3771 1045 3842; x_wconf 92' lang='lat' dir='ltr'><strong>qui</strong></span> <span class='ocrx_word' id='word_1_575' title='bbox 1072 3772 1222 3838; x_wconf 87' lang='lat' dir='ltr'><strong>ministras,</strong></span> <span class='ocrx_word' id='word_1_576' title='bbox 1242 3771 1293 3822; x_wconf 89' lang='lat' dir='ltr'><strong>sed</strong></span> <span class='ocrx_word' id='word_1_577' title='bbox 1304 3770 1388 3834; x_wconf 66' lang='lat' dir='ltr'><strong>fieres</strong></span> <span class='ocrx_word' id='word_1_578' title='bbox 1409 3777 1434 3823; x_wconf 88' lang='lat' dir='ltr'><strong>et</strong></span> <span class='ocrx_word' id='word_1_579' title='bbox 1453 3769 1576 3824; x_wconf 87' lang='lat' dir='ltr'><strong>latrones</strong></span> <span class='ocrx_word' id='word_1_580' title='bbox 1593 3770 1736 3823; x_wconf 79' lang='lat' dir='ltr'><strong>tutandas</strong></span> <span class='ocrx_word' id='word_1_581' title='bbox 1755 3789 1820 3826; x_wconf 86' lang='lat' dir='ltr'><strong>esse.</strong></span> <span class='ocrx_word' id='word_1_582' title='bbox 1838 3789 1861 3826; x_wconf 90' lang='lat' dir='ltr'><strong>c.</strong></span> <span class='ocrx_word' id='word_1_583' title='bbox 1876 3779 1905 3826; x_wconf 79' lang='lat' dir='ltr'><strong>i:</strong></span> 
     </span>
     <span class='ocr_line' id='line_1_43' title="bbox 213 3856 1905 3929; baseline -0.001 -16"><span class='ocrx_word' id='word_1_584' title='bbox 213 3859 249 3913; x_wconf 92' lang='lat' dir='ltr'><strong>de</strong></span> <span class='ocrx_word' id='word_1_585' title='bbox 276 3858 457 3929; x_wconf 87' lang='lat' dir='ltr'><strong>qualitatibus</strong></span> <span class='ocrx_word' id='word_1_586' title='bbox 482 3857 670 3928; x_wconf 90' lang='lat' dir='ltr'><strong>eligendorum</strong></span> <span class='ocrx_word' id='word_1_587' title='bbox 696 3858 798 3913; x_wconf 86' lang='lat' dir='ltr'><strong>rectius</strong></span> <span class='ocrx_word' id='word_1_588' title='bbox 820 3858 948 3927; x_wconf 90' lang='lat' dir='ltr'><strong>judicare</strong></span> <span class='ocrx_word' id='word_1_589' title='bbox 967 3865 1044 3928; x_wconf 90' lang='lat' dir='ltr'><strong>pote·</strong></span> <span class='ocrx_word' id='word_1_590' title='bbox 1074 3858 1108 3911; x_wconf 87' lang='lat' dir='ltr'><strong>Si</strong></span> <span class='ocrx_word' id='word_1_591' title='bbox 1123 3857 1186 3926; x_wconf 83' lang='lat' dir='ltr'><strong>quis</strong></span> <span class='ocrx_word' id='word_1_592' title='bbox 1205 3856 1323 3924; x_wconf 68' lang='lat' dir='ltr'><strong>eluerit,</strong></span> <span class='ocrx_word' id='word_1_593' title='bbox 1350 3857 1463 3909; x_wconf 81' lang='lat' dir='ltr'><strong>ordines</strong></span> <span class='ocrx_word' id='word_1_594' title='bbox 1489 3857 1524 3909; x_wconf 90' lang='lat' dir='ltr'><strong>ab</strong></span> <span class='ocrx_word' id='word_1_595' title='bbox 1547 3857 1687 3926; x_wconf 80' lang='lat' dir='ltr'><strong>episeopis</strong></span> <span class='ocrx_word' id='word_1_596' title='bbox 1706 3859 1824 3912; x_wconf 84' lang='lat' dir='ltr'><strong>collatos</strong></span> <span class='ocrx_word' id='word_1_597' title='bbox 1844 3861 1905 3912; x_wconf 74' lang='lat' dir='ltr'><strong>sirie</strong></span> 
     </span>
     <span class='ocr_line' id='line_1_44' title="bbox 212 3941 1905 4015; baseline -0.001 -16"><span class='ocrx_word' id='word_1_598' title='bbox 212 3951 288 4012; x_wconf 84' lang='lat' dir='ltr'><strong>rant,</strong></span> <span class='ocrx_word' id='word_1_599' title='bbox 316 3952 343 3999; x_wconf 92' lang='lat' dir='ltr'><strong>et</strong></span> <span class='ocrx_word' id='word_1_600' title='bbox 362 3945 566 4014; x_wconf 80' lang='lat' dir='ltr'><strong>tuncpopulus</strong></span> <span class='ocrx_word' id='word_1_601' title='bbox 592 3961 642 3998; x_wconf 91' lang='lat' dir='ltr'><strong>suo</strong></span> <span class='ocrx_word' id='word_1_602' title='bbox 662 3944 795 4015; x_wconf 85' lang='lat' dir='ltr'><strong>suffragio</strong></span> <span class='ocrx_word' id='word_1_603' title='bbox 818 3945 979 3999; x_wconf 88' lang='lat' dir='ltr'><strong>electionem</strong></span> <span class='ocrx_word' id='word_1_604' title='bbox 997 3961 1044 4014; x_wconf 86' lang='lat' dir='ltr'><strong>ap·</strong></span> <span class='ocrx_word' id='word_1_605' title='bbox 1069 3944 1173 4014; x_wconf 84' lang='lat' dir='ltr'><strong>populi</strong></span> <span class='ocrx_word' id='word_1_606' title='bbox 1189 3943 1231 3997; x_wconf 87' lang='lat' dir='ltr'><strong>cel</strong></span> <span class='ocrx_word' id='word_1_607' title='bbox 1249 3941 1386 3995; x_wconf 88' lang='lat' dir='ltr'><strong>secularis</strong></span> <span class='ocrx_word' id='word_1_608' title='bbox 1398 3944 1547 4011; x_wconf 85' lang='lat' dir='ltr'><strong>potestatis</strong></span> <span class='ocrx_word' id='word_1_609' title='bbox 1559 3960 1692 3997; x_wconf 84' lang='lat' dir='ltr'><strong>consensu</strong></span> <span class='ocrx_word' id='word_1_610' title='bbox 1703 3953 1753 3997; x_wconf 90' lang='lat' dir='ltr'><strong>aut</strong></span> <span class='ocrx_word' id='word_1_611' title='bbox 1761 3945 1905 3999; x_wconf 68' lang='lat' dir='ltr'><strong>cocmione</strong></span> 
     </span>
     <span class='ocr_line' id='line_1_45' title="bbox 212 4029 1904 4103; baseline -0.001 -17"><span class='ocrx_word' id='word_1_612' title='bbox 212 4032 358 4103; x_wconf 85' lang='lat' dir='ltr'><strong>probabat,</strong></span> <span class='ocrx_word' id='word_1_613' title='bbox 371 4031 549 4102; x_wconf 87' lang='lat' dir='ltr'><strong>magistratus</strong></span> <span class='ocrx_word' id='word_1_614' title='bbox 563 4031 686 4085; x_wconf 89' lang='lat' dir='ltr'><strong>addebat</strong></span> <span class='ocrx_word' id='word_1_615' title='bbox 698 4029 940 4085; x_wconf 87' lang='lat' dir='ltr'><strong>confirmationem.</strong></span> <span class='ocrx_word' id='word_1_616' title='bbox 968 4031 1045 4085; x_wconf 88' lang='lat' dir='ltr'><strong>idem</strong></span> <span class='ocrx_word' id='word_1_617' title='bbox 1073 4031 1168 4083; x_wconf 79' lang='lat' dir='ltr'><strong>irritos</strong></span> <span class='ocrx_word' id='word_1_618' title='bbox 1201 4045 1273 4098; x_wconf 89' lang='lat' dir='ltr'><strong>esse,</strong></span> <span class='ocrx_word' id='word_1_619' title='bbox 1304 4029 1454 4082; x_wconf 77' lang='lat' dir='ltr'><strong>anathema</strong></span> <span class='ocrx_word' id='word_1_620' title='bbox 1483 4031 1529 4082; x_wconf 87' lang='lat' dir='ltr'><strong>sit.</strong></span> <span class='ocrx_word' id='word_1_621' title='bbox 1571 4029 1755 4084; x_wconf 90' lang='lat' dir='ltr'><strong>Bellarminus</strong></span> <span class='ocrx_word' id='word_1_622' title='bbox 1785 4038 1904 4087; x_wconf 90' lang='lat' dir='ltr'><strong>mentem</strong></span> 
     </span>
     <span class='ocr_line' id='line_1_46' title="bbox 212 4114 1905 4186; baseline -0.001 -13"><span class='ocrx_word' id='word_1_623' title='bbox 212 4117 270 4173; x_wconf 87' lang='lat' dir='ltr'><strong>fere</strong></span> <span class='ocrx_word' id='word_1_624' title='bbox 289 4118 317 4173; x_wconf 92' lang='lat' dir='ltr'><strong>in</strong></span> <span class='ocrx_word' id='word_1_625' title='bbox 336 4117 436 4172; x_wconf 91' lang='lat' dir='ltr'><strong>nostris</strong></span> <span class='ocrx_word' id='word_1_626' title='bbox 453 4115 545 4170; x_wconf 90' lang='lat' dir='ltr'><strong>adhuc</strong></span> <span class='ocrx_word' id='word_1_627' title='bbox 563 4115 725 4172; x_wconf 90' lang='lat' dir='ltr'><strong>observatur</strong></span> <span class='ocrx_word' id='word_1_628' title='bbox 738 4117 877 4186; x_wconf 82' lang='lat' dir='ltr'><strong>ecclesiis3</strong></span> <span class='ocrx_word' id='word_1_629' title='bbox 896 4117 1045 4171; x_wconf 89' lang='lat' dir='ltr'><strong>constituta</strong></span> <span class='ocrx_word' id='word_1_630' title='bbox 1072 4116 1180 4170; x_wconf 89' lang='lat' dir='ltr'><strong>concilii</strong></span> <span class='ocrx_word' id='word_1_631' title='bbox 1208 4115 1247 4169; x_wconf 90' lang='lat' dir='ltr'><strong>sic</strong></span> <span class='ocrx_word' id='word_1_632' title='bbox 1264 4115 1376 4185; x_wconf 86' lang='lat' dir='ltr'><strong>exponit</strong></span> <span class='ocrx_word' id='word_1_633' title='bbox 1396 4114 1456 4170; x_wconf 86' lang='lat' dir='ltr'><strong>libr.</strong></span> <span class='ocrx_word' id='word_1_634' title='bbox 1480 4123 1499 4170; x_wconf 86' lang='lat'><strong>1.</strong></span> <span class='ocrx_word' id='word_1_635' title='bbox 1520 4115 1555 4170; x_wconf 94' lang='lat' dir='ltr'><strong>de</strong></span> <span class='ocrx_word' id='word_1_636' title='bbox 1581 4115 1688 4171; x_wconf 86' lang='lat' dir='ltr'><strong>clericis</strong></span> <span class='ocrx_word' id='word_1_637' title='bbox 1706 4135 1728 4172; x_wconf 89' lang='lat' dir='ltr'><strong>c.</strong></span> <span class='ocrx_word' id='word_1_638' title='bbox 1749 4123 1776 4173; x_wconf 80' lang='lat' dir='ltr'><strong>t:</strong></span> <span class='ocrx_word' id='word_1_639' title='bbox 1804 4121 1905 4172; x_wconf 86' lang='lat' dir='ltr'><strong>Omnes</strong></span> 
     </span>
     <span class='ocr_line' id='line_1_47' title="bbox 146 4201 1904 4275; baseline 0.001 -18"><span class='ocrx_word' id='word_1_640' title='bbox 146 4251 148 4257; x_wconf 81' lang='grc'>,</span> <span class='ocrx_word' id='word_1_641' title='bbox 214 4204 286 4259; x_wconf 92' lang='lat' dir='ltr'><strong>enim</strong></span> <span class='ocrx_word' id='word_1_642' title='bbox 315 4203 390 4273; x_wconf 89' lang='lat' dir='ltr'><strong>apud</strong></span> <span class='ocrx_word' id='word_1_643' title='bbox 417 4220 466 4256; x_wconf 90' lang='lat' dir='ltr'><strong>nos</strong></span> <span class='ocrx_word' id='word_1_644' title='bbox 497 4207 561 4256; x_wconf 91' lang='lat' dir='ltr'><strong>sunt</strong></span> <span class='ocrx_word' id='word_1_645' title='bbox 591 4203 780 4258; x_wconf 89' lang='lat' dir='ltr'><strong>ecclesiastica</strong></span> <span class='ocrx_word' id='word_1_646' title='bbox 805 4202 983 4272; x_wconf 89' lang='lat' dir='ltr'><strong>consistoria,</strong></span> <span class='ocrx_word' id='word_1_647' title='bbox 1016 4204 1044 4257; x_wconf 92' lang='lat' dir='ltr'><strong>in</strong></span> <span class='ocrx_word' id='word_1_648' title='bbox 1075 4203 1214 4259; x_wconf 75' lang='lat' dir='ltr'><strong>Catholici</strong></span> <span class='ocrx_word' id='word_1_649' title='bbox 1230 4219 1336 4256; x_wconf 88' lang='lat' dir='ltr'><strong>summa</strong></span> <span class='ocrx_word' id='word_1_650' title='bbox 1355 4201 1531 4255; x_wconf 87' lang='lat' dir='ltr'><strong>consensione</strong></span> <span class='ocrx_word' id='word_1_651' title='bbox 1551 4203 1664 4267; x_wconf 57' lang='lat' dir='ltr'><strong>meent,</strong></span> <span class='ocrx_word' id='word_1_652' title='bbox 1693 4205 1739 4271; x_wconf 74' lang='lat' dir='ltr'><strong>ius</strong></span> <span class='ocrx_word' id='word_1_653' title='bbox 1760 4207 1904 4275; x_wconf 86' lang='lat' dir='ltr'><strong>episcopos</strong></span> 
     </span>
     <span class='ocr_line' id='line_1_48' title="bbox 214 4287 1904 4363; baseline 0.001 -19"><span class='ocrx_word' id='word_1_654' title='bbox 214 4290 314 4363; x_wconf 90' lang='lat' dir='ltr'><strong>quibus</strong></span> <span class='ocrx_word' id='word_1_655' title='bbox 341 4305 475 4360; x_wconf 89' lang='lat' dir='ltr'><strong>personae</strong></span> <span class='ocrx_word' id='word_1_656' title='bbox 503 4287 707 4344; x_wconf 87' lang='lat' dir='ltr'><strong>ecclesiasticae</strong></span> <span class='ocrx_word' id='word_1_657' title='bbox 735 4297 763 4344; x_wconf 92' lang='lat' dir='ltr'><strong>et</strong></span> <span class='ocrx_word' id='word_1_658' title='bbox 788 4289 920 4359; x_wconf 90' lang='lat' dir='ltr'><strong>politicae</strong></span> <span class='ocrx_word' id='word_1_659' title='bbox 945 4289 1046 4360; x_wconf 86' lang='lat' dir='ltr'><strong>praesi—</strong></span> <span class='ocrx_word' id='word_1_660' title='bbox 1073 4289 1230 4343; x_wconf 86' lang='lat' dir='ltr'><strong>ordinandi</strong></span> <span class='ocrx_word' id='word_1_661' title='bbox 1252 4306 1286 4342; x_wconf 91' lang='lat' dir='ltr'><strong>ac</strong></span> <span class='ocrx_word' id='word_1_662' title='bbox 1309 4289 1431 4342; x_wconf 84' lang='lat' dir='ltr'><strong>vocandi</strong></span> <span class='ocrx_word' id='word_1_663' title='bbox 1455 4289 1496 4340; x_wconf 84' lang='lat' dir='ltr'><strong>ad</strong></span> <span class='ocrx_word' id='word_1_664' title='bbox 1512 4289 1623 4357; x_wconf 85' lang='lat' dir='ltr'><strong>plebem</strong></span> <span class='ocrx_word' id='word_1_665' title='bbox 1641 4291 1720 4345; x_wconf 89' lang='lat' dir='ltr'><strong>nullo</strong></span> <span class='ocrx_word' id='word_1_666' title='bbox 1738 4295 1821 4346; x_wconf 87' lang='lat' dir='ltr'><strong>moda</strong></span> <span class='ocrx_word' id='word_1_667' title='bbox 1836 4309 1904 4361; x_wconf 84' lang='lat' dir='ltr'><strong>per·-</strong></span> 
     </span>
     <span class='ocr_line' id='line_1_49' title="bbox 214 4373 1906 4447; baseline 0.001 -16"><span class='ocrx_word' id='word_1_668' title='bbox 214 4376 295 4442; x_wconf 89' lang='lat' dir='ltr'><strong>dent,</strong></span> <span class='ocrx_word' id='word_1_669' title='bbox 322 4375 370 4429; x_wconf 88' lang='lat' dir='ltr'><strong>illa</strong></span> <span class='ocrx_word' id='word_1_670' title='bbox 393 4375 502 4429; x_wconf 92' lang='lat' dir='ltr'><strong>nomine</strong></span> <span class='ocrx_word' id='word_1_671' title='bbox 527 4373 660 4429; x_wconf 89' lang='lat' dir='ltr'><strong>ecclesiae</strong></span> <span class='ocrx_word' id='word_1_672' title='bbox 687 4376 721 4430; x_wconf 90' lang='lat' dir='ltr'><strong>de</strong></span> <span class='ocrx_word' id='word_1_673' title='bbox 746 4375 941 4431; x_wconf 89' lang='lat' dir='ltr'><strong>constitutione</strong></span> <span class='ocrx_word' id='word_1_674' title='bbox 968 4376 1047 4431; x_wconf 89' lang='lat' dir='ltr'><strong>mini·</strong></span> <span class='ocrx_word' id='word_1_675' title='bbox 1073 4377 1161 4430; x_wconf 87' lang='lat' dir='ltr'><strong>tinere</strong></span> <span class='ocrx_word' id='word_1_676' title='bbox 1177 4394 1268 4446; x_wconf 89' lang='lat' dir='ltr'><strong>posse,</strong></span> <span class='ocrx_word' id='word_1_677' title='bbox 1282 4377 1335 4444; x_wconf 86' lang='lat' dir='ltr'><strong>jus</strong></span> <span class='ocrx_word' id='word_1_678' title='bbox 1351 4382 1443 4429; x_wconf 84' lang='lat' dir='ltr'><strong>autem</strong></span> <span class='ocrx_word' id='word_1_679' title='bbox 1457 4374 1582 4442; x_wconf 81' lang='lat' dir='ltr'><strong>elipandi</strong></span> <span class='ocrx_word' id='word_1_680' title='bbox 1595 4377 1684 4441; x_wconf 81' lang='lat' dir='ltr'><strong>fuisse</strong></span> <span class='ocrx_word' id='word_1_681' title='bbox 1706 4378 1861 4447; x_wconf 82' lang='lat' dir='ltr'><strong>aliquanda</strong></span> <span class='ocrx_word' id='word_1_682' title='bbox 1881 4388 1906 4433; x_wconf 91' lang='lat' dir='ltr'><strong>et</strong></span> 
     </span>
     <span class='ocr_line' id='line_1_50' title="bbox 214 4460 1906 4534; baseline 0.001 -15"><span class='ocrx_word' id='word_1_683' title='bbox 214 4465 289 4519; x_wconf 83' lang='lat' dir='ltr'><strong>sterii</strong></span> <span class='ocrx_word' id='word_1_684' title='bbox 307 4467 440 4531; x_wconf 88' lang='lat' dir='ltr'><strong>tractant,</strong></span> <span class='ocrx_word' id='word_1_685' title='bbox 468 4461 612 4531; x_wconf 91' lang='lat' dir='ltr'><strong>inquirunt</strong></span> <span class='ocrx_word' id='word_1_686' title='bbox 630 4460 658 4514; x_wconf 92' lang='lat' dir='ltr'><strong>in</strong></span> <span class='ocrx_word' id='word_1_687' title='bbox 682 4461 872 4533; x_wconf 86' lang='lat' dir='ltr'><strong>eligendorum</strong></span> <span class='ocrx_word' id='word_1_688' title='bbox 892 4463 1047 4534; x_wconf 86' lang='lat' dir='ltr'><strong>qualitates,</strong></span> <span class='ocrx_word' id='word_1_689' title='bbox 1074 4464 1171 4533; x_wconf 89' lang='lat' dir='ltr'><strong>aliquo</strong></span> <span class='ocrx_word' id='word_1_690' title='bbox 1196 4465 1279 4518; x_wconf 89' lang='lat' dir='ltr'><strong>modo</strong></span> <span class='ocrx_word' id='word_1_691' title='bbox 1298 4478 1385 4533; x_wconf 86' lang='lat' dir='ltr'><strong>penes</strong></span> <span class='ocrx_word' id='word_1_692' title='bbox 1403 4461 1555 4531; x_wconf 81' lang='lat' dir='ltr'><strong>populum,</strong></span> <span class='ocrx_word' id='word_1_693' title='bbox 1584 4464 1635 4515; x_wconf 89' lang='lat' dir='ltr'><strong>sed</strong></span> <span class='ocrx_word' id='word_1_694' title='bbox 1654 4466 1820 4533; x_wconf 81' lang='lat' dir='ltr'><strong>pontificum</strong></span> <span class='ocrx_word' id='word_1_695' title='bbox 1844 4484 1906 4520; x_wconf 91' lang='lat' dir='ltr'><strong>con-</strong></span> 
     </span>
     <span class='ocr_line' id='line_1_51' title="bbox 215 4547 1906 4618; baseline 0.001 -13"><span class='ocrx_word' id='word_1_696' title='bbox 215 4553 315 4606; x_wconf 91' lang='lat' dir='ltr'><strong>sistunt</strong></span> <span class='ocrx_word' id='word_1_697' title='bbox 336 4567 383 4604; x_wconf 89' lang='lat' dir='ltr'><strong>eos</strong></span> <span class='ocrx_word' id='word_1_698' title='bbox 404 4548 556 4603; x_wconf 90' lang='lat' dir='ltr'><strong>audiendos</strong></span> <span class='ocrx_word' id='word_1_699' title='bbox 576 4547 719 4616; x_wconf 85' lang='lat' dir='ltr'><strong>incestu,</strong></span> <span class='ocrx_word' id='word_1_700' title='bbox 739 4550 784 4603; x_wconf 92' lang='lat' dir='ltr'><strong>cui</strong></span> <span class='ocrx_word' id='word_1_701' title='bbox 804 4548 916 4618; x_wconf 86' lang='lat' dir='ltr'><strong>praefici</strong></span> <span class='ocrx_word' id='word_1_702' title='bbox 937 4548 1047 4617; x_wconf 88' lang='lat' dir='ltr'><strong>debent,</strong></span> <span class='ocrx_word' id='word_1_703' title='bbox 1074 4553 1195 4606; x_wconf 88' lang='lat' dir='ltr'><strong>cessione</strong></span> <span class='ocrx_word' id='word_1_704' title='bbox 1219 4552 1262 4604; x_wconf 85' lang='lat' dir='ltr'><strong>cel</strong></span> <span class='ocrx_word' id='word_1_705' title='bbox 1290 4549 1475 4610; x_wconf 82' lang='lat' dir='ltr'><strong>conniventia,</strong></span> <span class='ocrx_word' id='word_1_706' title='bbox 1506 4566 1561 4601; x_wconf 87' lang='lat' dir='ltr'><strong>non</strong></span> <span class='ocrx_word' id='word_1_707' title='bbox 1587 4549 1646 4616; x_wconf 79' lang='lat' dir='ltr'><strong>lepe</strong></span> <span class='ocrx_word' id='word_1_708' title='bbox 1673 4553 1780 4607; x_wconf 86' lang='lat' dir='ltr'><strong>divina.</strong></span> <span class='ocrx_word' id='word_1_709' title='bbox 1825 4551 1906 4608; x_wconf 87' lang='lat' dir='ltr'><strong>Hanc</strong></span> 
     </span>
     <span class='ocr_line' id='line_1_52' title="bbox 215 4634 1905 4709; baseline 0.002 -19"><span class='ocrx_word' id='word_1_710' title='bbox 215 4638 382 4708; x_wconf 90' lang='lat' dir='ltr'><strong>quandoque</strong></span> <span class='ocrx_word' id='word_1_711' title='bbox 411 4653 511 4702; x_wconf 91' lang='lat' dir='ltr'><strong>unum,</strong></span> <span class='ocrx_word' id='word_1_712' title='bbox 542 4634 709 4705; x_wconf 88' lang='lat' dir='ltr'><strong>quandoque</strong></span> <span class='ocrx_word' id='word_1_713' title='bbox 736 4635 843 4705; x_wconf 91' lang='lat' dir='ltr'><strong>plures,</strong></span> <span class='ocrx_word' id='word_1_714' title='bbox 876 4642 904 4690; x_wconf 87' lang='lat' dir='ltr'><strong>et</strong></span> <span class='ocrx_word' id='word_1_715' title='bbox 932 4637 1047 4691; x_wconf 87' lang='lat' dir='ltr'><strong>liberam</strong></span> <span class='ocrx_word' id='word_1_716' title='bbox 1073 4638 1236 4695; x_wconf 90' lang='lat' dir='ltr'><strong>seutentiam</strong></span> <span class='ocrx_word' id='word_1_717' title='bbox 1255 4637 1339 4692; x_wconf 84' lang='lat' dir='ltr'><strong>latius</strong></span> <span class='ocrx_word' id='word_1_718' title='bbox 1358 4635 1481 4691; x_wconf 85' lang='lat' dir='ltr'><strong>declarat</strong></span> <span class='ocrx_word' id='word_1_719' title='bbox 1495 4635 1678 4691; x_wconf 86' lang='lat' dir='ltr'><strong>etconfirmut</strong></span> <span class='ocrx_word' id='word_1_720' title='bbox 1694 4655 1743 4709; x_wconf 87' lang='lat' dir='ltr'><strong>per</strong></span> <span class='ocrx_word' id='word_1_721' title='bbox 1761 4638 1905 4693; x_wconf 84' lang='lat' dir='ltr'><strong>distinctas</strong></span> 
     </span>
     <span class='ocr_line' id='line_1_53' title="bbox 216 4720 1906 4795; baseline 0.001 -18"><span class='ocrx_word' id='word_1_722' title='bbox 216 4723 387 4777; x_wconf 88' lang='lat' dir='ltr'><strong>auditoribus</strong></span> <span class='ocrx_word' id='word_1_723' title='bbox 412 4722 574 4778; x_wconf 88' lang='lat' dir='ltr'><strong>electionem</strong></span> <span class='ocrx_word' id='word_1_724' title='bbox 597 4720 772 4792; x_wconf 79' lang='lat' dir='ltr'><strong>relinquunt3</strong></span> <span class='ocrx_word' id='word_1_725' title='bbox 802 4722 940 4777; x_wconf 89' lang='lat' dir='ltr'><strong>interdum</strong></span> <span class='ocrx_word' id='word_1_726' title='bbox 965 4723 1047 4777; x_wconf 88' lang='lat' dir='ltr'><strong>etiam</strong></span> <span class='ocrx_word' id='word_1_727' title='bbox 1074 4725 1280 4795; x_wconf 88' lang='lat' dir='ltr'><strong>propositiones.</strong></span> <span class='ocrx_word' id='word_1_728' title='bbox 1317 4727 1340 4777; x_wconf 85' lang='lat'><strong>1.</strong></span> <span class='ocrx_word' id='word_1_729' title='bbox 1363 4720 1514 4775; x_wconf 82' lang='lat' dir='ltr'><strong>Ordinatio</strong></span> <span class='ocrx_word' id='word_1_730' title='bbox 1538 4729 1594 4776; x_wconf 87' lang='lat' dir='ltr'><strong>tum</strong></span> <span class='ocrx_word' id='word_1_731' title='bbox 1619 4726 1826 4793; x_wconf 74' lang='lat' dir='ltr'><strong>episcoporum,</strong></span> <span class='ocrx_word' id='word_1_732' title='bbox 1850 4735 1906 4779; x_wconf 86' lang='lat' dir='ltr'><strong>tum</strong></span> 
     </span>
     <span class='ocr_line' id='line_1_54' title="bbox 214 4807 1906 4878; baseline 0.003 -17"><span class='ocrx_word' id='word_1_733' title='bbox 214 4809 291 4878; x_wconf 89' lang='lat' dir='ltr'><strong>ipsae</strong></span> <span class='ocrx_word' id='word_1_734' title='bbox 317 4808 449 4863; x_wconf 88' lang='lat' dir='ltr'><strong>ecclesiae</strong></span> <span class='ocrx_word' id='word_1_735' title='bbox 474 4816 576 4862; x_wconf 73' lang='lat' dir='ltr'><strong>cenam</strong></span> <span class='ocrx_word' id='word_1_736' title='bbox 604 4823 754 4878; x_wconf 85' lang='lat' dir='ltr'><strong>personam·</strong></span> <span class='ocrx_word' id='word_1_737' title='bbox 777 4808 937 4862; x_wconf 84' lang='lat' dir='ltr'><strong>consistorio</strong></span> <span class='ocrx_word' id='word_1_738' title='bbox 960 4807 1047 4861; x_wconf 89' lang='lat' dir='ltr'><strong>nomi·</strong></span> <span class='ocrx_word' id='word_1_739' title='bbox 1074 4813 1196 4864; x_wconf 75' lang='lat' dir='ltr'><strong>alionum</strong></span> <span class='ocrx_word' id='word_1_740' title='bbox 1216 4810 1348 4865; x_wconf 87' lang='lat' dir='ltr'><strong>ecclesiae</strong></span> <span class='ocrx_word' id='word_1_741' title='bbox 1365 4808 1556 4862; x_wconf 83' lang='lat' dir='ltr'><strong>ministrorum</strong></span> <span class='ocrx_word' id='word_1_742' title='bbox 1575 4829 1630 4863; x_wconf 89' lang='lat' dir='ltr'><strong>nan</strong></span> <span class='ocrx_word' id='word_1_743' title='bbox 1651 4812 1692 4863; x_wconf 84' lang='lat' dir='ltr'><strong>ad</strong></span> <span class='ocrx_word' id='word_1_744' title='bbox 1705 4812 1828 4878; x_wconf 87' lang='lat' dir='ltr'><strong>plebem,</strong></span> <span class='ocrx_word' id='word_1_745' title='bbox 1856 4816 1906 4866; x_wconf 89' lang='lat' dir='ltr'><strong>sed</strong></span> 
     </span>
     <span class='ocr_line' id='line_1_55' title="bbox 215 4893 1905 4974; baseline 0.004 -25"><span class='ocrx_word' id='word_1_746' title='bbox 215 4902 290 4964; x_wconf 89' lang='lat' dir='ltr'><strong>nant,</strong></span> <span class='ocrx_word' id='word_1_747' title='bbox 309 4895 383 4964; x_wconf 91' lang='lat' dir='ltr'><strong>quod</strong></span> <span class='ocrx_word' id='word_1_748' title='bbox 401 4895 553 4964; x_wconf 85' lang='lat' dir='ltr'><strong>praemissa</strong></span> <span class='ocrx_word' id='word_1_749' title='bbox 572 4893 770 4949; x_wconf 87' lang='lat' dir='ltr'><strong>deliberatione</strong></span> <span class='ocrx_word' id='word_1_750' title='bbox 789 4899 817 4948; x_wconf 91' lang='lat' dir='ltr'><strong>et</strong></span> <span class='ocrx_word' id='word_1_751' title='bbox 836 4893 970 4948; x_wconf 86' lang='lat' dir='ltr'><strong>nominati</strong></span> <span class='ocrx_word' id='word_1_752' title='bbox 984 4911 1046 4949; x_wconf 85' lang='lat' dir='ltr'><strong>exa·</strong></span> <span class='ocrx_word' id='word_1_753' title='bbox 1073 4901 1112 4951; x_wconf 91' lang='lat' dir='ltr'><strong>ad</strong></span> <span class='ocrx_word' id='word_1_754' title='bbox 1139 4899 1215 4951; x_wconf 89' lang='lat' dir='ltr'><strong>solos</strong></span> <span class='ocrx_word' id='word_1_755' title='bbox 1241 4897 1386 4965; x_wconf 86' lang='lat' dir='ltr'><strong>episcopos</strong></span> <span class='ocrx_word' id='word_1_756' title='bbox 1409 4896 1538 4964; x_wconf 83' lang='lat' dir='ltr'><strong>pertinet.</strong></span> <span class='ocrx_word' id='word_1_757' title='bbox 1565 4914 1588 4951; x_wconf 91' lang='lat' dir='ltr'><strong>c.</strong></span> <span class='ocrx_word' id='word_1_758' title='bbox 1614 4901 1637 4952; x_wconf 83' lang='grc'><strong>3,</strong></span> <span class='ocrx_word' id='word_1_759' title='bbox 1686 4895 1905 4974; x_wconf 66' lang='lat' dir='ltr'><strong>Respondemus,</strong></span> 
     </span>
     <span class='ocr_line' id='line_1_56' title="bbox 215 4978 1906 5052; baseline -0.001 -17"><span class='ocrx_word' id='word_1_760' title='bbox 215 4981 288 5035; x_wconf 90' lang='lat' dir='ltr'><strong>mine</strong></span> <span class='ocrx_word' id='word_1_761' title='bbox 307 4995 471 5033; x_wconf 88' lang='lat' dir='ltr'><strong>consensum</strong></span> <span class='ocrx_word' id='word_1_762' title='bbox 490 4978 620 5048; x_wconf 86' lang='lat' dir='ltr'><strong>praebet;</strong></span> <span class='ocrx_word' id='word_1_763' title='bbox 638 4979 747 5034; x_wconf 85' lang='lat' dir='ltr'><strong>accedit</strong></span> <span class='ocrx_word' id='word_1_764' title='bbox 765 4980 878 5034; x_wconf 64' lang='lat' dir='ltr'><strong>undem</strong></span> <span class='ocrx_word' id='word_1_765' title='bbox 897 4978 1046 5050; x_wconf 87' lang='lat' dir='ltr'><strong>superioris</strong></span> <span class='ocrx_word' id='word_1_766' title='bbox 1072 4984 1256 5051; x_wconf 71' lang='lat' dir='ltr'><strong>concedimus,</strong></span> <span class='ocrx_word' id='word_1_767' title='bbox 1276 4983 1305 5035; x_wconf 90' lang='lat' dir='ltr'><strong>in</strong></span> <span class='ocrx_word' id='word_1_768' title='bbox 1322 4981 1377 5034; x_wconf 93' lang='lat' dir='ltr'><strong>ritu</strong></span> <span class='ocrx_word' id='word_1_769' title='bbox 1395 4981 1575 5037; x_wconf 90' lang='lat' dir='ltr'><strong>ordinationis</strong></span> <span class='ocrx_word' id='word_1_770' title='bbox 1595 4981 1719 5036; x_wconf 90' lang='lat' dir='ltr'><strong>ministro</strong></span> <span class='ocrx_word' id='word_1_771' title='bbox 1739 4984 1799 5052; x_wconf 84' lang='lat' dir='ltr'><strong>jam</strong></span> <span class='ocrx_word' id='word_1_772' title='bbox 1819 4988 1906 5043; x_wconf 68' lang='lat' dir='ltr'><strong>eleeto</strong></span> 
     </span>
     <span class='ocr_line' id='line_1_57' title="bbox 215 5062 1960 5155; baseline 0.001 -35"><span class='ocrx_word' id='word_1_773' title='bbox 215 5067 393 5138; x_wconf 88' lang='lat' dir='ltr'><strong>magistratus</strong></span> <span class='ocrx_word' id='word_1_774' title='bbox 417 5062 586 5120; x_wconf 89' lang='lat' dir='ltr'><strong>confirmatio</strong></span> <span class='ocrx_word' id='word_1_775' title='bbox 612 5071 640 5120; x_wconf 92' lang='lat' dir='ltr'><strong>et</strong></span> <span class='ocrx_word' id='word_1_776' title='bbox 663 5066 841 5133; x_wconf 88' lang='lat' dir='ltr'><strong>investitura,</strong></span> <span class='ocrx_word' id='word_1_777' title='bbox 868 5083 923 5138; x_wconf 87' lang='lat' dir='ltr'><strong>qua</strong></span> <span class='ocrx_word' id='word_1_778' title='bbox 942 5067 1090 5155; x_wconf 49' lang='lat' dir='ltr'><strong>rationale</strong></span> <span class='ocrx_word' id='word_1_779' title='bbox 1113 5072 1177 5125; x_wconf 83' lang='lat' dir='ltr'><strong>solis</strong></span> <span class='ocrx_word' id='word_1_780' title='bbox 1202 5067 1337 5139; x_wconf 85' lang='lat' dir='ltr'><strong>episcopis</strong></span> <span class='ocrx_word' id='word_1_781' title='bbox 1356 5083 1452 5122; x_wconf 88' lang='lat' dir='ltr'><strong>manus</strong></span> <span class='ocrx_word' id='word_1_782' title='bbox 1477 5069 1578 5124; x_wconf 89' lang='lat' dir='ltr'><strong>debere</strong></span> <span class='ocrx_word' id='word_1_783' title='bbox 1603 5068 1715 5138; x_wconf 91' lang='lat' dir='ltr'><strong>imponi,</strong></span> <span class='ocrx_word' id='word_1_784' title='bbox 1746 5077 1766 5127; x_wconf 93' lang='lat'><strong>1.</strong></span> <span class='ocrx_word' id='word_1_785' title='bbox 1785 5072 1855 5131; x_wconf 77' lang='lat' dir='ltr'><strong>Tim,</strong></span> <span class='ocrx_word' id='word_1_786' title='bbox 1880 5083 1906 5139; x_wconf 77' lang='lat'><strong>4,</strong></span> <span class='ocrx_word' id='word_1_787' title='bbox 1956 5094 1960 5101; x_wconf 86' lang='lat'><strong>·</strong></span> 
     </span>
     <span class='ocr_line' id='line_1_58' title="bbox 216 5151 1906 5253; baseline 0.005 -46"><span class='ocrx_word' id='word_1_788' title='bbox 216 5153 333 5225; x_wconf 84' lang='lat' dir='ltr'><strong>singulis</strong></span> <span class='ocrx_word' id='word_1_789' title='bbox 351 5151 484 5207; x_wconf 88' lang='lat' dir='ltr'><strong>ecclesiae</strong></span> <span class='ocrx_word' id='word_1_790' title='bbox 501 5151 643 5206; x_wconf 90' lang='lat' dir='ltr'><strong>ordinibus</strong></span> <span class='ocrx_word' id='word_1_791' title='bbox 656 5168 721 5207; x_wconf 90' lang='lat' dir='ltr'><strong>suae</strong></span> <span class='ocrx_word' id='word_1_792' title='bbox 736 5153 928 5222; x_wconf 89' lang='lat' dir='ltr'><strong>relinquuntur</strong></span> <span class='ocrx_word' id='word_1_793' title='bbox 945 5157 1047 5223; x_wconf 88' lang='lat' dir='ltr'><strong>partes,</strong></span> <span class='ocrx_word' id='word_1_794' title='bbox 1058 5194 1061 5253; x_wconf 69' lang='lat' dir='ltr'><strong>j</strong></span> <span class='ocrx_word' id='word_1_795' title='bbox 1074 5179 1097 5216; x_wconf 80' lang='lat' dir='ltr'><strong>v,</strong></span> <span class='ocrx_word' id='word_1_796' title='bbox 1120 5166 1159 5214; x_wconf 87' lang='grc'><strong>14.</strong></span> <span class='ocrx_word' id='word_1_797' title='bbox 1186 5174 1209 5213; x_wconf 86' lang='lat' dir='ltr'><strong>c.</strong></span> <span class='ocrx_word' id='word_1_798' title='bbox 1230 5164 1259 5221; x_wconf 81' lang='lat'><strong>5,</strong></span> <span class='ocrx_word' id='word_1_799' title='bbox 1284 5172 1309 5210; x_wconf 93' lang='lat' dir='ltr'><strong>v.</strong></span> <span class='ocrx_word' id='word_1_800' title='bbox 1329 5158 1371 5209; x_wconf 75' lang='lat'><strong>22.</strong></span> <span class='ocrx_word' id='word_1_801' title='bbox 1389 5158 1525 5227; x_wconf 87' lang='lat' dir='ltr'><strong>(quamvis</strong></span> <span class='ocrx_word' id='word_1_802' title='bbox 1550 5154 1589 5209; x_wconf 92' lang='lat' dir='ltr'><strong>ibi</strong></span> <span class='ocrx_word' id='word_1_803' title='bbox 1609 5156 1719 5212; x_wconf 89' lang='lat' dir='ltr'><strong>nomine</strong></span> <span class='ocrx_word' id='word_1_804' title='bbox 1739 5160 1906 5231; x_wconf 86' lang='lat' dir='ltr'><strong>presbyterii</strong></span> 
     </span>
     <span class='ocr_line' id='line_1_59' title="bbox 80 5237 1906 5323; baseline 0.005 -32"><span class='ocrx_word' id='word_1_805' title='bbox 80 5246 204 5292; x_wconf 82' lang='lat' dir='ltr'><strong>u11.t.tuu.</strong></span> <span class='ocrx_word' id='word_1_806' title='bbox 217 5257 268 5296; x_wconf 90' lang='lat' dir='ltr'><strong>nec</strong></span> <span class='ocrx_word' id='word_1_807' title='bbox 288 5239 391 5294; x_wconf 82' lang='lat' dir='ltr'><strong>invitae</strong></span> <span class='ocrx_word' id='word_1_808' title='bbox 410 5237 543 5293; x_wconf 89' lang='lat' dir='ltr'><strong>ecclesiae</strong></span> <span class='ocrx_word' id='word_1_809' title='bbox 565 5238 689 5293; x_wconf 87' lang='lat' dir='ltr'><strong>minister</strong></span> <span class='ocrx_word' id='word_1_810' title='bbox 714 5238 878 5293; x_wconf 90' lang='lat' dir='ltr'><strong>obtruditur.</strong></span> <span class='ocrx_word' id='word_1_811' title='bbox 912 5237 1048 5295; x_wconf 90' lang='lat' dir='ltr'><strong>Videatur</strong></span> <span class='ocrx_word' id='word_1_812' title='bbox 1059 5264 1061 5323; x_wconf 39' lang='grc' dir='ltr'>ἑ</span> <span class='ocrx_word' id='word_1_813' title='bbox 1074 5263 1128 5300; x_wconf 90' lang='lat' dir='ltr'><strong>non</strong></span> <span class='ocrx_word' id='word_1_814' title='bbox 1143 5244 1183 5298; x_wconf 89' lang='lat' dir='ltr'><strong>illi</strong></span> <span class='ocrx_word' id='word_1_815' title='bbox 1202 5241 1260 5306; x_wconf 88' lang='lat' dir='ltr'><strong>soii,</strong></span> <span class='ocrx_word' id='word_1_816' title='bbox 1280 5239 1327 5312; x_wconf 89' lang='lat' dir='ltr'><strong>qui</strong></span> <span class='ocrx_word' id='word_1_817' title='bbox 1346 5240 1374 5294; x_wconf 92' lang='lat' dir='ltr'><strong>in</strong></span> <span class='ocrx_word' id='word_1_818' title='bbox 1391 5243 1475 5297; x_wconf 86' lang='lat' dir='ltr'><strong>verbo</strong></span> <span class='ocrx_word' id='word_1_819' title='bbox 1494 5240 1629 5308; x_wconf 88' lang='lat' dir='ltr'><strong>laborant,</strong></span> <span class='ocrx_word' id='word_1_820' title='bbox 1647 5241 1695 5296; x_wconf 86' lang='lat' dir='ltr'><strong>sed</strong></span> <span class='ocrx_word' id='word_1_821' title='bbox 1715 5244 1799 5299; x_wconf 87' lang='lat' dir='ltr'><strong>etiam</strong></span> <span class='ocrx_word' id='word_1_822' title='bbox 1817 5248 1906 5301; x_wconf 88' lang='lat' dir='ltr'><strong>senio·</strong></span> 
     </span>
     <span class='ocr_line' id='line_1_60' title="bbox 217 5323 1906 5399; baseline 0.001 -16"><span class='ocrx_word' id='word_1_823' title='bbox 217 5327 376 5383; x_wconf 90' lang='lat' dir='ltr'><strong>constitutio</strong></span> <span class='ocrx_word' id='word_1_824' title='bbox 399 5323 555 5381; x_wconf 88' lang='lat' dir='ltr'><strong>electoralis</strong></span> <span class='ocrx_word' id='word_1_825' title='bbox 581 5325 768 5381; x_wconf 85' lang='lat' dir='ltr'><strong>ecclesiastica</strong></span> <span class='ocrx_word' id='word_1_826' title='bbox 784 5327 814 5381; x_wconf 89' lang='lat' dir='ltr'><strong>in</strong></span> <span class='ocrx_word' id='word_1_827' title='bbox 831 5342 891 5396; x_wconf 86' lang='lat' dir='ltr'><strong>cap.</strong></span> <span class='ocrx_word' id='word_1_828' title='bbox 910 5326 946 5382; x_wconf 94' lang='lat' dir='ltr'><strong>de</strong></span> <span class='ocrx_word' id='word_1_829' title='bbox 966 5345 1047 5382; x_wconf 90' lang='lat' dir='ltr'><strong>voca·</strong></span> <span class='ocrx_word' id='word_1_830' title='bbox 1058 5340 1061 5371; x_wconf 80' lang='lat'><strong>¹</strong></span> <span class='ocrx_word' id='word_1_831' title='bbox 1074 5350 1117 5387; x_wconf 89' lang='lat' dir='ltr'><strong>res</strong></span> <span class='ocrx_word' id='word_1_832' title='bbox 1136 5328 1268 5385; x_wconf 89' lang='lat' dir='ltr'><strong>ecclesiae</strong></span> <span class='ocrx_word' id='word_1_833' title='bbox 1286 5325 1396 5382; x_wconf 89' lang='lat' dir='ltr'><strong>nomine</strong></span> <span class='ocrx_word' id='word_1_834' title='bbox 1416 5323 1603 5382; x_wconf 89' lang='lat' dir='ltr'><strong>ecclesiastica</strong></span> <span class='ocrx_word' id='word_1_835' title='bbox 1624 5329 1737 5399; x_wconf 85' lang='lat' dir='ltr'><strong>negotia</strong></span> <span class='ocrx_word' id='word_1_836' title='bbox 1754 5337 1906 5388; x_wconf 65' lang='lat' dir='ltr'><strong>trasmae</strong></span> 
     </span>
     <span class='ocr_line' id='line_1_61' title="bbox 211 5374 1918 5496; baseline 0.002 -27"><span class='ocrx_word' id='word_1_837' title='bbox 211 5413 290 5496; x_wconf 29' lang='lat' dir='ltr'><strong>&#39;tione</strong></span> <span class='ocrx_word' id='word_1_838' title='bbox 307 5413 493 5467; x_wconf 88' lang='lat' dir='ltr'><strong>ministrorum</strong></span> <span class='ocrx_word' id='word_1_839' title='bbox 509 5425 574 5482; x_wconf 83' lang='lat' dir='ltr'><strong>pag.</strong></span> <span class='ocrx_word' id='word_1_840' title='bbox 591 5416 633 5468; x_wconf 83' lang='lat'><strong>86.</strong></span> <span class='ocrx_word' id='word_1_841' title='bbox 659 5411 708 5466; x_wconf 91' lang='lat' dir='ltr'><strong>ubi</strong></span> <span class='ocrx_word' id='word_1_842' title='bbox 735 5412 799 5468; x_wconf 89' lang='lat' dir='ltr'><strong>talis</strong></span> <span class='ocrx_word' id='word_1_843' title='bbox 818 5411 967 5485; x_wconf 89' lang='lat' dir='ltr'><strong>requiritur</strong></span> <span class='ocrx_word' id='word_1_844' title='bbox 984 5432 1046 5485; x_wconf 92' lang='lat' dir='ltr'><strong>pro·</strong></span> <span class='ocrx_word' id='word_1_845' title='bbox 1059 5374 1190 5490; x_wconf 79' lang='lat' dir='ltr'><strong>lintelltgi</strong></span> <span class='ocrx_word' id='word_1_846' title='bbox 1212 5413 1288 5468; x_wconf 91' lang='lat' dir='ltr'><strong>haud</strong></span> <span class='ocrx_word' id='word_1_847' title='bbox 1311 5412 1431 5470; x_wconf 85' lang='lat' dir='ltr'><strong>absurde</strong></span> <span class='ocrx_word' id='word_1_848' title='bbox 1452 5411 1582 5484; x_wconf 71' lang='lat' dir='ltr'><strong>possint),</strong></span> <span class='ocrx_word' id='word_1_849' title='bbox 1608 5412 1716 5469; x_wconf 87' lang='lat' dir='ltr'><strong>interim</strong></span> <span class='ocrx_word' id='word_1_850' title='bbox 1733 5416 1769 5470; x_wconf 89' lang='lat' dir='ltr'><strong>ab</strong></span> <span class='ocrx_word' id='word_1_851' title='bbox 1788 5417 1899 5473; x_wconf 87' lang='lat' dir='ltr'><strong>ordina·</strong></span> <span class='ocrx_word' id='word_1_852' title='bbox 1914 5428 1918 5436; x_wconf 89' lang='grc'><em>·</em></span> 
     </span>
    </p>
   </div>
   <div class='ocr_carea' id='block_1_3' title="bbox 0 0 2019 6004">
    <p class='ocr_par' dir='ltr' id='par_1_3' title="bbox 0 0 2019 6004">
     <span class='ocr_line' id='line_1_62' title="bbox 0 0 2019 6004; baseline 0 0"><span class='ocrx_word' id='word_1_853' title='bbox 0 0 2019 6004; x_wconf 95' lang='lat' dir='ltr'><strong> </strong></span> 
     </span>
    </p>
   </div>
  </div>
 </body>
</html>
