4020 6014
683 275 736 331 De
756 272 1007 332 maclarum]
1025 273 1213 334 POLITICO.
1727 288 1785 344 501

92 431 147 494 us,
168 427 266 498 vigent
285 427 418 484 honestae
438 429 530 500 leges,
550 431 724 501 magistratui
744 448 795 486 sua
815 435 924 486 constan
937 430 940 505 l
953 428 1023 483 dixit
1040 428 1235 501 Thucydides,
1262 433 1399 503 siquidem
1417 432 1446 486 in
1469 432 1542 487 bello
1566 432 1686 487 violatur
1703 434 1787 504 regio,

89 513 240 569 auctoritas
258 514 351 580 salva,
372 515 535 570 excoluntur
554 516 693 573 literarum
713 518 821 587 studia,
839 517 925 572 admi·
937 536 940 631 y
951 515 1080 569 turbatur
1098 517 1273 587 respublica,
1299 518 1468 588 franguntur
1486 518 1571 584 vires,
1600 535 1668 589 opes
1685 534 1784 573 consu·

88 600 223 655 nubatur
245 601 294 669 jus
319 605 348 654 et
367 601 494 670 justitia,
518 603 692 658 matrimonio
711 622 778 658 suus
796 603 926 659 tribuitur
937 636 939 676 Ι
952 605 1072 669 muntur,
1090 602 1249 657 innocentis
1263 608 1386 667 vexatur,
1405 604 1489 657 alitur
1503 604 1673 673 improbitas,
1694 605 1787 659 omnia

87 686 186 753 honos,
204 685 355 741 liberorum
373 703 441 757 erga
458 693 588 757 parentes
601 689 767 757 obedientia,
787 689 924 759 sumnum
937 694 939 704 ¹
951 686 1065 755 rapinis,
1081 687 1229 756 caedibus,
1248 689 1353 758 stupris
1371 689 1595 757 commiscentur,
1614 691 1713 744 laxatis
1734 708 1785 761 pu·
1799 691 1852 735 ΣΝ·
1865 693 1910 735 27⁶·

86 772 203 827 castitas
220 780 249 826 et
268 773 420 842 pudicitia,
442 774 584 843 juniorum
608 792 675 845 erga
701 793 780 830 senes
800 771 1025 830 reveren-adoris
1052 779 1080 826 ct
1102 774 1284 829 verecundiae
1309 774 1441 842 vinculis,
1469 792 1575 828 morum
1601 776 1734 830 sanctitas
1757 781 1786 831 ct

87 858 127 912 tis
152 865 348 925 conservatur,
377 858 565 929 agriculturae
592 877 677 931 opera
698 862 795 929 datur,
819 862 859 915 rei
878 878 925 930 pe·
950 858 1113 913 castimonia
1130 860 1309 931 profligatur,
1339 860 1440 929 impius
1462 861 1540 914 miles
1566 878 1645 916 sacra
1662 863 1785 932 profanis

86 943 199 999 cusriae
212 950 336 1007 vacatur,
356 945 468 1014 opificia
481 951 593 1002 strenue
607 954 634 1002 et
652 948 817 1002 commercia
828 965 924 1003 secure
951 944 1062 1008 miscel,
1090 947 1177 1000 multa
1205 947 1346 1000 hominum
1364 947 1451 1001 millia
1472 947 1575 1016 injuste
1592 947 1783 1016 ‘trucidsnlua

85 1037 265 1093 exercentur,
297 1039 450 1101 augescunt
467 1033 557 1101 villae,
578 1035 718 1089 ditescunt
735 1034 855 1098 subditi,
883 1034 923 1086 in·
951 1035 1047 1098 stupra
1078 1032 1233 1102 virginibus
1262 1039 1292 1085 ct
1320 1032 1447 1102 ingenuis
1473 1032 1636 1087 mulieribus
1660 1033 1785 1103 pervim

86 1123 258 1171 crementum
282 1118 396 1187 capiunt
419 1118 516 1185 urbes3
546 1121 594 1174 sed
619 1122 648 1173 in
676 1121 748 1175 bello
766 1122 858 1175 emnia
875 1120 922 1172 ad·
950 1115 1116 1186 inferuntur,
1134 1118 1213 1173 liberi
1230 1118 1354 1172 homiues
1375 1119 1402 1172 in
1423 1118 1584 1172 servitutem
1599 1118 1784 1186 abducuntur,

84 1217 167 1257 versa
191 1209 221 1256 et
244 1204 382 1258 conueria
399 1206 537 1260 eveniunt.
578 1206 680 1262 Pacem
704 1206 805 1262 Graeci
823 1209 923 1276 potitae
950 1204 1042 1256 emnia
1060 1204 1141 1266 ferro,
1159 1203 1277 1268 flamma,
1295 1203 1425 1259 vastitate
1440 1211 1646 1259 consumuntur.
1689 1207 1784 1276 Augu·

83 1294 187 1343 vocant
205 1289 410 1361 κουροτρόφον,
429 1292 585 1359 juventutis
616 1295 759 1360 altricem,
784 1292 923 1346 Hesiodus
950 1289 1037 1343 stinus
1055 1290 1104 1344 lib.
1121 1297 1142 1344 1.
1163 1291 1198 1346 dc
1216 1292 1267 1345 civ.
1287 1290 1340 1344 Dei
1359 1309 1381 1346 c.
1397 1292 1698 1362 5.allegatorationem
1716 1292 1785 1348 iulii

84 1374 114 1427 in
137 1375 196 1442 ipy.
219 1372 423 1447 βοτροιῖδωρον,
458 1395 575 1431 unarum
602 1380 789 1448 larpitricem,
817 1378 923 1432 Aristo·
949 1374 1088 1439 Caesaris,
1121 1375 1150 1429 in
1181 1393 1237 1446 qua
1265 1376 1330 1431 belli
1358 1377 1473 1432 effectus
1501 1385 1680 1432 recensentur
1708 1378 1784 1447 apud

85 1459 194 1531 phanes
216 1462 290 1530 apud
316 1461 393 1517 Stob.
417 1463 621 1530 succursuros,
647 1467 820 1534 opulentam,
845 1464 923 1517 Euri·
951 1461 1111 1516 Sallustium
1131 1462 1165 1516 de
1184 1463 1287 1530 conjur.
1312 1462 1392 1516 Catil.
1416 1462 1445 1514 in
1464 1480 1495 1516 eo
1517 1463 1624 1516 scilicet
1640 1464 1710 1531 rapi
1726 1464 1781 1516 vir·

84 1546 310 1616 pidesinCrcsc.
331 1548 536 1622 bipodosripar,
550 1552 715 1604 dinitiarum
733 1552 923 1619 suspersam,
949 1548 1028 1614 pines
1052 1556 1077 1599 st
1091 1565 1213 1616 pueros,
1243 1548 1342 1601 (tinelli
1360 1548 1463 1601 liberos
1482 1567 1500 1601 a
1520 1551 1665 1618 complexu
1678 1566 1783 1618 parcn-

84 1632 234 1702 Euripides
255 1633 283 1687 in
303 1633 405 1691 Bacch,
431 1643 491 1696 ταῖς
514 1636 645 1697 Μούσα,ς
672 1636 921 1709 προσφιλρσιάιην,
950 1641 1015 1701 trem,
1035 1642 1137 1686 matres
1156 1634 1336 1698 familiarum
1349 1634 1423 1703 pati,
1443 1651 1515 1701 quae
1532 1635 1684 1688 uictorimss
1705 1635 1783 1688 colli·

85 1718 179 1773 Musis
199 1719 415 1785 amicissimam,
437 1722 510 1775 idem
531 1722 560 1776 iu
578 1723 673 1793 Suppl.
694 1723 831 1796 μακάρων
849 1721 1079 1783 θεῶνῑῠοίοεοηι,
1091 1721 1172 1786 fana
1189 1738 1224 1773 ec
1244 1723 1342 1773 domos
1360 1720 1496 1789 spoliari,
1523 1723 1624 1773 caedes
1650 1729 1675 1774 ct
1693 1723 1783 1774 ineen-

84 1808 235 1859 καλλίσταν
260 1805 332 1859 idem
358 1807 387 1859 in
407 1806 479 1862 Otos.
507 1809 634 1874 iustitiae
658 1827 781 1864 sororem
807 1816 835 1865 et
851 1799 999 1903 ‘lue-:cia
1015 1808 1095 1874 fieri,
1110 1815 1252 1875 postremo
1274 1809 1378 1874 armes,
1403 1808 1606 1873 cadaueribus,
1628 1825 1727 1860 errrore
1748 1825 1783 1860 ac

84 1889 166 1943 midis
183 1898 306 1965 χρυσίον
324 1893 411 1945 liuida
428 1891 566 1946 Pindarus
583 1893 685 1964 olymp.
707 1900 746 1952 1³,
781 1895 826 1950 De
845 1894 1024 1966 praeinductis
1054 1895 1147 1946 crnrrs'a
1172 1894 1314 1961 compleri.
1350 1892 1497 1946 “Aeneas
1515 1892 1627 1962 Sylvius
1654 1908 1715 1961 cap.
1742 1898 1783 1947 39.

85 1978 236 2032 commodis
253 1978 370 2049 pulchre
385 1977 517 2034 Horatius
538 1979 586 2034 lib.
604 1987 631 2035 l.
647 1997 731 2038 carm.
752 1983 797 2037 od.
819 1989 842 2037 5.
934 1958 1089 2047 lauropae:
1113 1981 1147 2032 Ut
1163 1979 1253 2032 multe
1268 1980 1342 2033 bella
1358 1981 1494 2032 sedantur
1509 1979 1636 2046 partium
1656 1986 1783 2045 speetate,

157 2082 243 2143 prum
257 2082 305 2134 go,
324 2083 423 2135 mim
439 2101 510 2135 ,wa
523 2085 712 2153 paramum,
934 2066 989 2156 :ita
1005 2083 1062 2117 nen
1078 2067 1162 2132 prius
1182 2066 1254 2117 inter
1272 2065 1321 2117 bos
1340 2066 1375 2117 de
1391 2081 1465 2132 pace
1477 2065 1617 2132 conuenit,
1636 2065 1693 2116 nisi
1704 2072 1783 2131 post-

155 2168 251 2219 ΝΜ
267 2185 338 2220 mm
357 2167 441 2223 σθω,
459 2169 591 2237 almaque
609 2171 756 2236 samam,
933 2164 1031 2241 yquam
1049 2153 1152 2205 exustis
1172 2152 1259 2220 apris,
1279 2152 1387 2204 attritis
1403 2151 1489 2214 silisis,
1509 2152 1618 2204 abactis
1637 2151 1784 2219 pecoribus

156 2255 292 2307 Pacatum
311 2253 431 2309 „olim
442 2270 498 2325 90,-
518 2271 596 2308 marg
614 2257 734 2319 napum,
948 2245 974 2290 et
991 2239 1128 2305 apricclis
1148 2238 1305 2303 interfectis
1323 2245 1491 2291 commeatus
1514 2256 1548 2291 ac
1564 2238 1702 2305 pecuniae
1719 2254 1781 2290 con·

192 2339 311 2407 culpan·
327 2339 425 2395 mar
440 2341 519 2406 fidu,
947 2325 1122 2377 tondentibus
1134 2325 1293 2389 defuere.**
1313 2322 1749 2393 b'rocsusapndHerodotumlih.
1759 2329 1781 2379 l.

156 2427 254 2480 Nullis
267 2423 410 2494 pom
427 2434 507 2481 msa
524 2429 622 2481 domu,
638 2431 752 2498 mm,
946 2409 966 2464 f.
988 2415 1026 2464 18.
1046 2410 1083 2463 ad
1095 2408 1199 2479 Cyrum
1211 2410 1435 2480 interrogantem,
1455 2410 1516 2481 quis
1533 2410 1585 2480 ipsi
1605 2411 1782 2479 persuaserit,

153 2514 222 2566 Mor
242 2521 267 2565 ιι
283 2511 327 2564 lae
343 2513 519 2567 mmm
538 2516 660 2567 edomui,
677 2519 770 2582 noym,
947 2503 978 2549 nt
1007 2513 1069 2549 cum
1097 2498 1219 2551 exercitu
1247 2495 1390 2549 invaderet
1427 2495 1546 2551 alienam
1563 2501 1673 2562 terram,
1701 2496 1782 2550 dicit:

155 2599 323 2651 Laudentur
338 2599 428 2652 simili
439 2599 524 2668 prole
538 2616 708 2669 puerperae,
948 2583 1012 2635 N‘m
1029 2590 1070 2635 ὅθι
1089 2583 1230 2654 insipiam
1247 2590 1307 2635 ‘⁰²²⁸
1324 2599 1433 2650 ammi
1457 2591 1488 2635 “i
1505 2584 1606 2637 &ilium
1630 2600 1713 2651 imm
1730 2600 1783 2652 Pa·

190 2685 310 2754 puppam
324 2701 418 2756 poena
434 2687 538 2753 premi,
558 2703 656 2740 come&
947 2685 1005 2721 cem
1019 2676 1183 2737 praeoptet,
1209 2669 1277 2736 quia
1296 2671 1327 2721 in
1339 2685 1413 2737 pace
1437 2669 1494 2734 filii
1512 2677 1630 2738 patres,
1653 2671 1683 2723 in
1710 2671 1784 2724 bello

107 2806 113 2818 ,
395 2805 401 2816 ,
943 2762 1043 2822 patres
1063 2754 1145 2822 filios
1167 2754 1316 2825 sepeliunt.
1354 2756 1445 2821 Lepes
1472 2763 1498 2807 et
1519 2757 1632 2823 judicia
1650 2772 1783 2810 essenon

85 2806 131 2861 ⁸¹⁰
150 2812 178 2860 et
197 2803 365 2860 Mantuam
383 2805 444 2861 ΜΠ·
463 2811 488 2860 ⁸·
508 2805 577 2875 'liv'
944 2847 1062 2908 possunt
1079 2840 1192 2892 anhleta
1205 2855 1296 2908 pace,
1324 2839 1415 2909 inquit
1453 2839 1550 2895 Cicero
1583 2841 1655 2895 Phil.
1683 2847 1708 2897 8.
1733 2859 1783 2895 nec

157 2925 261 2980 Gloria
276 2943 351 2994 pace
368 2928 468 2995 minor,
486 2926 577 2979 minor
595 2933 635 2979 est
653 2927 772 2981 uictoria
785 2946 867 2997 pace,
947 2927 1020 2979 inter
1049 2927 1182 2995 strepitus
1209 2912 1351 2978 armorum
1371 2934 1465 2994 potest
1489 2927 1590 2980 audiri
1612 2945 1665 2980 eoa
1681 2928 1781 2995 ispum,

191 3012 281 3079 sitque
300 3012 413 3079 aliquid
427 3012 510 3080 pejus
523 3029 598 3081 pace
616 3013 772 3082 triumphus
789 3015 877 3078 babet,
947 3010 1113 3065 Plutarchus
1132 3011 1162 3065 in
1180 3011 1312 3081 apophth.
1332 3012 1410 3066 Rom.
1448 3012 1522 3069 Vide
1547 3014 1619 3082 plur.
1644 3013 1781 3082 ejusmodi

85 3117 159 3189 quod
178 3115 314 3171 demi„
332 3131 365 3169 0¹
384 3115 451 3170 Silio
468 3115 580 3173 stupeo:
946 3097 1012 3151 belli
1049 3097 1224 3152 incommoda
1259 3103 1287 3152 et
1315 3098 1454 3168 vituperia
1477 3100 1551 3169 apud
1580 3099 1726 3154 Erasmum
1751 3099 1780 3153 in

946 3182 1058 3241 chiliad.
1080 3183 1109 3236 in
1125 3200 1203 3252 prov.
1238 3184 1332 3237 Dulce
1352 3185 1454 3237 bellum
1478 3186 1637 3254 inerpertis.
1662 3189 1689 3238 3.
1708 3186 1780 3238 Pro·

943 3277 1008 3337 pter
1041 3277 1178 3322 sumtuum
1210 3271 1242 3323 in
1274 3270 1346 3322 bello
1375 3272 1597 3325 necessariorum
1632 3272 1780 3328 cumulum.

946 3356 1017 3408 Cum
1039 3354 1225 3410 Archidamus
1247 3356 1277 3409 in
1301 3355 1375 3410 bello
1400 3355 1634 3425 Peloponnesiaco
1658 3374 1675 3410 a
1698 3358 1780 3411 sociis

946 3441 1179 3512 interrogaretur,
1204 3445 1339 3511 quantum
1364 3441 1499 3511 pecuniae
1522 3443 1558 3495 ad
1576 3449 1696 3497 sumtum
1714 3443 1780 3498 belli

946 3527 1123 3582 tribuendum
1149 3533 1234 3594 esset,
1260 3527 1436 3597 respondisse
1461 3527 1575 3594 dicitur,
1597 3530 1780 3584 ‹ietemninato

153 3600 217 3652 ΡΜ
234 3599 333 3652 ’Μὴ
350 3598 408 3650 vita
425 3605 551 3665 ³⁸b1’02
570 3606 609 3650 αἱ
626 3616 762 3664 tbwmrss
780 3597 888 3664 Wlfflin
945 3623 1035 3669 sssmtu
1053 3633 1109 3668 non
1128 3616 1184 3681 api.
1221 3615 1281 3670 illst
1300 3615 1353 3682 lein
1370 3614 1437 3671 (belh
1454 3616 1544 3683 pillea
1563 3615 1647 3679 lann,
1672 3617 1780 3684 berlslbe

158 3686 280 3738 Torum
301 3684 436 3748 amessias,
452 3686 509 3752 flos
527 3700 631 3749 rerum,
650 3701 720 3736 ara
738 3683 840 3735 aaran
946 3705 1023 3771 [aaa
1049 3702 1134 3756 ressa
1160 3700 1235 3769 arta
1259 3715 1303 3756 οη.
1348 3700 1402 3765 Qut
1427 3699 1628 3755 sufficientibus
1653 3703 1779 3771 pecuniis

153 3773 192 3824 Ei
205 3772 273 3835 7²⁰mt
290 3771 420 3823 viridium
442 3778 468 3823 0⁸
487 3770 580 3823 duim
597 3770 740 3823 '‘mimi“
756 3770 834 3823 ”tiae-
945 3788 1067 3842 nondam
1089 3786 1216 3839 instructi
1242 3786 1278 3839 ad
1296 3786 1399 3841 bellum
1425 3786 1585 3856 prosiliunt,
1617 3787 1713 3856 paucis
1733 3806 1777 3844 cx·

85 3875 171 3946 Apud
195 3874 354 3928 Ciceronem
378 3872 498 3943 plurima
530 3878 640 3926 exstant
676 3872 754 3942 pacis
784 3873 916 3928 encomia
943 3875 1013 3928 actis
1032 3873 1173 3928 mensibus
1191 3873 1235 3926 vel
1255 3873 1291 3926 ad
1311 3872 1494 3941 expilationes
1520 3872 1694 3928 subditorum
1715 3893 1779 3931 con·

85 3963 134 4016 Ad
146 3978 248 4030 pacem
266 3959 377 4032 (inquit)
395 3961 507 4013 bertari
522 3977 579 4012 non
597 3958 704 4022 desirw,
725 3976 797 4027 quae
814 3960 858 4012 vel
877 3962 918 4011 in·
942 3962 1054 4031 fugere,
1078 3959 1122 4012 vel
1146 3976 1247 4028 magno
1274 3976 1365 4013 rerum
1384 3976 1497 4013 suarum
1515 3959 1661 4030 dispendio
1680 3979 1778 4031 pacem

77 4049 161 4117 justa
186 4046 284 4116 utilior
308 4055 349 4100 est
367 4062 452 4114 quarn
475 4045 661 4113 iustissimum
679 4045 790 4115 bellum,
809 4045 870 4101 libr.
893 4053 916 4101 7.
944 4046 1013 4099 inire
1050 4052 1078 4098 et
1112 4044 1198 4098 hostis
1228 4043 1342 4099 arbitrio
1374 4062 1434 4100 sese
1465 4045 1602 4115 subjicere
1633 4055 1778 4119 coguntur.

83 4135 118 4188 ad
138 4133 224 4187 Attio.
252 4132 330 4194 Quid
347 4139 404 4184 tam
418 4131 574 4200 populare,
603 4148 686 4199 quam
699 4147 770 4199 pac,
789 4150 845 4200 qua
862 4151 918 4185 non
944 4136 968 4186 i.
995 4133 1118 4201 Propter
1150 4131 1286 4182 incertum
1314 4131 1382 4184 belli
1409 4132 1520 4187 exitum.
1558 4131 1667 4186 Bellum
1697 4134 1778 4189 facile

85 4222 167 4272 moda
189 4219 226 4286 ii,
255 4219 354 4289 quibus
382 4224 488 4270 natura
510 4234 619 4271 sensum
643 4219 736 4286 dedit,
762 4220 917 4272 sedetiam
943 4218 1101 4287 suscipitur,
1121 4215 1170 4269 sed
1189 4233 1244 4269 nou
1264 4215 1404 4271 itafacile
1423 4217 1578 4287 deponitur,
1598 4219 1778 4288 nequeenim

83 4314 156 4359 tecta
180 4312 263 4374 atque
286 4305 351 4371 apri
378 4305 485 4357 laetari
506 4304 650 4373 uidentur,
688 4304 722 4358 de
748 4303 802 4375 leg.
826 4305 973 4433 agranlin
990 4303 1115 4372 ejusdem
1133 4306 1273 4372 potestate
1297 4307 1339 4356 cst
1363 4301 1430 4357 belli
1456 4302 1563 4356 initium
1582 4309 1611 4357 et
1627 4303 1705 4371 linis,
1735 4305 1776 4357 in-

83 4394 178 4447 Dulce
196 4398 237 4445 est
254 4408 352 4445 nomen
370 4393 461 4460 pacis,
479 4409 525 4445 res
542 4408 608 4444 nero
621 4391 685 4459 ipsa
705 4399 762 4443 tum
779 4392 915 4459 jescunda,
943 4391 1037 4459 cipere
1054 4390 1141 4443 cuiuis
1159 4388 1241 4441 ctiam
1260 4387 1359 4456 ipnauc
1377 4388 1457 4453 licet,
1489 4390 1628 4457 deponere
1646 4407 1702 4442 non
1721 4392 1778 4444 nisi

85 4487 140 4532 tum
170 4479 315 4545 salutaris,
367 4483 405 4532 13.
431 4476 552 4547 Philipp.
583 4478 646 4532 vide
673 4477 753 4547 plura
780 4479 915 4547 ejusmodi
943 4495 1004 4529 cum
1022 4477 1140 4528 victores
1159 4475 1265 4541 colunt,
1284 4472 1431 4528 Sallustius
1446 4472 1474 4526 in
1488 4473 1696 4544 bell..lugurtl1.
1742 4478 1777 4531 Ut

81 4564 156 4635 apud
183 4564 333 4618 stobaeum
357 4581 437 4619 serm.
464 4570 504 4618 53.
544 4564 650 4618 intuitu
674 4564 771 4618 horum
798 4582 915 4618 commo·
939 4559 1298 4631 pecuniariostroarbitrio
1311 4559 1531 4629 alcaeseposita
1549 4559 1627 4613 illico
1640 4563 1672 4623 lit
1686 4562 1777 4615 alieni

82 4650 179 4703 dorum
199 4649 330 4719 princeps
350 4665 448 4719 pacem
463 4650 752 4722 nousolumqnaerat,
770 4651 914 4704 sedetiam
940 4650 1033 4717 juris,
1053 4647 1197 4713 incertum,
1216 4646 1263 4698 cui
1279 4646 1317 4698 sit
1336 4661 1464 4708 cessura;
1491 4646 1533 4698 ita
1551 4648 1733 4713 mapistratus
1749 4655 1776 4701 et

82 4743 208 4798 sectetur,
238 4743 259 4790 l.
283 4736 357 4789 Pctr.
383 4740 412 4798 3,
437 4752 461 4786 v.
488 4740 528 4789 ll.
547 4735 615 4805 quin
642 4734 724 4789 etiam
744 4735 915 4791 conditiones
941 4742 999 4789 tota
1018 4733 1089 4786 (litio
1108 4732 1138 4784 in
1151 4732 1266 4785 dubiam
1280 4740 1383 4784 sortem
1401 4739 1511 4784 eventus
1529 4740 1602 4785 neoto
1621 4733 1693 4786 bello
1712 4752 1776 4787 corr-

81 4821 158 4890 pacis
176 4821 301 4875 demeres
320 4827 348 4875 ct
368 4820 519 4890 iniquiores
538 4821 669 4891 recipiat,
688 4821 768 4876 modo
787 4838 843 4875 uon
860 4822 916 4876 sint
927 4821 1047 4890 ljr'citur,
1067 4818 1174 4871 Ludos.
1187 4816 1272 4873 Vives
1293 4818 1321 4871 in
1334 4818 1415 4887 epist.
1442 4817 1478 4870 ad
1495 4817 1580 4873 Henr.
1597 4818 1677 4873 VIII.
1690 4818 1775 4890 Aegl.

81 4914 176 4976 turpes
203 4914 232 4961 et
256 4908 428 4978 reipublicae
456 4907 539 4962 saluti
569 4909 708 4964 mversae.
737 4915 760 4964 2.
783 4908 853 4979 ch.
877 4880 998 4977 18,lreg.
1038 4905 1071 4958 Ut
1089 4905 1196 4971 sylvam
1215 4905 1242 4956 si
1260 4904 1322 4971 quis
1336 4906 1502 4972 accende-rit,
1522 4922 1577 4958 non
1595 4906 1718 4974 ansplius
1736 4909 1779 4960 ad

81 5011 106 5048 v.
126 5001 163 5049 15.
201 4995 338 5048 Ezechias
356 4995 534 5065 Assyriorum
553 4995 613 5065 regi
630 4996 761 5065 persolvit
780 4996 915 5051 tributum
927 4980 930 5073 i
941 4992 1031 5063 ipsius
1048 4991 1197 5043 arbitrium
1215 4990 1373 5043 incendium
1393 4992 1503 5054 fertur,
1527 4993 1580 5045 sed
1597 4991 1685 5045 camis
1703 4995 1775 5061 repi-

46 5069 52 5085 “
82 5096 115 5134 ex
136 5087 252 5151 argento
277 5080 306 5133 in
334 5081 414 5135 domo
439 5081 551 5134 Domini
574 5087 602 5135 ct
627 5081 764 5136 thesauris
783 5082 856 5153 regis
874 5099 916 5137 re·
927 5078 929 5132 l
941 5086 995 5146 tur,
1014 5085 1039 5131 et
1052 5077 1132 5130 obvia
1145 5093 1270 5144 quaeque
1283 5077 1383 5146 perdit
1401 5095 1435 5130 cc
1453 5079 1604 5141 consumit;
1621 5078 1662 5130 sie
1676 5078 1778 5132 bellum

81 5171 159 5235 perte
188 5165 348 5234 collectum,
378 5174 408 5220 ut
425 5166 454 5220 in
489 5183 560 5237 paee
592 5166 677 5221 vitam
711 5184 795 5239 agere
825 5156 1091 5223 liceatlescitatum
1115 5163 1241 5215 audacie
1266 5164 1309 5217 sel
1336 5164 1499 5232 ipnorantia
1525 5181 1580 5217 non
1605 5165 1728 5232 amplius
1748 5167 1777 5218 in

83 5254 108 5303 2.
135 5252 258 5319 Propter
276 5252 423 5321 multiplea
441 5252 576 5306 bellorum
598 5253 812 5307 incommedum.
843 5253 1086 5323 interluceterum
1105 5255 1146 5301 est
1166 5266 1266 5317 manu,
1290 5252 1342 5302 sed
1367 5268 1385 5302 a
1402 5251 1521 5314 fortuna
1540 5250 1663 5317 repitur,
1692 5249 1776 5318 Poly·

82 5337 245 5409 quadrigam
259 5354 411 5408 poenarum
430 5338 656 5408 gravissimarum
668 5338 786 5408 Spiritus
804 5348 916 5394 sanctus
928 5340 930 5353 '
942 5338 1004 5393 bins
1025 5335 1088 5390 libr.
1109 5340 1132 5391 2.
1153 5333 1214 5388 hist.
1228 5335 1303 5390 Mars
1321 5342 1363 5391 est
1378 5334 1601 5408 dlicnpisntloc
1620 5333 1659 5389 ait
1675 5334 1777 5389 Home-

80 5429 204 5477 recenset
223 5424 352 5490 pladium
370 5423 429 5477 sive
450 5422 552 5478 bellum
572 5424 629 5479 Jer.
647 5432 686 5492 1⁵,
707 5443 732 5476 v.
748 5430 772 5481 3.
792 5426 879 5479 Amos
891 5432 916 5490 «l,
928 5375 930 5476 i
942 5440 1004 5487 rns;
1023 5424 1108 5476 Mars
1125 5423 1278 5475 communis
1297 5430 1349 5491 est,
1366 5423 1417 5492 qni
1434 5439 1519 5492 saepe
1537 5422 1704 5490 spoliantem
1715 5422 1778 5488 iarn

81 5525 106 5560 r.
133 5514 172 5564 to.
198 5508 228 5561 in
253 5508 326 5564 bello
352 5509 445 5562 ideam
463 5511 558 5570 ‚omnis
585 5510 657 5563 mali
672 5509 811 5579 conspici,
841 5485 969 5566 recula
987 5511 1172 5564 assultantem
1190 5510 1288 5562 euertit
1306 5517 1331 5564 ct
1347 5510 1472 5578 perculit
1490 5509 1526 5562 ab
1544 5508 1661 5578 abjecto,
1681 5507 1777 5563 Cicero

154 3251 186 3259 -
205 3249 238 3260 -
257 3220 322 3272 Pae
339 3221 444 3291 optima
463 3237 565 3281 rerum,

155 3307 230 3368 Quas
248 3305 354 3358 bonsini
371 3305 479 3358 nouisse
492 3308 599 3373 datum,
615 3322 676 3374 pas
693 3324 751 3358 una
771 3304 919 3373 triumphis

154 3391 313 3446 Innumeris
326 3391 434 3459 potior.

84 3496 118 3549 Id
137 3497 228 3566 ipsum
246 3493 400 3548 aemulatus
414 3492 618 3565 Lindebergius
637 3493 672 3547 de
684 3511 754 3564 pace
774 3495 814 3549 sie
830 3495 919 3551 canit:
