4020 6014
667 362 719 417 DE
736 358 990 419 MAGISTRATU
1008 360 1195 418 Potmco.
1713 368 1774 427 368

81 533 135 571 non
160 533 242 587 posse
266 516 441 571 subditorum
466 517 571 570 animos
595 517 674 572 firmo
696 517 773 587 pacis
803 523 832 571 et
850 516 998 621 con-qtae,
1023 516 1047 569 si
1067 516 1160 586 quiete
1185 516 1293 582 vivant,
1319 514 1405 569 sacris
1430 512 1549 586 publicis
1569 520 1698 580 utantur,
1725 529 1777 568 nec

79 602 192 657 cordiae
214 602 320 671 glutine
350 603 519 668 coalescere,
549 603 601 655 nisi
630 603 658 656 iu
686 601 747 672 ipsa
776 602 914 656 aedanum
929 626 931 673 τ
944 602 1059 655 occultis
1076 601 1327 655 machinationibus
1340 600 1454 670 politiae
1467 606 1516 654 aut
1528 600 1661 654 ecclesiae
1679 616 1775 669 pacem

80 705 202 751 summa,
229 688 257 740 in
284 688 417 758 religione
437 687 558 754 scilicet,
584 688 661 756 prius
679 688 856 750 conveniant3
884 687 1056 763 aclturbare
1082 687 1351 754 animadvertantur,
1378 704 1427 755 spe
1449 685 1635 740 conversionis
1654 689 1682 739 et
1701 686 1777 754 pacis

83 774 271 828 diversitatem
299 772 462 844 religionum
495 789 589 827 secum
617 773 726 827 trahere
762 772 1073 841 simultatesjpublicae
1091 789 1176 826 causa
1194 772 1356 826 tolerandae
1374 778 1446 825 sunt.
1484 772 1582 842 Neque
1600 771 1673 825 euim
1694 788 1777 841 quae·

82 864 246 930 perpetuas,
271 859 460 914 contentiones
483 859 609 913 assiduas
634 875 668 912 ac
692 859 858 913 seditionum
878 840 986 913 se-'vis
1010 857 1116 912 infide
1142 858 1289 923 dissensio,
1316 855 1536 927 qua'diversum
1562 857 1701 920 creditur,
1729 857 1777 910 sed

82 945 157 998 mina
174 944 353 998 feracissima.
388 944 512 1015 Legibus
534 944 592 997 XII
619 944 778 999 tabularum
807 938 1123 999 cautumldissensionis
1151 942 1265 1014 publica
1298 941 1456 996 testificatio
1475 958 1517 996 *ac
1544 940 1694 1012 professio,
1723 958 1778 1011 qua

83 1035 159 1084 erat:
185 1028 346 1097 Separatim
374 1046 453 1081 nemo
477 1030 598 1082 habessit
625 1032 693 1083 deos
721 1046 809 1098 nepte
833 1012 1083 1109 nouceldiversum
1112 1029 1224 1098 publice
1254 1028 1368 1082 docetur
1398 1045 1431 1081 ac
1462 1027 1578 1093 colitur,
1608 1026 1778 1098 reipublicae

41 1116 138 1168 neec
157 1117 366 1181 accensendi
381 1116 493 1184 publice
511 1115 633 1169 ademtae
649 1116 782 1183 meatim
799 1112 1099 1185 colunto.¹perniciosa
1122 1132 1155 1169 ac
1179 1113 1332 1185 periculosa
1362 1112 1509 1168 censenda.
1558 1114 1663 1166 Tacere
1686 1112 1778 1177 liceat,

85 1201 251 1254 Coniuncta
278 1219 296 1253 a
310 1203 444 1273 putribus
470 1200 590 1253 delubra
616 1201 749 1262 bohemo,
777 1199 875 1254 Cicero
893 1204 917 1253 2.
931 1166 1037 1277 linquit
1054 1199 1160 1254 Seneca
1178 1200 1206 1252 in
1223 1198 1322 1268 Oedip.
1342 1198 1425 1252 nulia
1444 1198 1559 1251 libertae
1578 1199 1777 1263 minusue-epe

84 1287 120 1340 de
133 1286 217 1359 legib.
251 1288 334 1344 Unde
346 1287 463 1341 Romani
484 1286 620 1341 aedilibus
634 1286 707 1341 bello
720 1286 869 1354 Vejentiuo
888 1284 917 1336 id
943 1287 1057 1354 petitur.
1103 1284 1208 1349 Quodsi
1232 1300 1297 1337 vero
1329 1282 1413 1337 iidem
1442 1298 1547 1338 errores
1574 1298 1639 1336 suos
1668 1281 1778 1350 puhlicc

84 1373 188 1444 negotii
215 1373 365 1439 dederunt,
391 1377 423 1425 ut
449 1372 714 1440 animadverterent,
742 1389 777 1424 ne
795 1371 844 1439 qui
862 1371 920 1422 nisi
930 1351 1084 1441 lepargere‚
1105 1370 1173 1424 alios
1191 1370 1227 1423 ad
1246 1386 1276 1423 se
1296 1368 1414 1428 allicere,
1436 1367 1617 1437 simpliciores
1634 1367 1730 1422 fallere
1749 1372 1778 1420 et

86 1461 209 1512 Romanii
231 1459 287 1521 dii,
311 1475 345 1511 ne
371 1475 425 1527 quo
450 1458 507 1510 nisi
526 1456 625 1525 patrio
652 1474 728 1511 mor-e
751 1435 1041 1526 colerentur,lpacem
1065 1455 1205 1526 publicam
1228 1454 1340 1509 turbare
1366 1453 1517 1522 incipiunt,
1540 1452 1686 1507 coircendi
1714 1460 1779 1505 sunt

85 1545 182 1598 Livius
200 1544 249 1597 lib.
270 1550 293 1599 t.
314 1544 461 1598 Maecenas
480 1543 554 1614 apud
567 1543 685 1599 Dionem
704 1541 752 1597 lib.
765 1547 806 1596 52.
836 1541 918 1596 Octa·
944 1558 984 1607 ac,
1005 1542 1056 1595 nisi
1075 1541 1111 1599 ab
1139 1540 1267 1594 instituto
1288 1539 1420 1594 desistere
1438 1538 1540 1606 velint,
1569 1537 1777 1603 exterminandi,

83 1631 165 1683 viano
178 1630 324 1695 consuluit,
344 1636 375 1682 ut
389 1646 445 1682 non
462 1630 552 1682 solcum
571 1645 647 1681 more
660 1628 802 1696 umjorum
819 1643 918 1679 numen
944 1644 979 1681 ne
996 1628 1073 1682 velut
1091 1626 1203 1696 putrida
1221 1632 1249 1680 et
1268 1640 1429 1696 gangraeua
1447 1629 1575 1693 correpta
1593 1623 1717 1677 membra
1735 1641 1777 1677 re·

84 1717 236 1784 ditipenter
264 1715 382 1781 coleret,
415 1716 467 1767 sed
496 1724 521 1767 et
551 1715 626 1767 alios
658 1717 700 1766 ad
728 1731 790 1766 eum
815 1713 918 1765 mnam
944 1713 1036 1783 liques
1058 1711 1180 1781 corporis
1205 1716 1298 1779 partes
1317 1709 1407 1763 adhuc
1427 1725 1507 1763 sanas
1534 1709 1665 1763 inficiant.
1703 1709 1780 1763 Inter

83 1802 270 1869 compelleret,
288 1817 345 1854 non
363 1801 454 1854 sotum
474 1801 637 1869 retipionie,
656 1801 709 1852 ced
729 1800 846 1851 mammo
864 1798 919 1850 rei·
946 1798 1096 1852 violentam
1120 1796 1291 1850 coactionem
1315 1811 1365 1865 per
1386 1794 1525 1864 supplicia
1543 1801 1571 1848 et
1590 1794 1663 1848 inter
1680 1810 1778 1864 vagam

81 1889 213 1957 publicae
245 1905 349 1955 causo,
376 1904 465 1941 novae
494 1889 567 1940 enim
598 1888 748 1957 reiipionie
772 1893 920 1955 praeteetu
946 1883 1105 1954 quatumvis
1131 1881 1297 1953 religionum
1318 1880 1474 1934 libertatem
1499 1879 1686 1950 estquiddam
1699 1881 1780 1934 inter-

84 1975 186 2026 mnitoe
209 1989 254 2026 rec
280 1991 367 2026 nouae
390 1973 488 2025 moliri
510 1981 536 2025 et
566 1973 670 2026 atiena
696 1973 817 2038 callepio
844 1971 920 2023 cone
946 1969 1082 2034 medium,
1106 1973 1137 2022 ut
1155 1967 1236 2021 videl.
1256 1966 1384 2020 haereses
1407 1967 1596 2020 coerceantur.
1633 1965 1780 2019 Publicuur

84 2060 364 2127 commutationesque
382 2067 408 2110 et
424 2059 576 2111 seditiones
593 2059 660 2110 inde
672 2057 758 2109 need.
793 2055 921 2126 Denique
946 2068 1012 2108 vero
1032 2053 1202 2108 diversarum
1226 2051 1391 2122 religionum
1413 2050 1574 2104 exercitium
1602 2051 1780 2121 magistratus

85 2144 161 2213 quod
188 2142 301 2197 libertas
328 2143 438 2212 quidvis
466 2142 597 2197 credendi
624 2143 660 2196 sit
679 2141 832 2212 perniciosa
850 2141 920 2209 ipsis
948 2138 1060 2209 quaudo
1077 2137 1230 2191 concedere
1249 2137 1359 2199 debeat,
1379 2150 1412 2188 ex
1432 2135 1612 2205 sequentibus
1626 2135 1772 2206 apparebit

86 2229 219 2292 subditn,
251 2228 354 2298 quibus
379 2227 558 2294 conceditur,
589 2226 672 2282 facile
698 2231 827 2296 apparet,
853 2227 921 2293 quia
948 2223 1152 2293 Distinguimus
1170 2222 1242 2276 enim
1262 2227 1286 2276 ³.
1304 2223 1377 2274 inter
1394 2229 1498 2274 statum
1509 2221 1684 2289 reipublicae
1690 2240 1780 2290 paen-

88 2315 203 2366 libertus
224 2314 277 2366 iiic
297 2314 408 2381 qrtidm‘e
432 2313 570 2365 credendi
586 2313 659 2365 nihil
679 2313 763 2364 uliud
780 2319 820 2364 eet
838 2328 922 2379 quum
949 2317 1005 2362 tum
1032 2317 1060 2362 et
1087 2299 1238 2362 turbatum.
1281 2306 1399 2371 Quando
1427 2306 1596 2377 reipublicae
1625 2314 1714 2361 status
1741 2313 1783 2361 est

88 2400 205 2452 abemus
229 2398 356 2461 errandi,
384 2405 410 2449 et
435 2398 548 2465 pridem
571 2397 691 2450 errandi
711 2397 743 2448 ia
761 2413 792 2448 re
812 2397 923 2449 animus
949 2399 1066 2464 pacatus
1085 2398 1169 2463 atque
1195 2408 1252 2446 uua
1270 2391 1423 2463 eademque
1441 2409 1507 2447 vera
1527 2393 1556 2446 in
1573 2409 1607 2447 eo
1625 2393 1702 2462 riget
1721 2393 1782 2446 reli·

86 2486 205 2538 satutem
232 2491 425 2544 eomernente,
463 2483 493 2534 in
527 2498 584 2550 qua
615 2483 740 2551 proinde
768 2498 850 2535 error
884 2487 924 2534 eet
950 2481 1010 2552 gio,
1033 2485 1099 2533 tunc
1118 2479 1296 2549 magistratus
1320 2495 1375 2533 non
1399 2476 1483 2532 debet
1509 2478 1633 2548 dirmsas
1651 2480 1740 2531 sectas
1755 2477 1783 2529 in

86 2572 168 2637 tonpe
187 2568 446 2639 periculosissimus
472 2576 497 2620 et
527 2568 747 2621 nocentissimus.
788 2567 829 2622 Ut
856 2582 923 2637 ergo
949 2566 1009 2635 ejus
1027 2564 1161 2636 grennum
1180 2564 1318 2633 recipere,
1338 2563 1387 2618 sed
1401 2580 1487 2617 novas
1505 2562 1630 2617 haereses
1651 2579 1783 2633 spargen-

87 2656 234 2710 saluhriter
257 2672 313 2709 non
335 2654 504 2724 permittitur
530 2669 597 2725 grex
623 2653 716 2706 ovium
743 2669 793 2722 per
815 2657 921 2707 montes
949 2651 1025 2706 tibus
1054 2665 1161 2703 summo
1191 2655 1295 2704 conatu
1320 2647 1447 2703 resistere
1473 2655 1501 2701 et
1525 2646 1724 2718 rempublicam
1747 2648 1783 2701 ab

87 2743 182 2813 vagari
202 2746 230 2796 et
247 2741 361 2812 quaevis
378 2756 483 2812 pascua
501 2741 617 2810 eligere3
641 2745 675 2793 ut
693 2738 840 2794 salubriter
867 2754 922 2792 non
949 2736 1024 2791 omni
1065 2735 1284 2806 corruptelarum
1322 2734 1385 2788 labe
1419 2734 1569 2788 immunem
1610 2747 1781 2788 conservare.

88 2828 257 2898 permittitur
281 2828 359 2880 navis
385 2843 404 2880 a
431 2825 557 2898 quolibet
583 2830 667 2880 vento
685 2824 869 2890 circumferri,
887 2839 922 2876 ne
949 2820 1006 2876 Sed
1030 2821 1142 2892 quando
1166 2820 1294 2875 turbatus
1318 2825 1362 2874 est
1384 2819 1553 2888 reipublicae
1575 2823 1664 2873 status
1689 2834 1722 2873 ac
1743 2818 1781 2871 di-

88 2914 136 2967 ille
153 2913 237 2966 noxia
252 2902 456 2982 pascua'eligat
467 2917 495 2965 et
515 2912 640 2981 luporum
652 2911 759 2980 praeda
774 2909 832 2976 liat,
852 2909 922 2962 haec
948 2923 1045 2962 versae
1056 2907 1085 2959 in
1101 2922 1134 2960 eo
1145 2905 1272 2976 jamdum
1287 2906 1383 2975 vigent
1398 2909 1426 2958 et
1438 2904 1616 2959 dominantur
1626 2903 1784 2974 religiones,
1797 2930 1852 2972 m,
1865 2929 1897 2970 ω

87 3015 153 3053 vero
178 2986 298 3068 scopulis
323 2998 403 3051 allisa
421 3003 530 3067 pereat3
555 2997 596 3050 sic
621 2995 769 3050 salubriter
787 3010 843 3048 non
861 3008 922 3064 per·
949 2993 1061 3062 quando
1079 2992 1186 3046 scilicet
1202 2990 1307 3045 subditi
1324 2991 1353 3045 in
1371 2990 1494 3044 diversas
1511 2989 1604 3045 abiere
1623 2994 1725 3059 partes,
1744 2989 1783 3042 ita

89 3084 208 3139 mittitur
224 3084 344 3139 subditis
361 3082 473 3153 quidvis
489 3081 621 3137 credendi
632 3082 754 3147 libertas,
771 3098 807 3135 ne
824 3097 841 3134 a
856 3094 924 3132 vera
949 3083 980 3132 ut
997 3078 1041 3132 vel
1060 3078 1150 3146 major
1161 3077 1207 3131 vel
1220 3074 1345 3146 aequalis
1363 3075 1463 3130 civium
1480 3091 1544 3146 pars
1557 3074 1644 3129 falsae
1655 3074 1781 3145 religioni

88 3170 220 3240 religione
237 3186 271 3223 ac
288 3168 344 3223 fide
363 3168 525 3223 aberrantes
543 3174 654 3222 aeterno
680 3167 764 3222 exitio
782 3166 923 3219 involvan-
949 3162 986 3216 sit
1004 3161 1131 3231 addicta,
1156 3178 1207 3216 nec
1224 3161 1312 3231 possit
1338 3162 1445 3231 absque
1464 3160 1657 3215 intestinarum
1672 3160 1782 3215 seditio·

88 3264 142 3310 tur.
178 3255 263 3309 Hisce
292 3254 473 3308 incommodis
497 3254 594 3308 merito
614 3257 824 3318 annumeratur,
847 3248 923 3321 quod
949 3264 1016 3302 num
1042 3247 1165 3317 periculo
1190 3247 1317 3317 adeoque
1342 3246 1427 3302 totius
1451 3244 1529 3317 regni
1553 3245 1738 3300 internecione
1756 3253 1784 3299 et

88 3358 138 3410 per
163 3341 334 3394 diversarum
360 3338 525 3410 religionum
557 3340 585 3392 in
609 3355 665 3392 una
687 3336 834 3407 republica
855 3334 923 3389 tolc-
951 3334 1034 3389 exitio
1057 3333 1129 3387 falsa
1147 3332 1246 3403 religio
1264 3331 1425 3401 exstirpari,
1443 3329 1482 3384 ibi
1501 3345 1566 3384 vcro
1585 3330 1782 3399 quiescendum

89 3427 206 3481 rendam
232 3427 268 3480 ad
298 3431 450 3480 extremum
474 3424 594 3478 numinis
614 3428 783 3478 contemtum
800 3421 923 3476 fenestra
950 3425 992 3474 est
1011 3418 1199 3490 magistratui,
1225 3435 1243 3472 a
1265 3417 1293 3470 vi
1311 3422 1341 3471 et
1358 3416 1438 3470 bellis
1455 3414 1651 3470 abstinendum
1669 3421 1697 3470 et
1716 3421 1783 3469 tem-

90 3514 230 3583 aperiatur
248 3513 332 3580 longe
350 3509 528 3580 amplissima,
548 3508 623 3562 unde
641 3508 702 3577 pari
722 3524 807 3578 passu
827 3508 923 3561 ambu-
950 3505 1010 3575 pori
1030 3504 1136 3574 aliquid
1157 3502 1387 3570 condonandum,
1405 3501 1480 3571 quod
1500 3501 1628 3570 agnoscit
1646 3500 1707 3570 ipse
1726 3501 1782 3554 Mo·

91 3599 149 3652 lere
171 3598 300 3652 videntur
322 3596 411 3650 omnis
430 3594 529 3664 religio
555 3600 585 3647 et
600 3594 678 3647 nulla
694 3593 799 3664 religio.
835 3591 924 3647 Rudis
950 3591 1031 3645 lanus
1050 3588 1212 3643 Pontificius
1226 3587 1297 3643 libro
1318 3596 1338 3644 1.
1357 3589 1392 3643 ds
1411 3586 1467 3641 fide
1484 3585 1628 3642 haereticis
1648 3586 1784 3641 servanda

92 3684 164 3738 enim
184 3682 330 3752 plebecula
348 3695 425 3733 acres
451 3679 514 3734 illas
533 3680 568 3733 de
586 3678 700 3733 summis
719 3677 860 3748 religionis
881 3693 925 3731 ca·
951 3693 975 3731 c
1006 3681 1029 3729 2.
1059 3675 1099 3728 sic
1129 3673 1267 3729 scribens:
1300 3674 1413 3740 Capitur
1440 3673 1596 3741 aliqnando
1632 3673 1785 3726 catholicus

92 3768 198 3839 pitibus
224 3767 407 3821 dissensiones
433 3771 461 3819 et
489 3765 627 3820 diversum
651 3779 791 3818 semorum
819 3764 925 3819 cultum
948 3761 1084 3831 princepe
1103 3760 1161 3814 nce
1178 3759 1361 3829 mapietratua
1379 3758 1410 3812 in
1429 3759 1597 3828 quibusdum
1615 3759 1685 3812 locis
1703 3759 1783 3812 tiber-

93 3854 314 3907 animadvertens
351 3850 410 3903 sola
445 3849 585 3903 hominum
620 3849 749 3920 opinione
782 3849 925 3903 veritatem
952 3854 1036 3900 tatem
1059 3845 1207 3913 religionis
1223 3844 1275 3899 suh
1300 3846 1385 3899 certet
1401 3845 1607 3899 conditionibus
1626 3846 1785 3898 concedere.

93 3945 218 3993 constare
244 3943 339 3992 censat
356 3951 390 3988 ac
407 3934 525 4005 proinde
542 3935 579 3988 ad
599 3934 712 4004 Epicuri
729 3940 823 3988 castra
842 3934 926 4003 pleno
951 3949 986 3986 ne
1003 3933 1031 3985 ei
1048 3931 1141 3984 minus
1158 3931 1264 3984 muium
1281 3931 1407 3985 tolerem
1423 3931 1509 3997 nolit,
1526 3933 1641 3999 majora
1659 3932 1689 3983 in
1706 3947 1786 3999 repu-

93 4041 175 4077 cursu
195 4023 345 4079 contendit.
953 4019 1028 4071 blica
1040 4035 1094 4070 acu
1103 4018 1218 4087 perpeti
1230 4025 1354 4085 cupatur.
1380 4016 1591 4072 “Tbeodosius
1599 4017 1694 4087 junior
1706 4016 1785 4070 Aria-

128 4117 184 4166 200.
220 4111 313 4179 Atque
334 4109 402 4162 haec
419 4112 484 4161 suut
503 4111 677 4176 argumenta,
696 4105 797 4175 quihus
817 4103 927 4175 religio·
952 4121 1049 4159 norum
1066 4102 1228 4174 religionem
1243 4108 1272 4157 et
1283 4103 1402 4174 collegia
1414 4102 1547 4157 acerrime
1560 4102 1786 4172 quidcmoderat,

92 4197 135 4251 uis
160 4195 304 4248 diversitas
323 4193 351 4247 in
370 4191 516 4262 republica
531 4190 715 4261 improbatur,
740 4189 841 4260 quibus
859 4207 926 4260 pon-
952 4190 1063 4245 iuterim
1079 4189 1146 4258 quia
1167 4186 1243 4242 nulla
1258 4189 1286 4242 vi
1298 4188 1458 4243 exscindere
1470 4193 1572 4259 posset,
1589 4186 1704 4248 ferebat,
1723 4205 1784 4242 curn

92 4283 144 4335 dus
157 4299 212 4335 non
231 4281 289 4336 leve
306 4280 396 4333 inesse
413 4278 533 4332 libenter
549 4276 686 4344 fatemur,
703 4277 814 4330 interim
831 4281 924 4330 tamen
952 4277 1065 4331 meante
1076 4274 1192 4344 imperio
1206 4274 1362 4344 provincias
1374 4290 1470 4329 omnes
1482 4273 1604 4329 Orientis
1616 4272 1785 4327 Arianorum

92 4367 319 4437 distinguendum
345 4381 404 4418 esse
430 4364 560 4418 dicimus:
589 4367 610 4418 1.
633 4364 706 4415 mter
726 4363 760 4415 id
781 4365 858 4431 quod
877 4380 925 4430 op-
951 4362 1050 4432 plenas
1068 4361 1222 4430 reperisset
1259 4358 1431 4414 Athanasius
1451 4365 1551 4428 rogatu
1563 4357 1717 4412 Constantii
1736 4359 1785 4412 im·

93 4456 211 4507 tandum
229 4454 259 4503 in
278 4452 424 4518 republica
440 4450 603 4505 Christiana
617 4457 643 4501 et
660 4451 738 4516 quod
754 4451 926 4518 meandum
952 4446 1088 4517 paratoria
1106 4462 1140 4498 ex
1160 4445 1262 4505 multis,
1281 4460 1354 4514 quae
1373 4448 1453 4499 erant
1466 4443 1659 4505 Alexandriae,
1676 4443 1786 4513 templis

93 4542 123 4591 in
140 4538 193 4589 hoc
216 4537 282 4588 crta.
323 4535 482 4605 Optandum
509 4534 621 4605 quidem
644 4540 673 4589 et
697 4533 775 4588 seriis
796 4533 926 4603 precihus
952 4549 1038 4586 unum
1056 4530 1169 4585 Arianis
1187 4530 1338 4584 concedere
1358 4529 1457 4591 voluit,
1485 4529 1509 4582 si
1527 4526 1685 4582 orthodoxis
1703 4529 1786 4582 stiam

93 4643 110 4678 a
129 4624 189 4676 Deo
205 4621 406 4692 flagitandum,
432 4621 501 4691 quin
526 4628 555 4676 et
579 4621 626 4690 pio
654 4619 829 4690 magistratui
850 4619 926 4672 inid
952 4616 1118 4671 Antiochiae
1146 4632 1231 4669 uuum
1259 4615 1395 4684 templum
1427 4613 1640 4684 permitteretur.
1686 4612 1785 4668 Petrus

94 4722 201 4763 summo
219 4707 310 4761 studio
329 4707 554 4774 incumbendum,
571 4713 604 4760 ut
615 4722 672 4760 una
691 4705 844 4775 eademque
861 4720 928 4760 vera
955 4701 1119 4756 Cudsemius
1143 4700 1239 4769 Apost.
1262 4700 1291 4752 in
1314 4700 1453 4768 desperet.
1471 4698 1548 4752 Galv.
1573 4715 1657 4753 causa
1676 4718 1702 4769 p.
1726 4704 1786 4752 tte:

94 4796 191 4864 religio
211 4793 314 4862 ubique
331 4792 439 4862 vigeat.
463 4808 527 4844 cum
553 4792 661 4846 nullum
687 4791 724 4844 sit
741 4790 846 4845 firmius
863 4807 926 4845 con·
952 4787 1282 4857 Lnudubiieetpmdene
1295 4783 1567 4851 siconulfumque
1581 4785 1720 4837 Henricus
1734 4786 1786 4836 IV.

95 4881 204 4934 cordiae
223 4886 251 4931 et
267 4879 381 4932 unitatis
398 4877 547 4945 vinculum,
564 4877 682 4948 quamsi
701 4877 729 4930 in
750 4877 927 4931 uneeedem-
956 4873 1075 4927 Gauius
1100 4880 1126 4924 et
1151 4873 1304 4925 Navarrae
1326 4885 1376 4923 rea
1400 4870 1495 4922 sancit
1516 4871 1641 4924 manibus
1660 4871 1689 4923 in
1711 4872 1787 4923 nobi-

96 4984 150 5037 que
172 4982 238 5019 vera
260 4964 392 5034 religione
416 4963 500 5018 animi
527 4962 700 5018 subditorum
728 4962 846 5017 invicem
864 4979 928 5017 con·
954 4959 1062 5014 diesim
1080 4975 1131 5012 cuo
1148 4974 1236 5026 repno
1257 4972 1312 5023 pro
1339 4961 1463 5025 tempore
1488 4955 1637 5022 reiipionis
1661 4957 1788 5008 immuni-

96 5053 230 5118 sentiant,
254 5052 302 5105 sed
322 5049 485 5103 universalis
512 5049 559 5102 illc
585 5065 736 5103 consensus
754 5048 784 5101 in
801 5048 928 5102 haesita
953 5053 1041 5099 tutem
1056 5051 1275 5111 potestatemque
1297 5041 1367 5105 fecit
1391 5042 1433 5094 ad
1460 5042 1584 5094 diuinmn
1602 5042 1664 5108 ejus
1684 5042 1786 5095 cultram

96 5138 199 5205 sperari
219 5136 264 5189 six
284 5143 382 5206 potest.
419 5136 537 5202 Oportet
556 5150 615 5188 esse
632 5136 760 5188 tuorem
779 5135 854 5187 inter
870 5148 1005 5203 consuo
1030 5131 1092 5183 ioco
1113 5128 1214 5198 palum
1237 5134 1264 5179 et
1287 5142 1385 5180 senne
1410 5127 1610 5192 conveniendi,
1632 5144 1687 5194 quo
1702 5135 1788 5195 pacto

97 5223 163 5277 dicit
181 5222 323 5292 apostolus
352 5226 373 5275 l.
387 5220 449 5276 Cor.
464 5225 503 5283 tt,
522 5237 547 5274 v.
572 5225 779 5275 lacessuntur
796 5218 825 5272 in
843 5200 1069 5286 ecclelpadlicu
1095 5214 1178 5267 totius
1203 5211 1285 5279 requi
1310 5219 1335 5264 et
1359 5213 1389 5266 in
1417 5229 1449 5265 eo
1474 5211 1627 5265 catholicae
1655 5212 1788 5265 eeclesiae

97 5308 153 5362 siae
176 5325 243 5380 agro
269 5307 376 5361 zizania
394 5307 422 5358 in
441 5304 532 5359 medio
552 5303 636 5383 tritici
656 5303 755 5358 Matth.
777 5309 825 5370 13,
844 5320 870 5357 τ.
889 5286 1012 5379 talpae
1036 5301 1125 5354 alitur
1150 5305 1176 5352 et
1191 5299 1308 5367 patriae
1330 5298 1410 5352 sulces
1435 5298 1662 5352 conservatur.*·
1701 5297 1787 5351 Garo-

98 5398 123 5449 2.
145 5394 221 5446 Inter
236 5410 423 5461 personarum
437 5391 573 5460 privatim
588 5392 623 5443 de
641 5389 777 5458 reiipioac
789 5390 929 5442 diuersum
955 5387 1000 5441 tue
1024 5386 1052 5439 V.
1072 5401 1135 5439 cum
1155 5401 1173 5437 a
1191 5382 1333 5438 Clemente
1345 5381 1408 5437 VII.
1427 5381 1569 5437 Bononiae
1587 5389 1740 5453 urgeretur,
1758 5391 1790 5436 ut

97 5480 270 5532 sentientium
302 5478 481 5532 totermetium
511 5482 537 5529 et
566 5477 640 5527 inter
665 5472 778 5544 pattici
805 5476 932 5527 arantis·
956 5471 1145 5525 Lutherauam
1159 5466 1322 5539 religionem
1336 5465 1421 5521 armis
1433 5469 1616 5538 oppugnaret,
1636 5469 1788 5538 suggestio-

98 5565 308 5618 cmceeeicnem.
342 5563 483 5618 Personae
500 5560 627 5631 privatae
653 5559 792 5614 diversum
810 5559 930 5615 emtion-
956 5557 1040 5612 nibus
1069 5555 1157 5626 ipsius
1183 5554 1305 5627 gravitm
1332 5553 1453 5624 primum
1475 5553 1578 5609 resddt
1601 5570 1734 5625 responso
1752 5555 1788 5607 ad
