4020 6014
222 127 261 185 ss
803 112 1326 211 recnsvscasmssrsauus

221 273 353 329 vincisles
373 273 500 332 electioni
520 275 653 333 interesse
671 276 832 350 oportebat,
852 295 876 333 c.
896 275 1055 348 Metropoli·
1084 275 1245 331 stantialoci
1257 275 1469 334 alteriussdhuc
1478 277 1919 350 intravigintidiespostcenscn·

221 366 287 415 tane
309 359 432 417 distiti.
456 379 490 417 ex
509 362 607 418 concil.
627 362 732 419 Nicene
753 365 811 418 can.
833 369 858 422 t.
879 363 1054 419 Antiocheno
1083 377 1142 414 sum
1167 361 1211 416 vel
1240 369 1305 433 post
1329 363 1470 420 obtentam
1495 364 1530 420 de
1555 380 1606 421 sua
1623 364 1764 421 ·electicne
1789 363 1918 420 notitiam

81 452 208 498 matrs.
222 463 282 504 can.
304 452 342 503 19.
363 448 432 502 etin
446 447 563 504 decretis
581 449 705 505 collectis
723 449 873 506 aMartine
891 449 1054 505 Bracarensi
1083 453 1275 517 praesentatae
1293 448 1410 520 fuerint,
1432 450 1602 517 confirmare,
1622 452 1670 507 sed
1690 451 1818 507 etiamsi
1838 450 1917 520 lapso

222 549 245 588 c.
265 537 289 587 3.
326 532 409 588 Unde
426 533 639 591 Valentinianus
665 536 813 607 imperator
837 539 878 591 ad
894 537 1052 592 electionem
1082 531 1158 586 dicte
1178 537 1301 606 tempere
1320 554 1375 591 nen
1394 543 1603 607 praesentatae,
1621 537 1665 592 vel
1683 538 1705 592 si
1723 542 1918 609 praesentatae

221 619 366 672 Ambrosii
388 620 418 673 im
441 621 682 695 archiepiscopum
700 624 941 679 Mediolanensem
962 639 1054 677 ommes
1081 618 1172 672 minus
1190 621 1354 687 canonicae,
1383 627 1443 694 (pre
1462 623 1577 678 arbitrio
1594 631 1663 695 puta
1680 624 1785 696 papali)
1803 623 1918 688 fuerint,

216 705 383 773 provinciae
412 707 492 761 illias
520 710 665 779 episcopos
690 727 855 765 convocasse
876 718 1053 777 memoratur,
1080 705 1135 761 ime
1162 707 1215 761 etsi
1241 709 1390 766 canonicae
1418 709 1536 779 fuerint,
1566 728 1599 766 ex
1623 711 1781 766 rationabili
1806 715 1836 766 et
1862 710 1918 765 evi·

221 807 244 845 e.
274 789 486 848 Valentinianus
519 795 583 851 dict.
603 796 680 854 ,dist
713 802 755 853 63.
781 795 893 851 tandem
925 813 989 851 rere
1017 797 1052 850 ad
1080 790 1157 845 denti
1181 809 1267 849 causa
1291 796 1326 850 dc
1350 795 1467 851 fratrum
1492 814 1603 852 suorum
1629 797 1834 866 (cardinalium)
1853 813 1917 850 cen·

221 877 339 948 collegia
350 879 586 952 presbyterorum,
605 899 654 937 seu
666 889 698 937 ut
712 882 794 938 hodie
811 889 913 938 vocant
925 884 1051 953 capitula
1079 877 1140 932 silio
1166 879 1201 934 de
1225 881 1343 952 digniori
1369 889 1397 938 et
1421 883 1524 939 utiliori
1547 901 1664 955 persona
1689 883 1837 955 providere
1862 889 1916 939 etc.

220 966 428 1036 cuaoaiccrum,
447 968 476 1022 in
495 970 616 1024 ecclesiis
630 969 834 1025 cathedralibus
845 971 893 1040 jus
909 971 984 1025 istud
1003 971 1050 1025 eli·
1078 963 1118 1018 itt
1143 965 1271 1021 nimirum
1297 968 1420 1039 pontifex
1443 986 1599 1041 supremam
1624 977 1653 1025 et
1676 969 1867 1025 authenticam
1885 969 1916 1024 in

220 1051 304 1121 gendi
335 1053 480 1127 episcopos
515 1057 718 1127 cujuscunque
740 1057 843 1128 gradus
873 1057 902 1111 in
933 1057 1051 1111 solidum
1079 1049 1270 1122 episcoporum
1288 1054 1424 1110 electione
1441 1062 1470 1110 et
1487 1055 1693 1111 confirmatione
1712 1056 1766 1111 sibi
1784 1057 1917 1112 vendicat

219 1137 344 1209 transiit,
375 1156 399 1194 e.
418 1141 542 1197 cumana
560 1159 584 1196 e.
603 1143 778 1215 congregem
796 1161 819 1199 ρ,
839 1143 871 1197 In
884 1143 987 1200 Genesi
999 1149 1052 1200 ete,
1079 1143 1258 1208 potestatem,
1282 1140 1356 1195 unde
1375 1141 1459 1196 etiam
1481 1142 1564 1197 arctis
1579 1143 1801 1211 juramentorum
1819 1143 1916 1197 vincu-

219 1228 286 1276 extr.
308 1224 343 1280 de
367 1225 454 1281 Eleet.
475 1244 497 1283 c,
520 1245 582 1282 cum
602 1227 729 1284 Eoeleeia
747 1237 814 1286 extr,
842 1229 877 1285 de
895 1246 969 1285 caue,
990 1247 1051 1302 pro.
1079 1223 1113 1278 iifl
1132 1241 1177 1279 00⁸
1198 1225 1250 1281 bibi
1271 1226 1433 1297 obstringit,
1460 1245 1576 1299 quorum
1600 1230 1732 1284 formulas
1751 1229 1780 1283 ln
1800 1229 1862 1286 1000
1878 1229 1915 1286 de

220 1311 301 1380 priet.
328 1317 355 1365 et
372 1329 489 1381 possess.
516 1313 617 1369 Daniel
639 1313 808 1370 venatorius
832 1316 861 1371 in
886 1316 958 1371 anal.
980 1316 1052 1386 juris
1081 1311 1197 1366 ccclesia
1216 1313 1411 1381 recensuimus,
1430 1315 1520 1384 etqui
1533 1314 1569 1370 ad
1582 1315 1725 1386 dignitatis
1742 1315 1816 1371 illius
1836 1315 1917 1370 fasti·

219 1396 342 1467 pontific.
363 1398 425 1451 libr.
449 1405 471 1454 1.
490 1416 514 1454 c.
535 1405 559 1455 6.
573 1399 672 1455 Metth.
687 1400 845 1472 Stephanae
863 1403 898 1458 de
913 1403 1051 1473 jurisdiet,
1079 1396 1156 1468 giam
1175 1397 1288 1469 abipso
1307 1401 1404 1463 evecti,
1422 1401 1481 1453 Dei
1497 1408 1522 1453 et
1534 1403 1706 1470 apostolicos
1724 1401 1801 1455 sedis
1818 1402 1916 1469 protis

219 1482 281 1537 libr.
309 1489 332 1539 3.
357 1477 429 1554 part.
449 1490 472 1541 1,
491 1502 552 1556 cap,
575 1492 600 1543 7,
619 1504 686 1542 num
705 1493 747 1543 38,
782 1488 867 1546 Lam,
884 1487 999 1544 ohmjue
1018 1489 1051 1544 de
1080 1501 1138 1537 scre
1157 1484 1301 1554 episcopos
1322 1500 1382 1539 esse
1398 1484 1427 1538 in
1445 1484 1533 1540 titulis
1550 1485 1731 1557 profitentur,
1756 1503 1791 1541 ae
1808 1486 1917 1542 Bellat-

217 1570 281 1640 jure
298 1569 381 1640 episc.
400 1570 469 1625 thes.
491 1577 530 1627 14.
550 1573 676 1643 quamvis
694 1573 722 1628 in
741 1575 872 1645 exemplis
886 1575 1052 1646 quibusdam
1080 1569 1170 1624 minus
1187 1569 1235 1625 lib.
1255 1578 1277 1628 1.
1298 1571 1333 1626 de
1352 1571 1459 1626 clericis
1482 1588 1505 1626 c.
1525 1578 1550 1629 8.
1569 1574 1686 1643 probare
1707 1579 1837 1640 conatur,
1862 1575 1916 1628 ele·

220 1656 388 1726 specialibus
408 1663 538 1713 eccurrat
556 1658 716 1726 diversitas,
735 1677 768 1716 er
783 1661 855 1730 jure,
876 1661 921 1717 vel
941 1679 1053 1717 consue·
1080 1657 1196 1711 ctionem
1214 1658 1408 1727 episcoporum
1430 1677 1486 1712 oon
1500 1660 1644 1730 pertinere
1661 1660 1731 1728 jure
1754 1661 1851 1712 divino
1875 1661 1918 1712 ad

220 1742 330 1812 tudine,
355 1743 400 1797 vel
429 1745 605 1801 concessione
635 1745 769 1818 singmlnri
799 1747 973 1819 dependens,
1004 1748 1052 1804 sed
1080 1744 1200 1807 clerum,
1227 1745 1279 1797 ted
1304 1748 1346 1799 ad
1372 1763 1506 1799 summum
1528 1746 1704 1815 pontificem,
1733 1752 1764 1798 vi
1786 1747 1830 1800 vel
1854 1746 1916 1818 tim

221 1844 292 1899 quae
312 1830 471 1899 generalem
490 1832 616 1903 regulam
639 1850 695 1888 nen
712 1833 802 1906 tollit,
826 1834 845 1891 l.
864 1834 937 1905 qued
957 1842 1053 1890 contra
1080 1830 1175 1898 stipat,
1193 1830 1238 1883 cel
1253 1832 1433 1901 praescribet
1451 1833 1575 1900 elipensis·
1595 1834 1715 1887 modom.

223 1921 280 1971 141.
306 1915 334 1972 ff.
359 1916 394 1971 de
418 1915 487 1989 Reg.
510 1918 566 1988 jur.
604 1918 704 1974 Modus
733 1920 874 1976 electionis
892 1921 925 1976 fit
942 1922 986 1977 vel
1003 1939 1053 1993 per
1118 1920 1174 1974 132.
1191 1916 1225 1969 In
1245 1916 1355 1988 signum
1382 1916 1595 1974 confirmationis
1622 1924 1650 1973 et
1667 1917 1846 1973 investiturae
1863 1935 1913 1989 pa·
1928 1935 1959 1977 rs

221 2001 399 2070 smmtieiom,
426 2003 500 2075 quod
521 2009 563 2059 est
586 2005 810 2072 usitatissimum,
837 2007 883 2062 rel
908 2024 958 2079 per
981 2027 1052 2063 eom.
1079 2000 1151 2071 palis
1178 2001 1260 2056 datur
1290 2003 1334 2057 vel
1363 2003 1482 2057 mittitur
1512 2004 1726 2078 archiepiscopis
1759 2011 1789 2060 et
1815 2005 1915 2076 paucis

216 2089 395 2158 premissum,
413 2090 487 2160 quod
507 2095 549 2145 eet
566 2090 745 2160 rarissimum,
762 2091 806 2149 vel
828 2110 878 2163 per
890 2095 1053 2164 inspiratio.
1080 2087 1187 2158 aliquot
1203 2088 1339 2160 episcopis
1356 2088 1581 2162 superhumerale
1593 2091 1705 2162 aliquod
1719 2108 1752 2147 ex
1764 2092 1828 2146 lana
1847 2109 1914 2148 oen·
1927 2107 1959 2150 11.

221 2192 296 2246 aem,
323 2191 395 2246 quae
417 2193 529 2246 prorsus
549 2176 608 2233 fere
636 2179 665 2232 in
688 2195 741 2233 usu
768 2196 827 2235 esse
852 2179 943 2239 desiit.
981 2181 1054 2245 Vide
1080 2182 1194 2240 textum,
1215 2175 1540 2255 q110dV0⁶⁸l1tl>stlllum
1559 2195 1582 2234 0·
1596 2178 1676 2242 Quod
1694 2179 1766 2234 sieut
1785 2177 1814 2252 ξ
1828 2195 1914 2251 super

222 2277 355 2317 canonem
371 2261 512 2318 electionis
538 2263 574 2318 ab
601 2264 763 2320 Innocentio
782 2256 835 2322 1112
853 2269 1053 2339 praescriptum
1081 2278 1114 2316 00
1140 2278 1211 2317 vert·
1238 2261 1394 2320 Praeterea.
1428 2270 1495 2320 extr.
1524 2265 1560 2319 de
1587 2264 1664 2321 elect.
1691 2270 1711 2319 t·
1738 2273 1756 2320 t
1781 2271 1850 2322 extr·
1878 2266 1914 2322 de

221 2354 249 2403 et
273 2348 312 2402 ibi
339 2347 429 2404 Gloss.
462 2349 491 2404 in
519 2367 541 2404 c.
585 2349 658 2413 Quia
681 2357 795 2423 prepter
817 2360 884 2408 extr.
908 2354 943 2409 de
967 2356 1052 2412 Eleet,
1080 2357 1185 2419 auctor,
1209 2355 1238 2405 et
1255 2366 1308 2405 usu
1333 2349 1422 2421 pallii.
1456 2351 1525 2422 Ejus
1552 2351 1716 2407 conficiendi
1742 2352 1855 2409 medum
1880 2370 1914 2408 ex

220 2433 318 2490 doech.
333 2435 490 2505 Stephanus
507 2436 554 2493 lib.
568 2443 592 2492 t.
606 2437 641 2492 dc
655 2437 754 2507 jurisd.
772 2456 795 2493 c.
812 2445 851 2495 11,
870 2458 937 2494 num
949 2447 990 2496 41.
1004 2448 1052 2497 ete.
1080 2435 1233 2491 Pontificiis
1247 2436 1405 2491 auctoribus
1424 2436 1465 2491 sic
1485 2436 1618 2491 describit
1631 2437 1778 2493 Sleidanus
1800 2439 1848 2497 lib.
1871 2444 1911 2496 13.

94 2537 191 2580 lnvmu·
260 2526 315 2575 131.
350 2520 482 2592 Episcopi
505 2522 586 2577 electi
612 2540 630 2577 a
654 2524 784 2594 pontifice
807 2525 946 2596 Romane,
972 2545 1053 2599 quem
1080 2529 1224 2577 comment.
1249 2540 1314 2594 pag.
1339 2528 1403 2579 iil:
1431 2523 1467 2577 Ie
1492 2525 1538 2578 die
1563 2524 1680 2593 Apustis
1703 2526 1836 2596 cissimis,
1865 2528 1916 2596 qai

92 2589 209 2694 222⁸„ssssss
222 2608 416 2678 episcoporum
434 2608 592 2680 episcopum
613 2626 672 2664 esse
691 2617 720 2666 et
738 2628 755 2666 a
776 2629 831 2683 que
852 2630 959 2668 emnem
977 2622 1050 2685 pote«
1080 2617 1121 2663 est
1132 2610 1192 2664 siim
1203 2610 1344 2663 laeseris·
1355 2615 1398 2663 21.
1413 2611 1444 2662 ie
1458 2611 1560 2682 temple
1573 2611 1655 2665 dieas
1666 2613 1785 2682 Apustio
1797 2615 1913 2681 Romae,

93 2704 210 2787 affin·
223 2700 331 2762 statem,
345 2695 568 2765 jurisdictionem
589 2704 616 2752 et
630 2697 794 2769 dignitatem
811 2700 979 2773 reliquorum
998 2703 1053 2774 epi·
1080 2714 1141 2750 cum
1159 2697 1190 2750 in
1209 2697 1295 2751 mitta
1312 2697 1482 2766 imploratur
1500 2698 1600 2766 ΑΜ
1622 2699 1691 2763 Μ,
1715 2716 1801 2770 witer
1819 2700 1915 2753 dim

178 2774 184 2787 ⁶
222 2797 368 2852 scoparum
392 2781 469 2837 velut
492 2799 525 2838 ex
550 2782 627 2838 fonte
645 2802 809 2855 premanere
825 2786 951 2858 fingunt,
971 2789 1053 2845 Boza.
1076 2791 1221 2852 ponuntur
1241 2783 1311 2853 aeni
1328 2785 1385 2838 ἀπο
1403 2784 1535 2855 candidi,
1551 2793 1652 2855 postea
1669 2788 1822 2840 traduntur
1839 2787 1912 2840 havi·

223 2868 337 2937 dejure
360 2874 449 2923 status
470 2867 518 2923 lib.
542 2875 563 2924 1.
583 2887 606 2925 e,
629 2877 668 2928 te,
693 2873 886 2929 investituram
908 2884 935 2930 ee
953 2880 1054 2943 confir.
1078 2871 1151 2923 lieoe
1168 2871 1249 2923 Petri
1264 2870 1460 2940 subdiaconis,
1486 2871 1517 2924 isi
1536 2872 1646 2925 mittunt
1668 2873 1735 2926 iilos
1754 2873 1783 2926 in
1799 2891 1912 2945 poscae

222 2957 370 3008 motionem
390 2959 485 3025 petere
502 2962 647 3026 coguntur.
683 2957 756 3013 Olim
777 2978 841 3016 vero
857 2980 912 3017 non
928 2971 987 3020 erat
1006 2966 1054 3035 sic,
1080 2973 1184 3026 81109116
1210 2965 1332 3026 1617111016
1361 2959 1475 3011 lorwim!t
1502 2974 1536 3011 tx
1563 2975 1651 3027 ⁶⁰th
1680 2958 1748 3012 lana
1769 2961 1913 3029 permixta

222 3039 289 3111 quia
315 3040 430 3095 Carolus
459 3040 595 3111 Magnus,
623 3039 689 3097 Otto
721 3045 832 3113 tertius,
861 3045 1000 3104 Henricus
1026 3059 1054 3107 et
1080 3043 1206 3112 reliquae
1224 3044 1317 3107 latae,
1335 3062 1397 3096 cum
1416 3044 1446 3096 ie
1464 3043 1543 3108 filum
1554 3043 1672 3097 didm
1689 3045 1787 3109 sutrii»
1803 3063 1913 3114 pam·

221 3126 400 3198 impersteres
420 3128 481 3196 alii,
505 3129 553 3200 qui
581 3129 757 3201 episcopatus
776 3131 804 3185 in
825 3132 976 3191 Germania
992 3136 1054 3192 sun.
1081 3138 1126 3183 tes·
1135 3131 1251 3201 pallio,·
1263 3130 1414 3183 latitudine
1425 3137 1488 3183 sont
1504 3133 1610 3185 odires
1620 3131 1730 3200 stipites,
1743 3132 1778 3183 ab
1790 3131 1914 3188 tommis

223 3214 331 3279 darunt,
350 3213 404 3269 sibi
422 3219 451 3268 et
467 3215 524 3270 suis
544 3216 573 3271 in
587 3216 702 3286 imperio
720 3220 924 3276 successoribus
945 3222 1055 3279 investi·
1078 3218 1257 3284 ΡΐθΡθΜῖθΜ
1271 3216 1302 3269 ie
1317 3224 1413 3286 imm
1426 3225 1507 3285 “litt
1521 3233 1610 3283 ittet,
1630 3219 1671 3271 “d
1689 3226 1838 3273 extremum
1850 3227 1914 3274 wi

221 3307 299 3357 taras
322 3301 514 3372 episcoporum
543 3310 732 3374 reservarunt,
761 3306 862 3377 quibus
887 3308 969 3364 etiam
991 3312 1055 3380 jure
1081 3302 1204 3355 laminae
1226 3303 1375 3373 plumbeae
1400 3311 1493 3358 tenues
1513 3303 1636 3371 eiusdem
1658 3305 1827 3361 latitudinis.
1864 3307 1914 3360 Ad

221 3385 284 3440 illas
302 3396 458 3458 competere
471 3389 527 3444 late
545 3389 666 3459 probant
682 3390 871 3447 Theodericus
889 3410 907 3448 a
927 3395 1007 3452 Niem
1024 3398 1053 3453 in
1080 3389 1152 3442 dunc
1169 3390 1282 3443 modum
1299 3396 1426 3443 waima
1444 3389 1613 3456 disertum?
1631 3391 1672 3443 ad
1691 3407 1813 3461 ⁶⁰²'P0w
1833 3393 1914 3447 Petri

222 3472 300 3537 libre,
319 3475 364 3528 cui
383 3475 479 3530 titulus
498 3476 650 3549 Privilegia
668 3484 697 3533 et
709 3478 776 3549 jura
794 3479 903 3550 imperii
921 3482 995 3538 circa
1014 3483 1054 3538 in·
1082 3484 1163 3544 aiunt
1187 3476 1277 3529 Pauli
1297 3493 1332 3528 αθ
1355 3477 1440 3529 terit&
1463 3476 1504 3529 ibt
1515 3478 1648 3546 Precibus
1672 3479 1809 3546 timiditas
1828 3480 1913 3534 rolin·

221 3560 370 3613 vestituras
389 3562 597 3632 episcopatuum
610 3572 638 3618 et
651 3562 828 3620 abbatiarum
841 3566 1054 3639 imperatoribus
1081 3570 1202 3631 manser
1228 3579 1281 3630 Pit
1307 3570 1413 3616 noctem
1445 3581 1547 3632 umcm,·
1589 3564 1682 3617 “littra
1715 3565 1762 3618 dit
1798 3567 1913 3620 midia-

221 3645 354 3700 Remanis
366 3646 448 3700 toties
459 3647 599 3719 qnondam
611 3649 719 3720 apapis
737 3650 873 3718 restituta,
887 3660 914 3709 et
925 3655 1054 3711 Buxterf·
1081 3649 1146 3702 ⁶0ss
1167 3649 1304 3721 remilium
1328 3658 1353 3703 ⁶²
1378 3650 1491 3704 donato
1508 3650 1569 3704 ²0⁶⁰
1589 3651 1739 3719 filietate?
1758 3661 1912 3723 attestant,

221 3729 273 3786 fias
292 3732 320 3785 in
341 3731 448 3787 dissert.
462 3732 490 3786 in
508 3739 613 3803 septem
627 3736 720 3806 priora
732 3739 824 3808 capita
836 3738 947 3796 Aureae
961 3741 1054 3798 bullae
1082 3737 1170 3790 donet
1186 3739 1237 3806 qvi
1253 3752 1324 3806 opas
1342 3737 1425 3790 hallei
1448 3737 1676 3807 architpttcoptw
1699 3746 1749 3792 ⁰¹⁴2
1771 3740 1831 3793 tim
1844 3758 1912 3811 pro·

224 3815 315 3871 Caroli
339 3816 389 3874 lv.
414 3817 499 3872 conci.
525 3824 566 3874 ea.
591 3819 639 3873 ubi
666 3820 738 3876 inter
764 3831 856 3880 cetera
881 3826 920 3882 sic
945 3829 1054 3884 scribit:
1081 3831 1195 3877 cremor
1221 3821 1278 3875 siet
1303 3823 1371 3875 dari
1391 3831 1479 3891 pesas.
1528 3826 1667 3878 Traditur
1698 3832 1791 3880 amem
1821 3828 1913 3882 moue

224 3902 299 3956 Olim
318 3903 430 3971 quidem
448 3905 633 3975 imperotores
656 3910 745 3961 nostri
764 3912 799 3964 eie
819 3912 889 3982 apsis
908 3915 1054 3983 diems'tati·
1081 3928 1143 3964 cum
1160 3909 1322 3963 ceremoniis
1341 3917 1366 3962 ti
1378 3910 1569 3972 deferimini?
1580 3913 1747 3981 mandatur,
1773 3928 1807 3967 tw
1825 3929 1912 3982 ΜΡΝ

222 3990 271 4043 bos
290 3991 436 4059 episcopos
455 3998 481 4042 et
505 3991 618 4045 abbates
636 4008 693 4060 per
719 3998 855 4051 camelum
880 4007 907 4052 et
927 4001 1054 4056 hamilem
1081 4005 1186 4050 nectem
1206 4013 1291 4049 senam
1310 3996 1355 4065 (si
1370 3999 1454 4050 merie
1473 3997 1538 4059 sieri
1549 3998 1660 4067 possit)
1685 4000 1715 4052 im
1739 4003 1833 4055 eodem
1852 4001 1913 4054 loce
1949 4046 1950 4050 ,

221 4076 349 4131 investire
362 4076 497 4146 solebant,
512 4079 749 4148 sedpostmodum
763 4082 887 4138 Heorice
900 4085 930 4138 V.
944 4105 1053 4158 opopa
1080 4085 1230 4148 subsistunt
1249 4101 1284 4136 uc
1302 4091 1511 4137 commereatur.
1548 4082 1591 4137 De
1603 4085 1726 4155 mysticis
1743 4086 1822 4156 pallii
1840 4086 1914 4142 illius

224 4163 335 4220 Uolscio
360 4164 403 4217 ΙΙ.
431 4166 585 4218 transactio
616 4173 725 4219 aeterra
753 4175 806 4240 cst,
838 4187 888 4238 qer
917 4191 1000 4242 quam
1030 4177 1054 4228 ie
1081 4168 1331 4240 significationibus
1356 4185 1470 4238 operose
1494 4167 1619 4239 disputat
1642 4170 1792 4226 Durandus
1817 4172 1866 4228 lib.
1889 4179 1912 4229 3.

223 4267 316 4306 manes
344 4252 537 4321 episcoporum
568 4260 594 4305 et
630 4253 761 4308 abbatum
791 4257 971 4315 investiturae
999 4280 1055 4333 per
1080 4262 1132 4310 rat.
1153 4254 1237 4311 divin.
1256 4253 1328 4310 offic.
1351 4271 1375 4310 c.
1398 4260 1437 4309 17.
1459 4272 1487 4324 p.
1507 4259 1554 4310 48:
1588 4256 1729 4327 Polliam,
1751 4258 1855 4331 inquit,
1873 4267 1914 4314 est

223 4339 357 4393 cendam
382 4346 408 4391 et
432 4338 560 4391 taceam
584 4339 649 4402 fieri
674 4341 773 4395 soiitos
799 4344 932 4413 pontifici
964 4349 1053 4417 cessit,
1081 4344 1117 4395 de
1137 4343 1263 4395 candido
1283 4340 1352 4393 lassa
1369 4348 1530 4408 contextam,
1550 4342 1654 4396 tabem
1671 4345 1806 4398 circatam
1822 4347 1914 4400 home·

222 4427 277 4479 siin'
293 4443 357 4479 vcro
380 4425 548 4495 reservarit,
574 4429 651 4494 quod
676 4428 706 4480 in
726 4429 871 4499 episcopos
896 4441 923 4488 et
943 4434 1054 4489 abbates
1080 4446 1129 4482 res
1147 4428 1379 4495 eomstrinpeetem
1396 4434 1423 4479 et
1443 4428 1518 4480 duos
1531 4427 1621 4482 lineos
1639 4431 1805 4501 oestroque
1819 4442 1914 4503 ports,

223 4513 305 4567 electi
330 4513 507 4567 investituras
532 4513 672 4581 sepelirem
699 4531 813 4569 suerum
832 4535 888 4587 per
915 4528 1053 4591 sceptrum
1081 4515 1212 4568 videlicet
1237 4521 1301 4567 ante
1330 4522 1355 4567 et
1381 4522 1458 4568 retro
1480 4518 1654 4584 pendesstcs;
1681 4537 1700 4571 a
1723 4519 1848 4574 sinistris
1875 4527 1914 4575 eet

223 4600 258 4651 ab
277 4599 447 4668 imperatore
472 4599 590 4653 debeam
613 4607 639 4653 et
659 4608 805 4657 teneantur
825 4605 968 4677 occipere,
986 4608 1054 4663 refe·
1082 4601 1194 4671 duplet,
1214 4619 1233 4654 a
1251 4601 1357 4653 demit
1369 4601 1501 4672 timpleaei
1518 4603 1599 4657 habet
1611 4613 1731 4674 attatum·
1742 4623 1836 4660 mices
1846 4625 1913 4677 pur

222 4689 300 4740 rente
329 4685 441 4757 Sigonio
471 4686 518 4742 lib.
550 4693 588 4742 10.
623 4686 658 4743 de
685 4705 762 4760 regn.
783 4688 845 4749 Ital.
876 4708 948 4748 anne
979 4700 1053 4752 1122.
1079 4705 1193 4757 pareas,
1210 4687 1393 4741 scils'cctcete
1412 4696 1438 4741 et
1454 4697 1540 4760 retro,
1559 4691 1764 4745 sumerseta
1783 4694 1914 4748 ciemtris.

223 4772 339 4828 creneio
361 4773 408 4828 lib.
433 4782 456 4829 5,
477 4773 576 4831 saxon,
602 4791 626 4832 e,
654 4781 694 4832 42,
715 4781 769 4834 ete,
812 4778 997 4853 Augemmi
1015 4782 1054 4836 111.
1082 4775 1242 4843 Iatipaotar
1257 4774 1392 4843 impellis
1406 4783 1463 4829 tres
1476 4794 1551 4842 ocus,
1564 4786 1590 4830 et
1602 4780 1741 4847 quaedem
1752 4789 1825 4852 sumt,
1843 4798 1913 4852 quac

224 4876 307 4931 super
328 4865 411 4930 pacta
435 4861 587 4917 novissima
611 4863 683 4918 inter
700 4863 871 4919 thidericum
893 4867 948 4922 111.
970 4868 1054 4940 impe·
1078 4877 1132 4933 1³⁰⁷·
1160 4861 1406 4930 1ηθΐ1”01)οἷ1ἶα”ῑ”η
1431 4865 1491 4918 W
1510 4864 1605 4935 Fallit>
1634 4866 1683 4932 ⁰9⁸⁸
1711 4885 1767 4919 ”⁰⁹2
1786 4877 1913 4939 P0⁸⁸¹mb

223 4952 342 5002 satorem
378 4951 405 5002 et
430 4946 568 5018 principes
592 4948 758 5007 Germaniae
788 4956 817 5006 et
842 4951 989 5009 Nicolaum
1019 4955 1054 5010 V.
1082 4966 1136 5018 qoo
1167 4949 1249 5001 ctiam
1276 4948 1331 5001 nisi
1354 4951 1438 5003 certis
1465 4952 1563 5005 <liebus
1585 4951 1628 5002 uti
1647 4968 1702 5004 aea
1726 4956 1815 5026 valet,
1843 4973 1914 5026 qaas

223 5051 325 5105 papam
344 5049 416 5088 anno
439 5040 512 5092 1447,
532 5036 615 5105 inita,
634 5055 707 5110 quae
724 5044 858 5094 vocantur
878 5043 1055 5096 Cenem-data
1083 5035 1177 5089 omnia
1201 5036 1354 5089 moralimss
1377 5047 1442 5093 meret
1466 5039 1569 5092 imbuta
1593 5040 1733 5106 mysteriis
1758 5050 1784 5095 et
1810 5045 1915 5099 dirimis

227 5122 413 5191 Gemonias,
437 5121 538 5193 quibus
557 5141 632 5195 papa
654 5143 709 5180 non
730 5125 811 5181 modo
829 5125 881 5180 sibi
907 5130 1058 5183 reservavit
1082 5122 1204 5192 eravida
1228 5125 1420 5180 sacramentis.
1456 5127 1493 5178 In
1520 5124 1589 5177 lana
1615 5127 1770 5197 asperum,
1796 5131 1826 5183 in
1849 5150 1913 5186 cae-

223 5207 371 5264 electiones
390 5207 418 5263 in
431 5209 649 5279 metropolitanis
667 5217 695 5266 et
710 5211 915 5268 cathedralibus
932 5215 1056 5270 ecclesiis
1084 5211 1153 5263 dore
1170 5209 1323 5279 bmieeisas
1343 5213 1515 5281 decipiatur,
1533 5227 1598 5263 aum
1617 5214 1808 5270 ecclesiastica
1828 5219 1915 5273 disci·

223 5291 321 5365 factas,
339 5296 363 5351 si
382 5295 419 5351 ab
438 5295 531 5352 electis
547 5295 629 5365 juxta
648 5298 871 5356 constitutionem
884 5299 993 5356 Nicolai
1005 5301 1056 5358 III.
1079 5297 1165 5367 plina
1183 5305 1280 5352 eontra
1297 5298 1416 5353 rebella
1435 5302 1462 5346 ti
1480 5295 1629 5352 θῦθίῑπαίοθ
1646 5303 1819 5359 severitatem
1839 5324 1914 5362 ecer-

224 5379 252 5444 in
267 5398 291 5438 e.
301 5381 451 5455 Cupientes
464 5383 498 5440 de
510 5381 589 5445 elect
602 5383 631 5438 in
643 5389 667 5441 6.
682 5385 755 5441 iutra
766 5403 888 5445 mensem
902 5388 946 5445 rel
957 5405 1008 5464 pre
1018 5389 1059 5447 di.
1079 5393 1127 5458 eet,
1145 5387 1197 5441 sed
1213 5402 1283 5457 ereo
1296 5383 1468 5458 pomiteates
1480 5387 1507 5433 st
1518 5381 1636 5442 humiles
1648 5390 1754 5446 rebitet
1767 5393 1913 5462 pietatem.
