<?xml version="1.0" encoding="UTF-8"?>
<!DOCTYPE html PUBLIC "-//W3C//DTD XHTML 1.0 Transitional//EN"
    "http://www.w3.org/TR/xhtml1/DTD/xhtml1-transitional.dtd">
<html xmlns="http://www.w3.org/1999/xhtml" xml:lang="en" lang="en">
 <head>
  <title>
</title>
<meta http-equiv="Content-Type" content="text/html;charset=utf-8" />
  <meta name='ocr-system' content='tesseract 3.04.00' />
  <meta name='ocr-capabilities' content='ocr_page ocr_carea ocr_par ocr_line ocrx_word'/>
</head>
<body>
  <div class='ocr_page' id='page_1' title='image "./locitheologicic01gerhgoog/locitheologicic01gerhgoog_0457.png"; bbox 0 0 4020 6014; ppageno 0'>
   <div class='ocr_carea' id='block_1_1' title="bbox 158 237 1274 308">
    <p class='ocr_par' dir='ltr' id='par_1_1' title="bbox 158 237 1274 308">
     <span class='ocr_line' id='line_1_1' title="bbox 158 237 1274 308; baseline -0.008 -2"><span class='ocrx_word' id='word_1_1' title='bbox 158 249 224 306; x_wconf 79' lang='grc'><strong>’448</strong></span> <span class='ocrx_word' id='word_1_2' title='bbox 481 237 483 241; x_wconf 64' lang='grc'><strong>’</strong></span> <span class='ocrx_word' id='word_1_3' title='bbox 731 240 854 299; x_wconf 77' lang='lat' dir='ltr'>Locus</span> <span class='ocrx_word' id='word_1_4' title='bbox 873 238 1076 298; x_wconf 81' lang='lat' dir='ltr'>VICESIMUS</span> <span class='ocrx_word' id='word_1_5' title='bbox 1096 240 1274 308; x_wconf 77' lang='lat' dir='ltr'>QUARTUS</span> 
     </span>
    </p>
   </div>
   <div class='ocr_carea' id='block_1_2' title="bbox 83 394 1968 5122">
    <p class='ocr_par' dir='ltr' id='par_1_2' title="bbox 83 394 1968 5122">
     <span class='ocr_line' id='line_1_2' title="bbox 161 394 1857 467; baseline 0.001 -19"><span class='ocrx_word' id='word_1_6' title='bbox 161 394 220 450; x_wconf 82' lang='lat' dir='ltr'>aire</span> <span class='ocrx_word' id='word_1_7' title='bbox 247 411 352 450; x_wconf 90' lang='lat' dir='ltr'>morum</span> <span class='ocrx_word' id='word_1_8' title='bbox 380 395 533 451; x_wconf 89' lang='lat' dir='ltr'>doctrinam</span> <span class='ocrx_word' id='word_1_9' title='bbox 563 413 614 466; x_wconf 90' lang='lat' dir='ltr'>per</span> <span class='ocrx_word' id='word_1_10' title='bbox 642 413 734 452; x_wconf 85' lang='lat' dir='ltr'>semen</span> <span class='ocrx_word' id='word_1_11' title='bbox 765 396 898 467; x_wconf 77' lang='lat' dir='ltr'>intelligi,</span> <span class='ocrx_word' id='word_1_12' title='bbox 928 394 994 466; x_wconf 91' lang='lat' dir='ltr'>quia</span> <span class='ocrx_word' id='word_1_13' title='bbox 1021 400 1127 463; x_wconf 87' lang='lat' dir='ltr'>patrem</span> <span class='ocrx_word' id='word_1_14' title='bbox 1158 413 1238 450; x_wconf 90' lang='lat' dir='ltr'>suum</span> <span class='ocrx_word' id='word_1_15' title='bbox 1262 395 1411 464; x_wconf 89' lang='lat' dir='ltr'>diabolum,</span> <span class='ocrx_word' id='word_1_16' title='bbox 1439 396 1644 452; x_wconf 73' lang='lat' dir='ltr'>mendaciorum</span> <span class='ocrx_word' id='word_1_17' title='bbox 1662 394 1857 463; x_wconf 66' lang='lat' dir='ltr'>architectum,</span> 
     </span>
     <span class='ocr_line' id='line_1_3' title="bbox 162 479 1856 553; baseline 0 -16"><span class='ocrx_word' id='word_1_18' title='bbox 162 479 288 537; x_wconf 86' lang='lat' dir='ltr'>Christus</span> <span class='ocrx_word' id='word_1_19' title='bbox 310 498 340 536; x_wconf 89' lang='lat' dir='ltr'>ae</span> <span class='ocrx_word' id='word_1_20' title='bbox 364 481 456 552; x_wconf 88' lang='lat' dir='ltr'>ipsum</span> <span class='ocrx_word' id='word_1_21' title='bbox 481 480 589 537; x_wconf 82' lang='lat' dir='ltr'>confert</span> <span class='ocrx_word' id='word_1_22' title='bbox 615 483 766 536; x_wconf 74' lang='lat' dir='ltr'>seminanti</span> <span class='ocrx_word' id='word_1_23' title='bbox 794 482 897 537; x_wconf 88' lang='lat' dir='ltr'>bonum</span> <span class='ocrx_word' id='word_1_24' title='bbox 924 479 993 535; x_wconf 92' lang='lat' dir='ltr'>illud</span> <span class='ocrx_word' id='word_1_25' title='bbox 1020 481 1167 537; x_wconf 84' lang='lat' dir='ltr'>imitantes.</span> <span class='ocrx_word' id='word_1_26' title='bbox 1208 483 1288 550; x_wconf 83' lang='lat' dir='ltr'>Quod</span> <span class='ocrx_word' id='word_1_27' title='bbox 1314 483 1413 538; x_wconf 77' lang='lat' dir='ltr'>attinet</span> <span class='ocrx_word' id='word_1_28' title='bbox 1435 502 1461 538; x_wconf 81' lang='lat' dir='ltr'>v.</span> <span class='ocrx_word' id='word_1_29' title='bbox 1484 489 1525 538; x_wconf 89' lang='grc'>46.</span> <span class='ocrx_word' id='word_1_30' title='bbox 1554 483 1583 537; x_wconf 90' lang='lat' dir='ltr'>in</span> <span class='ocrx_word' id='word_1_31' title='bbox 1608 499 1641 538; x_wconf 90' lang='lat' dir='ltr'>eo</span> <span class='ocrx_word' id='word_1_32' title='bbox 1659 499 1715 536; x_wconf 91' lang='lat' dir='ltr'>nou</span> <span class='ocrx_word' id='word_1_33' title='bbox 1735 482 1856 553; x_wconf 90' lang='lat' dir='ltr'>amplius</span> 
     </span>
     <span class='ocr_line' id='line_1_4' title="bbox 163 567 1856 640; baseline -0.001 -17"><span class='ocrx_word' id='word_1_34' title='bbox 163 583 270 637; x_wconf 72' lang='lat' dir='ltr'>semen,</span> <span class='ocrx_word' id='word_1_35' title='bbox 293 569 355 638; x_wconf 85' lang='lat' dir='ltr'>jam</span> <span class='ocrx_word' id='word_1_36' title='bbox 375 585 440 623; x_wconf 87' lang='lat' dir='ltr'>vero</span> <span class='ocrx_word' id='word_1_37' title='bbox 457 568 560 624; x_wconf 88' lang='lat' dir='ltr'>Christi</span> <span class='ocrx_word' id='word_1_38' title='bbox 579 569 693 639; x_wconf 88' lang='lat' dir='ltr'>propria</span> <span class='ocrx_word' id='word_1_39' title='bbox 710 568 836 623; x_wconf 86' lang='lat' dir='ltr'>doctrina</span> <span class='ocrx_word' id='word_1_40' title='bbox 854 576 896 623; x_wconf 89' lang='lat' dir='ltr'>est</span> <span class='ocrx_word' id='word_1_41' title='bbox 914 584 994 622; x_wconf 87' lang='lat' dir='ltr'>evan·</span> <span class='ocrx_word' id='word_1_42' title='bbox 1021 569 1178 638; x_wconf 90' lang='lat' dir='ltr'>quaeritur,</span> <span class='ocrx_word' id='word_1_43' title='bbox 1203 569 1271 640; x_wconf 90' lang='lat' dir='ltr'>quid</span> <span class='ocrx_word' id='word_1_44' title='bbox 1289 587 1338 639; x_wconf 89' lang='lat' dir='ltr'>per</span> <span class='ocrx_word' id='word_1_45' title='bbox 1355 568 1462 623; x_wconf 76' lang='lat' dir='ltr'>zizania</span> <span class='ocrx_word' id='word_1_46' title='bbox 1479 569 1509 622; x_wconf 91' lang='lat' dir='ltr'>iu</span> <span class='ocrx_word' id='word_1_47' title='bbox 1525 585 1593 638; x_wconf 91' lang='lat' dir='ltr'>agro</span> <span class='ocrx_word' id='word_1_48' title='bbox 1608 567 1757 622; x_wconf 88' lang='lat' dir='ltr'>Dominico</span> <span class='ocrx_word' id='word_1_49' title='bbox 1776 567 1856 623; x_wconf 90' lang='lat' dir='ltr'>intel·</span> 
     </span>
     <span class='ocr_line' id='line_1_5' title="bbox 163 652 1857 726; baseline -0.001 -18"><span class='ocrx_word' id='word_1_50' title='bbox 163 653 267 726; x_wconf 77' lang='lat' dir='ltr'>galium</span> <span class='ocrx_word' id='word_1_51' title='bbox 296 670 345 708; x_wconf 89' lang='lat' dir='ltr'>seu</span> <span class='ocrx_word' id='word_1_52' title='bbox 376 653 441 709; x_wconf 86' lang='lat' dir='ltr'>fidei</span> <span class='ocrx_word' id='word_1_53' title='bbox 472 654 605 710; x_wconf 90' lang='lat' dir='ltr'>doctrina.</span> <span class='ocrx_word' id='word_1_54' title='bbox 652 654 726 709; x_wconf 86' lang='lat' dir='ltr'>Huic</span> <span class='ocrx_word' id='word_1_55' title='bbox 757 655 900 710; x_wconf 90' lang='lat' dir='ltr'>doctrinae</span> <span class='ocrx_word' id='word_1_56' title='bbox 931 653 994 707; x_wconf 88' lang='lat' dir='ltr'>fidei</span> <span class='ocrx_word' id='word_1_57' title='bbox 1021 653 1162 724; x_wconf 83' lang='lat' dir='ltr'>ligandum</span> <span class='ocrx_word' id='word_1_58' title='bbox 1187 656 1238 723; x_wconf 89' lang='lat' dir='ltr'>sit;</span> <span class='ocrx_word' id='word_1_59' title='bbox 1257 655 1306 709; x_wconf 91' lang='lat' dir='ltr'>sed</span> <span class='ocrx_word' id='word_1_60' title='bbox 1323 673 1387 708; x_wconf 93' lang='lat' dir='ltr'>cum</span> <span class='ocrx_word' id='word_1_61' title='bbox 1406 654 1440 708; x_wconf 88' lang='lat' dir='ltr'>de</span> <span class='ocrx_word' id='word_1_62' title='bbox 1459 653 1551 708; x_wconf 87' lang='lat' dir='ltr'>officio</span> <span class='ocrx_word' id='word_1_63' title='bbox 1570 654 1731 724; x_wconf 88' lang='lat' dir='ltr'>angelorum</span> <span class='ocrx_word' id='word_1_64' title='bbox 1755 654 1786 707; x_wconf 92' lang='lat' dir='ltr'>in</span> <span class='ocrx_word' id='word_1_65' title='bbox 1812 652 1857 707; x_wconf 89' lang='lat' dir='ltr'>die</span> 
     </span>
     <span class='ocr_line' id='line_1_6' title="bbox 163 738 1857 812; baseline -0.001 -17"><span class='ocrx_word' id='word_1_66' title='bbox 163 740 269 796; x_wconf 88' lang='lat' dir='ltr'>directe</span> <span class='ocrx_word' id='word_1_67' title='bbox 285 746 463 812; x_wconf 86' lang='lat' dir='ltr'>opponuntur</span> <span class='ocrx_word' id='word_1_68' title='bbox 481 740 615 796; x_wconf 87' lang='lat' dir='ltr'>haereses.</span> <span class='ocrx_word' id='word_1_69' title='bbox 643 739 719 811; x_wconf 89' lang='lat' dir='ltr'>Ergo</span> <span class='ocrx_word' id='word_1_70' title='bbox 738 740 803 796; x_wconf 90' lang='lat' dir='ltr'>illae</span> <span class='ocrx_word' id='word_1_71' title='bbox 823 758 872 811; x_wconf 90' lang='lat' dir='ltr'>per</span> <span class='ocrx_word' id='word_1_72' title='bbox 891 739 996 796; x_wconf 81' lang='grc'><strong>4144414</strong></span> <span class='ocrx_word' id='word_1_73' title='bbox 1021 738 1168 794; x_wconf 75' lang='grc' dir='ltr'>ηονίεεὶωο</span> <span class='ocrx_word' id='word_1_74' title='bbox 1188 741 1262 795; x_wconf 88' lang='lat' dir='ltr'>circa</span> <span class='ocrx_word' id='word_1_75' title='bbox 1281 741 1388 794; x_wconf 80' lang='lat' dir='ltr'>zizania</span> <span class='ocrx_word' id='word_1_76' title='bbox 1399 741 1524 795; x_wconf 85' lang='lat' dir='ltr'>Christus</span> <span class='ocrx_word' id='word_1_77' title='bbox 1541 756 1625 810; x_wconf 87' lang='lat' dir='ltr'>agere</span> <span class='ocrx_word' id='word_1_78' title='bbox 1641 739 1773 809; x_wconf 84' lang='lat' dir='ltr'>coeperit,</span> <span class='ocrx_word' id='word_1_79' title='bbox 1792 739 1857 794; x_wconf 88' lang='lat' dir='ltr'>ideo</span> 
     </span>
     <span class='ocr_line' id='line_1_7' title="bbox 163 825 1858 897; baseline -0.002 -15"><span class='ocrx_word' id='word_1_80' title='bbox 163 826 262 882; x_wconf 84' lang='lat' dir='ltr'>semini</span> <span class='ocrx_word' id='word_1_81' title='bbox 281 827 409 897; x_wconf 88' lang='lat' dir='ltr'>opposita</span> <span class='ocrx_word' id='word_1_82' title='bbox 428 834 493 881; x_wconf 90' lang='lat' dir='ltr'>sunt</span> <span class='ocrx_word' id='word_1_83' title='bbox 505 826 709 896; x_wconf 90' lang='lat' dir='ltr'>intelligendae.</span> <span class='ocrx_word' id='word_1_84' title='bbox 746 828 794 893; x_wconf 88' lang='lat' dir='ltr'>At,</span> <span class='ocrx_word' id='word_1_85' title='bbox 812 827 903 897; x_wconf 89' lang='lat' dir='ltr'>inquit</span> <span class='ocrx_word' id='word_1_86' title='bbox 922 827 997 882; x_wconf 87' lang='lat' dir='ltr'>Beza</span> <span class='ocrx_word' id='word_1_87' title='bbox 1023 825 1143 894; x_wconf 91' lang='lat' dir='ltr'>quadam</span> <span class='ocrx_word' id='word_1_88' title='bbox 1161 827 1322 881; x_wconf 80' lang='lat' dir='ltr'>excursione</span> <span class='ocrx_word' id='word_1_89' title='bbox 1341 844 1407 880; x_wconf 89' lang='lat' dir='ltr'>usus</span> <span class='ocrx_word' id='word_1_90' title='bbox 1420 826 1548 891; x_wconf 77' lang='lat' dir='ltr'>ostendit</span> <span class='ocrx_word' id='word_1_91' title='bbox 1568 842 1624 879; x_wconf 92' lang='lat' dir='ltr'>non</span> <span class='ocrx_word' id='word_1_92' title='bbox 1643 826 1731 879; x_wconf 90' lang='lat' dir='ltr'>solum</span> <span class='ocrx_word' id='word_1_93' title='bbox 1751 826 1858 880; x_wconf 71' lang='lat' dir='ltr'>amanis</span> 
     </span>
     <span class='ocr_line' id='line_1_8' title="bbox 164 911 1858 985; baseline -0.001 -18"><span class='ocrx_word' id='word_1_94' title='bbox 164 914 193 967; x_wconf 93' lang='lat' dir='ltr'>in</span> <span class='ocrx_word' id='word_1_95' title='bbox 215 913 233 967; x_wconf 94' lang='lat' dir='ltr'>l.</span> <span class='ocrx_word' id='word_1_96' title='bbox 257 913 291 968; x_wconf 94' lang='lat' dir='ltr'>de</span> <span class='ocrx_word' id='word_1_97' title='bbox 314 913 462 983; x_wconf 79' lang='lat' dir='ltr'>puniendis</span> <span class='ocrx_word' id='word_1_98' title='bbox 485 930 503 967; x_wconf 93' lang='lat' dir='ltr'>a</span> <span class='ocrx_word' id='word_1_99' title='bbox 525 913 649 985; x_wconf 81' lang='lat' dir='ltr'>magistr.</span> <span class='ocrx_word' id='word_1_100' title='bbox 677 912 839 982; x_wconf 83' lang='lat' dir='ltr'>haereticis,</span> <span class='ocrx_word' id='word_1_101' title='bbox 871 913 997 967; x_wconf 75' lang='lat' dir='ltr'>Christus</span> <span class='ocrx_word' id='word_1_102' title='bbox 1023 911 1129 971; x_wconf 76' lang='grc' dir='ltr'>εἰδικῶς</span> <span class='ocrx_word' id='word_1_103' title='bbox 1142 911 1181 965; x_wconf 85' lang='grc'>414</span> <span class='ocrx_word' id='word_1_104' title='bbox 1194 911 1277 977; x_wconf 86' lang='grc'><strong>(11414,</strong></span> <span class='ocrx_word' id='word_1_105' title='bbox 1294 911 1347 966; x_wconf 87' lang='lat' dir='ltr'>hoc</span> <span class='ocrx_word' id='word_1_106' title='bbox 1359 920 1401 966; x_wconf 90' lang='lat' dir='ltr'>est</span> <span class='ocrx_word' id='word_1_107' title='bbox 1418 911 1579 975; x_wconf 89' lang='lat' dir='ltr'>haereticos,</span> <span class='ocrx_word' id='word_1_108' title='bbox 1597 912 1646 966; x_wconf 87' lang='lat' dir='ltr'>sed</span> <span class='ocrx_word' id='word_1_109' title='bbox 1665 911 1858 965; x_wconf 89' lang='lat' dir='ltr'>etiamomnes</span> 
     </span>
     <span class='ocr_line' id='line_1_9' title="bbox 160 997 1857 1070; baseline -0.001 -18"><span class='ocrx_word' id='word_1_110' title='bbox 160 1015 216 1070; x_wconf 79' lang='lat' dir='ltr'>per</span> <span class='ocrx_word' id='word_1_111' title='bbox 231 1000 339 1053; x_wconf 80' lang='lat' dir='ltr'>siaonia</span> <span class='ocrx_word' id='word_1_112' title='bbox 357 1017 412 1053; x_wconf 90' lang='lat' dir='ltr'>non</span> <span class='ocrx_word' id='word_1_113' title='bbox 429 999 599 1064; x_wconf 72' lang='grc'><strong>1444411444,</strong></span> <span class='ocrx_word' id='word_1_114' title='bbox 618 1000 671 1051; x_wconf 82' lang='lat' dir='ltr'>seri</span> <span class='ocrx_word' id='word_1_115' title='bbox 687 999 763 1063; x_wconf 76' lang='lat' dir='ltr'>filios</span> <span class='ocrx_word' id='word_1_116' title='bbox 780 1016 899 1069; x_wconf 80' lang='lat' dir='ltr'>nequam</span> <span class='ocrx_word' id='word_1_117' title='bbox 917 1001 997 1053; x_wconf 85' lang='lat' dir='ltr'>intel·</span> <span class='ocrx_word' id='word_1_118' title='bbox 1023 997 1132 1066; x_wconf 90' lang='lat' dir='ltr'>impios,</span> <span class='ocrx_word' id='word_1_119' title='bbox 1151 997 1289 1051; x_wconf 84' lang='lat' dir='ltr'>scandalis</span> <span class='ocrx_word' id='word_1_120' title='bbox 1307 997 1453 1053; x_wconf 87' lang='lat' dir='ltr'>ecclesiam</span> <span class='ocrx_word' id='word_1_121' title='bbox 1471 997 1615 1051; x_wconf 88' lang='lat' dir='ltr'>turbantes</span> <span class='ocrx_word' id='word_1_122' title='bbox 1634 1004 1663 1053; x_wconf 91' lang='lat' dir='ltr'>et</span> <span class='ocrx_word' id='word_1_123' title='bbox 1681 997 1857 1067; x_wconf 85' lang='lat' dir='ltr'>iniquitatem</span> 
     </span>
     <span class='ocr_line' id='line_1_10' title="bbox 164 1082 1852 1158; baseline 0 -20"><span class='ocrx_word' id='word_1_124' title='bbox 164 1086 293 1158; x_wconf 81' lang='lat' dir='ltr'>iipendos</span> <span class='ocrx_word' id='word_1_125' title='bbox 310 1101 369 1138; x_wconf 86' lang='lat' dir='ltr'>esse</span> <span class='ocrx_word' id='word_1_126' title='bbox 387 1087 473 1139; x_wconf 81' lang='lat' dir='ltr'>docet.</span> <span class='ocrx_word' id='word_1_127' title='bbox 494 1103 519 1139; x_wconf 84' lang='lat' dir='ltr'>v.</span> <span class='ocrx_word' id='word_1_128' title='bbox 538 1090 579 1140; x_wconf 86' lang='grc'>36.</span> <span class='ocrx_word' id='word_1_129' title='bbox 598 1101 631 1139; x_wconf 87' lang='lat' dir='ltr'>ac</span> <span class='ocrx_word' id='word_1_130' title='bbox 643 1102 668 1138; x_wconf 84' lang='lat' dir='ltr'>v.</span> <span class='ocrx_word' id='word_1_131' title='bbox 687 1091 728 1142; x_wconf 90' lang='grc'>41.</span> <span class='ocrx_word' id='word_1_132' title='bbox 747 1087 841 1139; x_wconf 86' lang='lat' dir='ltr'>omnia</span> <span class='ocrx_word' id='word_1_133' title='bbox 858 1086 998 1140; x_wconf 82' lang='lat' dir='ltr'>seandala</span> <span class='ocrx_word' id='word_1_134' title='bbox 1023 1088 1170 1152; x_wconf 89' lang='lat' dir='ltr'>operantes</span> <span class='ocrx_word' id='word_1_135' title='bbox 1190 1083 1225 1138; x_wconf 91' lang='lat' dir='ltr'>ab</span> <span class='ocrx_word' id='word_1_136' title='bbox 1244 1084 1349 1154; x_wconf 78' lang='lat' dir='ltr'>angelis</span> <span class='ocrx_word' id='word_1_137' title='bbox 1367 1083 1538 1155; x_wconf 88' lang='lat' dir='ltr'>colligendos</span> <span class='ocrx_word' id='word_1_138' title='bbox 1557 1089 1585 1137; x_wconf 89' lang='lat' dir='ltr'>et</span> <span class='ocrx_word' id='word_1_139' title='bbox 1610 1083 1639 1137; x_wconf 94' lang='lat' dir='ltr'>in</span> <span class='ocrx_word' id='word_1_140' title='bbox 1663 1083 1756 1154; x_wconf 85' lang='lat' dir='ltr'>ignem</span> <span class='ocrx_word' id='word_1_141' title='bbox 1773 1082 1852 1138; x_wconf 86' lang='lat' dir='ltr'>infer·</span> 
     </span>
     <span class='ocr_line' id='line_1_11' title="bbox 165 1153 1857 1241; baseline 0 -17"><span class='ocrx_word' id='word_1_142' title='bbox 165 1179 192 1224; x_wconf 84' lang='lat' dir='ltr'>et</span> <span class='ocrx_word' id='word_1_143' title='bbox 209 1171 290 1234; x_wconf 82' lang='lat' dir='ltr'>iilos,</span> <span class='ocrx_word' id='word_1_144' title='bbox 317 1172 367 1238; x_wconf 78' lang='lat' dir='ltr'>qui</span> <span class='ocrx_word' id='word_1_145' title='bbox 388 1172 501 1235; x_wconf 78' lang='lat' dir='ltr'>faciant</span> <span class='ocrx_word' id='word_1_146' title='bbox 524 1171 701 1240; x_wconf 70' lang='lat' dir='ltr'>iniquitatem</span> <span class='ocrx_word' id='word_1_147' title='bbox 726 1188 776 1241; x_wconf 90' lang='lat' dir='ltr'>per</span> <span class='ocrx_word' id='word_1_148' title='bbox 793 1171 901 1225; x_wconf 80' lang='lat' dir='ltr'>zizania</span> <span class='ocrx_word' id='word_1_149' title='bbox 919 1171 997 1226; x_wconf 86' lang='lat' dir='ltr'>intel-</span> <span class='ocrx_word' id='word_1_150' title='bbox 1024 1170 1113 1223; x_wconf 89' lang='lat' dir='ltr'>nalem</span> <span class='ocrx_word' id='word_1_151' title='bbox 1132 1153 1318 1238; x_wconf 82' lang='lat' dir='ltr'>projiciendos</span> <span class='ocrx_word' id='word_1_152' title='bbox 1337 1185 1405 1223; x_wconf 90' lang='lat' dir='ltr'>esse.</span> <span class='ocrx_word' id='word_1_153' title='bbox 1440 1168 1534 1224; x_wconf 86' lang='lat' dir='ltr'>Exeo</span> <span class='ocrx_word' id='word_1_154' title='bbox 1553 1186 1618 1225; x_wconf 84' lang='lat' dir='ltr'>vero</span> <span class='ocrx_word' id='word_1_155' title='bbox 1637 1169 1730 1240; x_wconf 89' lang='lat' dir='ltr'>colligi</span> <span class='ocrx_word' id='word_1_156' title='bbox 1752 1170 1857 1240; x_wconf 83' lang='lat' dir='ltr'>nequit,</span> 
     </span>
     <span class='ocr_line' id='line_1_12' title="bbox 164 1254 1859 1329; baseline -0.002 -17"><span class='ocrx_word' id='word_1_157' title='bbox 164 1256 216 1329; x_wconf 90' lang='lat' dir='ltr'>ligi</span> <span class='ocrx_word' id='word_1_158' title='bbox 233 1255 361 1312; x_wconf 87' lang='lat' dir='ltr'>ostendit.</span> <span class='ocrx_word' id='word_1_159' title='bbox 397 1257 477 1324; x_wconf 79' lang='lat' dir='ltr'>Erpa</span> <span class='ocrx_word' id='word_1_160' title='bbox 498 1256 671 1325; x_wconf 72' lang='lat' dir='ltr'>generaliter</span> <span class='ocrx_word' id='word_1_161' title='bbox 689 1258 884 1326; x_wconf 71' lang='lat' dir='ltr'>intelliguntur</span> <span class='ocrx_word' id='word_1_162' title='bbox 903 1274 997 1311; x_wconf 88' lang='lat' dir='ltr'>omnes</span> <span class='ocrx_word' id='word_1_163' title='bbox 1024 1254 1097 1325; x_wconf 89' lang='lat' dir='ltr'>quod</span> <span class='ocrx_word' id='word_1_164' title='bbox 1121 1271 1184 1324; x_wconf 88' lang='lat' dir='ltr'>pars</span> <span class='ocrx_word' id='word_1_165' title='bbox 1208 1255 1283 1324; x_wconf 90' lang='lat' dir='ltr'>prior</span> <span class='ocrx_word' id='word_1_166' title='bbox 1305 1255 1454 1324; x_wconf 90' lang='lat' dir='ltr'>parabolae</span> <span class='ocrx_word' id='word_1_167' title='bbox 1478 1271 1541 1308; x_wconf 91' lang='lat' dir='ltr'>cum</span> <span class='ocrx_word' id='word_1_168' title='bbox 1564 1255 1616 1309; x_wconf 92' lang='lat' dir='ltr'>hac</span> <span class='ocrx_word' id='word_1_169' title='bbox 1649 1254 1799 1324; x_wconf 87' lang='lat' dir='ltr'>posteriore</span> <span class='ocrx_word' id='word_1_170' title='bbox 1821 1256 1859 1309; x_wconf 90' lang='lat' dir='ltr'>sit</span> 
     </span>
     <span class='ocr_line' id='line_1_13' title="bbox 164 1340 1859 1415; baseline -0.001 -17"><span class='ocrx_word' id='word_1_171' title='bbox 164 1343 333 1409; x_wconf 77' lang='lat' dir='ltr'>facinorosi.</span> <span class='ocrx_word' id='word_1_172' title='bbox 357 1342 651 1412; x_wconf 77' lang='lat' dir='ltr'>Respondemustvlol</span> <span class='ocrx_word' id='word_1_173' title='bbox 666 1349 715 1397; x_wconf 79' lang='grc' dir='ltr'>τοῦ</span> <span class='ocrx_word' id='word_1_174' title='bbox 730 1348 863 1415; x_wconf 75' lang='grc' dir='ltr'>πονηροῦ,</span> <span class='ocrx_word' id='word_1_175' title='bbox 876 1343 926 1397; x_wconf 91' lang='lat' dir='ltr'>lilii</span> <span class='ocrx_word' id='word_1_176' title='bbox 940 1344 997 1398; x_wconf 88' lang='lat' dir='ltr'>dia·</span> <span class='ocrx_word' id='word_1_177' title='bbox 1023 1341 1146 1411; x_wconf 87' lang='lat' dir='ltr'>aequalis</span> <span class='ocrx_word' id='word_1_178' title='bbox 1165 1340 1327 1409; x_wconf 86' lang='lat' dir='ltr'>latitudinis,</span> <span class='ocrx_word' id='word_1_179' title='bbox 1356 1341 1408 1395; x_wconf 89' lang='lat' dir='ltr'>hoc</span> <span class='ocrx_word' id='word_1_180' title='bbox 1426 1341 1558 1411; x_wconf 85' lang='lat' dir='ltr'>estquod</span> <span class='ocrx_word' id='word_1_181' title='bbox 1575 1341 1671 1395; x_wconf 91' lang='lat' dir='ltr'>itidem</span> <span class='ocrx_word' id='word_1_182' title='bbox 1689 1342 1859 1412; x_wconf 79' lang='lat' dir='ltr'>generaliter</span> 
     </span>
     <span class='ocr_line' id='line_1_14' title="bbox 167 1424 1855 1499; baseline -0.001 -17"><span class='ocrx_word' id='word_1_183' title='bbox 167 1428 232 1497; x_wconf 92' lang='lat' dir='ltr'>boli,</span> <span class='ocrx_word' id='word_1_184' title='bbox 252 1429 281 1482; x_wconf 92' lang='lat' dir='ltr'>in</span> <span class='ocrx_word' id='word_1_185' title='bbox 298 1444 401 1499; x_wconf 90' lang='lat' dir='ltr'>genere</span> <span class='ocrx_word' id='word_1_186' title='bbox 415 1427 530 1499; x_wconf 85' lang='lat' dir='ltr'>quidem</span> <span class='ocrx_word' id='word_1_187' title='bbox 549 1428 610 1482; x_wconf 89' lang='lat' dir='ltr'>aliis</span> <span class='ocrx_word' id='word_1_188' title='bbox 629 1429 657 1481; x_wconf 90' lang='lat' dir='ltr'>in</span> <span class='ocrx_word' id='word_1_189' title='bbox 669 1429 737 1483; x_wconf 90' lang='lat' dir='ltr'>locis</span> <span class='ocrx_word' id='word_1_190' title='bbox 757 1429 886 1485; x_wconf 89' lang='lat' dir='ltr'>dicuntur</span> <span class='ocrx_word' id='word_1_191' title='bbox 904 1447 998 1486; x_wconf 91' lang='lat' dir='ltr'>omnes</span> <span class='ocrx_word' id='word_1_192' title='bbox 1024 1426 1215 1496; x_wconf 89' lang='lat' dir='ltr'>accipiendum</span> <span class='ocrx_word' id='word_1_193' title='bbox 1233 1426 1269 1479; x_wconf 93' lang='lat' dir='ltr'>sit</span> <span class='ocrx_word' id='word_1_194' title='bbox 1286 1426 1321 1480; x_wconf 91' lang='lat' dir='ltr'>de</span> <span class='ocrx_word' id='word_1_195' title='bbox 1342 1424 1469 1480; x_wconf 92' lang='lat' dir='ltr'>omnibus</span> <span class='ocrx_word' id='word_1_196' title='bbox 1487 1426 1648 1480; x_wconf 88' lang='lat' dir='ltr'>lacinorosis</span> <span class='ocrx_word' id='word_1_197' title='bbox 1666 1427 1735 1482; x_wconf 92' lang='lat' dir='ltr'>illud</span> <span class='ocrx_word' id='word_1_198' title='bbox 1755 1427 1855 1498; x_wconf 90' lang='lat' dir='ltr'>patris·</span> 
     </span>
     <span class='ocr_line' id='line_1_15' title="bbox 167 1511 1739 1586; baseline -0.003 -16"><span class='ocrx_word' id='word_1_199' title='bbox 167 1514 251 1586; x_wconf 89' lang='lat' dir='ltr'>impii,</span> <span class='ocrx_word' id='word_1_200' title='bbox 270 1515 317 1586; x_wconf 87' lang='lat' dir='ltr'>qui</span> <span class='ocrx_word' id='word_1_201' title='bbox 334 1513 457 1585; x_wconf 84' lang='lat' dir='ltr'>peccatis</span> <span class='ocrx_word' id='word_1_202' title='bbox 476 1520 573 1568; x_wconf 72' lang='lat' dir='ltr'>conus</span> <span class='ocrx_word' id='word_1_203' title='bbox 588 1515 783 1570; x_wconf 88' lang='lat' dir='ltr'>conscientiam</span> <span class='ocrx_word' id='word_1_204' title='bbox 797 1534 892 1571; x_wconf 89' lang='lat' dir='ltr'>secure</span> <span class='ocrx_word' id='word_1_205' title='bbox 908 1516 997 1570; x_wconf 90' lang='lat' dir='ltr'>indul·</span> <span class='ocrx_word' id='word_1_206' title='bbox 1023 1511 1141 1566; x_wconf 84' lang='lat' dir='ltr'>familias</span> <span class='ocrx_word' id='word_1_207' title='bbox 1158 1519 1350 1582; x_wconf 86' lang='lat' dir='ltr'>praeceptum:</span> <span class='ocrx_word' id='word_1_208' title='bbox 1373 1511 1463 1565; x_wconf 80' lang='lat' dir='ltr'>Sinite</span> <span class='ocrx_word' id='word_1_209' title='bbox 1483 1528 1605 1565; x_wconf 74' lang='lat' dir='ltr'>messere</span> <span class='ocrx_word' id='word_1_210' title='bbox 1623 1513 1739 1566; x_wconf 77' lang='grc'><strong>4144414.</strong></span> 
     </span>
     <span class='ocr_line' id='line_1_16' title="bbox 167 1597 1858 1674; baseline -0.002 -20"><span class='ocrx_word' id='word_1_211' title='bbox 167 1607 248 1674; x_wconf 85' lang='lat' dir='ltr'>gent,</span> <span class='ocrx_word' id='word_1_212' title='bbox 272 1600 320 1671; x_wconf 91' lang='lat' dir='ltr'>qui</span> <span class='ocrx_word' id='word_1_213' title='bbox 335 1600 469 1668; x_wconf 81' lang='lat' dir='ltr'>&#39;dicuntur</span> <span class='ocrx_word' id='word_1_214' title='bbox 484 1601 545 1667; x_wconf 77' lang='lat' dir='ltr'>filii</span> <span class='ocrx_word' id='word_1_215' title='bbox 570 1600 680 1654; x_wconf 83' lang='lat' dir='ltr'>diaboli</span> <span class='ocrx_word' id='word_1_216' title='bbox 698 1619 753 1656; x_wconf 90' lang='lat' dir='ltr'>uon</span> <span class='ocrx_word' id='word_1_217' title='bbox 776 1603 929 1670; x_wconf 87' lang='lat' dir='ltr'>creatione,</span> <span class='ocrx_word' id='word_1_218' title='bbox 948 1602 997 1657; x_wconf 91' lang='lat' dir='ltr'>sed</span> <span class='ocrx_word' id='word_1_219' title='bbox 1060 1604 1116 1653; x_wconf 87' lang='grc'><strong>321.</strong></span> <span class='ocrx_word' id='word_1_220' title='bbox 1154 1604 1178 1652; x_wconf 92' lang='grc'>2.</span> <span class='ocrx_word' id='word_1_221' title='bbox 1207 1600 1252 1651; x_wconf 79' lang='lat' dir='ltr'>Ea</span> <span class='ocrx_word' id='word_1_222' title='bbox 1277 1598 1356 1667; x_wconf 80' lang='lat' dir='ltr'>scopi</span> <span class='ocrx_word' id='word_1_223' title='bbox 1383 1599 1620 1654; x_wconf 82' lang='lat' dir='ltr'>determinatione.</span> <span class='ocrx_word' id='word_1_224' title='bbox 1661 1597 1716 1653; x_wconf 93' lang='lat' dir='ltr'>Per</span> <span class='ocrx_word' id='word_1_225' title='bbox 1747 1616 1858 1668; x_wconf 76' lang='lat' dir='ltr'>apnsm,</span> 
     </span>
     <span class='ocr_line' id='line_1_17' title="bbox 167 1679 1857 1758; baseline -0.002 -16"><span class='ocrx_word' id='word_1_226' title='bbox 167 1687 319 1742; x_wconf 81' lang='lat' dir='ltr'>imitatione</span> <span class='ocrx_word' id='word_1_227' title='bbox 338 1685 401 1741; x_wconf 86' lang='lat' dir='ltr'>Joh.</span> <span class='ocrx_word' id='word_1_228' title='bbox 419 1691 449 1754; x_wconf 86' lang='lat'>8,</span> <span class='ocrx_word' id='word_1_229' title='bbox 476 1703 502 1741; x_wconf 85' lang='lat' dir='ltr'>v.</span> <span class='ocrx_word' id='word_1_230' title='bbox 532 1693 573 1741; x_wconf 91' lang='lat'>44.</span> <span class='ocrx_word' id='word_1_231' title='bbox 601 1686 774 1758; x_wconf 85' lang='lat' dir='ltr'>Augustinus</span> <span class='ocrx_word' id='word_1_232' title='bbox 802 1695 881 1742; x_wconf 87' lang='lat' dir='ltr'>tract.</span> <span class='ocrx_word' id='word_1_233' title='bbox 901 1692 943 1742; x_wconf 95' lang='grc'>42.</span> <span class='ocrx_word' id='word_1_234' title='bbox 967 1688 997 1741; x_wconf 97' lang='lat' dir='ltr'>in</span> <span class='ocrx_word' id='word_1_235' title='bbox 1023 1684 1052 1738; x_wconf 90' lang='lat' dir='ltr'>in</span> <span class='ocrx_word' id='word_1_236' title='bbox 1073 1702 1127 1755; x_wconf 91' lang='lat' dir='ltr'>quo</span> <span class='ocrx_word' id='word_1_237' title='bbox 1146 1679 1251 1739; x_wconf 79' lang='grc'><strong>4144414</strong></span> <span class='ocrx_word' id='word_1_238' title='bbox 1269 1701 1326 1738; x_wconf 89' lang='lat' dir='ltr'>una</span> <span class='ocrx_word' id='word_1_239' title='bbox 1351 1700 1414 1738; x_wconf 90' lang='lat' dir='ltr'>cum</span> <span class='ocrx_word' id='word_1_240' title='bbox 1433 1684 1526 1739; x_wconf 85' lang='lat' dir='ltr'>tritico</span> <span class='ocrx_word' id='word_1_241' title='bbox 1554 1693 1695 1750; x_wconf 89' lang='lat' dir='ltr'>crescunt,</span> <span class='ocrx_word' id='word_1_242' title='bbox 1723 1688 1857 1739; x_wconf 83' lang='lat' dir='ltr'>mundam</span> 
     </span>
     <span class='ocr_line' id='line_1_18' title="bbox 165 1770 1968 1843; baseline -0.002 -15"><span class='ocrx_word' id='word_1_243' title='bbox 165 1772 245 1831; x_wconf 81' lang='lat' dir='ltr'>toh.:</span> <span class='ocrx_word' id='word_1_244' title='bbox 270 1771 412 1825; x_wconf 78' lang='lat' dir='ltr'>imitando</span> <span class='ocrx_word' id='word_1_245' title='bbox 443 1773 586 1826; x_wconf 75' lang='lat' dir='ltr'>diabolum</span> <span class='ocrx_word' id='word_1_246' title='bbox 614 1774 689 1836; x_wconf 77' lang='lat' dir='ltr'>faeti</span> <span class='ocrx_word' id='word_1_247' title='bbox 714 1781 777 1825; x_wconf 81' lang='lat' dir='ltr'>sant</span> <span class='ocrx_word' id='word_1_248' title='bbox 797 1774 859 1840; x_wconf 81' lang='lat' dir='ltr'>filii</span> <span class='ocrx_word' id='word_1_249' title='bbox 881 1773 996 1827; x_wconf 81' lang='lat' dir='ltr'>diaboii.</span> <span class='ocrx_word' id='word_1_250' title='bbox 1024 1770 1233 1843; x_wconf 88' lang='lat' dir='ltr'>intelligendum</span> <span class='ocrx_word' id='word_1_251' title='bbox 1249 1787 1324 1839; x_wconf 89' lang='lat' dir='ltr'>esse,</span> <span class='ocrx_word' id='word_1_252' title='bbox 1344 1771 1424 1825; x_wconf 90' lang='lat' dir='ltr'>docet</span> <span class='ocrx_word' id='word_1_253' title='bbox 1442 1770 1567 1825; x_wconf 86' lang='lat' dir='ltr'>Christus</span> <span class='ocrx_word' id='word_1_254' title='bbox 1584 1790 1610 1826; x_wconf 88' lang='lat' dir='ltr'>v.</span> <span class='ocrx_word' id='word_1_255' title='bbox 1630 1778 1672 1828; x_wconf 86' lang='lat'>38.</span> <span class='ocrx_word' id='word_1_256' title='bbox 1694 1788 1728 1826; x_wconf 88' lang='lat' dir='ltr'>ex</span> <span class='ocrx_word' id='word_1_257' title='bbox 1747 1789 1780 1826; x_wconf 88' lang='lat' dir='ltr'>eo</span> <span class='ocrx_word' id='word_1_258' title='bbox 1800 1773 1856 1827; x_wconf 89' lang='lat' dir='ltr'>col·</span> <span class='ocrx_word' id='word_1_259' title='bbox 1871 1774 1968 1819; x_wconf 69' lang='lat' dir='ltr'>XIV-1⁸⁴</span> 
     </span>
     <span class='ocr_line' id='line_1_19' title="bbox 166 1856 1857 1930; baseline -0.001 -16"><span class='ocrx_word' id='word_1_260' title='bbox 166 1861 196 1914; x_wconf 87' lang='lat' dir='ltr'>in</span> <span class='ocrx_word' id='word_1_261' title='bbox 213 1859 314 1914; x_wconf 86' lang='lat' dir='ltr'>Psalm.</span> <span class='ocrx_word' id='word_1_262' title='bbox 336 1864 382 1914; x_wconf 82' lang='grc'>64;</span> <span class='ocrx_word' id='word_1_263' title='bbox 400 1861 453 1914; x_wconf 87' lang='lat' dir='ltr'>Est</span> <span class='ocrx_word' id='word_1_264' title='bbox 464 1862 603 1928; x_wconf 72' lang='lat' dir='ltr'>quaedem</span> <span class='ocrx_word' id='word_1_265' title='bbox 616 1861 800 1928; x_wconf 76' lang='lat' dir='ltr'>paternitatis</span> <span class='ocrx_word' id='word_1_266' title='bbox 813 1861 897 1928; x_wconf 83' lang='lat' dir='ltr'>ratio,</span> <span class='ocrx_word' id='word_1_267' title='bbox 913 1877 997 1930; x_wconf 78' lang='lat' dir='ltr'>quam</span> <span class='ocrx_word' id='word_1_268' title='bbox 1023 1856 1086 1927; x_wconf 88' lang='lat' dir='ltr'>ligit</span> <span class='ocrx_word' id='word_1_269' title='bbox 1102 1856 1178 1911; x_wconf 84' lang='lat' dir='ltr'>Beaa</span> <span class='ocrx_word' id='word_1_270' title='bbox 1194 1856 1224 1911; x_wconf 92' lang='lat' dir='ltr'>in</span> <span class='ocrx_word' id='word_1_271' title='bbox 1240 1857 1289 1913; x_wconf 92' lang='lat' dir='ltr'>lib.</span> <span class='ocrx_word' id='word_1_272' title='bbox 1307 1857 1341 1910; x_wconf 91' lang='lat' dir='ltr'>de</span> <span class='ocrx_word' id='word_1_273' title='bbox 1360 1857 1491 1927; x_wconf 91' lang='lat' dir='ltr'>puniend.</span> <span class='ocrx_word' id='word_1_274' title='bbox 1506 1858 1610 1913; x_wconf 84' lang='lat' dir='ltr'>haeret.</span> <span class='ocrx_word' id='word_1_275' title='bbox 1631 1875 1686 1910; x_wconf 87' lang='lat' dir='ltr'>non</span> <span class='ocrx_word' id='word_1_276' title='bbox 1701 1875 1786 1927; x_wconf 83' lang='lat' dir='ltr'>posse</span> <span class='ocrx_word' id='word_1_277' title='bbox 1800 1876 1857 1927; x_wconf 83' lang='lat' dir='ltr'>per</span> 
     </span>
     <span class='ocr_line' id='line_1_20' title="bbox 166 1944 1856 2016; baseline -0.002 -15"><span class='ocrx_word' id='word_1_278' title='bbox 166 1965 223 2001; x_wconf 86' lang='lat' dir='ltr'>non</span> <span class='ocrx_word' id='word_1_279' title='bbox 240 1954 298 1999; x_wconf 87' lang='lat' dir='ltr'>tam</span> <span class='ocrx_word' id='word_1_280' title='bbox 311 1953 403 2013; x_wconf 81' lang='lat' dir='ltr'>pater.</span> <span class='ocrx_word' id='word_1_281' title='bbox 415 1948 477 2015; x_wconf 75' lang='lat' dir='ltr'>epse</span> <span class='ocrx_word' id='word_1_282' title='bbox 497 1948 653 2016; x_wconf 72' lang='grc'><strong>4444111411,</strong></span> <span class='ocrx_word' id='word_1_283' title='bbox 671 1964 755 2016; x_wconf 81' lang='lat' dir='ltr'>qaam</span> <span class='ocrx_word' id='word_1_284' title='bbox 772 1947 835 2012; x_wconf 69' lang='lat' dir='ltr'>etti,</span> <span class='ocrx_word' id='word_1_285' title='bbox 855 1965 907 2000; x_wconf 91' lang='lat' dir='ltr'>nos</span> <span class='ocrx_word' id='word_1_286' title='bbox 924 1948 996 2000; x_wconf 85' lang='lat' dir='ltr'>enim</span> <span class='ocrx_word' id='word_1_287' title='bbox 1023 1944 1130 1996; x_wconf 75' lang='lat' dir='ltr'>zizanio</span> <span class='ocrx_word' id='word_1_288' title='bbox 1147 1944 1302 1997; x_wconf 77' lang='lat' dir='ltr'>haereticos</span> <span class='ocrx_word' id='word_1_289' title='bbox 1319 1944 1449 2013; x_wconf 72' lang='lat' dir='ltr'>intelligi,</span> <span class='ocrx_word' id='word_1_290' title='bbox 1469 1962 1529 1997; x_wconf 87' lang='lat' dir='ltr'>eum</span> <span class='ocrx_word' id='word_1_291' title='bbox 1547 1944 1682 1997; x_wconf 74' lang='lat' dir='ltr'>haeretici</span> <span class='ocrx_word' id='word_1_292' title='bbox 1697 1961 1753 1996; x_wconf 88' lang='lat' dir='ltr'>nan</span> <span class='ocrx_word' id='word_1_293' title='bbox 1774 1953 1856 1998; x_wconf 75' lang='lat' dir='ltr'>entra</span> 
     </span>
     <span class='ocr_line' id='line_1_21' title="bbox 167 2030 1857 2102; baseline -0.001 -16"><span class='ocrx_word' id='word_1_294' title='bbox 167 2032 249 2086; x_wconf 82' lang='lat' dir='ltr'>illam</span> <span class='ocrx_word' id='word_1_295' title='bbox 266 2032 403 2085; x_wconf 83' lang='lat' dir='ltr'>imitando</span> <span class='ocrx_word' id='word_1_296' title='bbox 419 2040 531 2102; x_wconf 82' lang='lat' dir='ltr'>patrem</span> <span class='ocrx_word' id='word_1_297' title='bbox 549 2034 686 2099; x_wconf 78' lang='lat' dir='ltr'>sacimas,</span> <span class='ocrx_word' id='word_1_298' title='bbox 710 2050 766 2085; x_wconf 88' lang='lat' dir='ltr'>non</span> <span class='ocrx_word' id='word_1_299' title='bbox 790 2033 840 2086; x_wconf 84' lang='lat' dir='ltr'>ille</span> <span class='ocrx_word' id='word_1_300' title='bbox 865 2050 915 2087; x_wconf 90' lang='lat' dir='ltr'>nos</span> <span class='ocrx_word' id='word_1_301' title='bbox 936 2049 996 2086; x_wconf 84' lang='lat' dir='ltr'>ere-</span> <span class='ocrx_word' id='word_1_302' title='bbox 1024 2030 1167 2083; x_wconf 83' lang='lat' dir='ltr'>ecclesium</span> <span class='ocrx_word' id='word_1_303' title='bbox 1186 2031 1218 2082; x_wconf 85' lang='lat' dir='ltr'>in</span> <span class='ocrx_word' id='word_1_304' title='bbox 1238 2031 1355 2098; x_wconf 83' lang='lat' dir='ltr'>mando,</span> <span class='ocrx_word' id='word_1_305' title='bbox 1372 2031 1424 2083; x_wconf 83' lang='lat' dir='ltr'>sed</span> <span class='ocrx_word' id='word_1_306' title='bbox 1442 2031 1472 2083; x_wconf 88' lang='lat' dir='ltr'>in</span> <span class='ocrx_word' id='word_1_307' title='bbox 1490 2031 1554 2098; x_wconf 85' lang='lat' dir='ltr'>ipsa</span> <span class='ocrx_word' id='word_1_308' title='bbox 1572 2030 1691 2084; x_wconf 84' lang='lat' dir='ltr'>eeclesia</span> <span class='ocrx_word' id='word_1_309' title='bbox 1710 2033 1857 2099; x_wconf 83' lang='lat' dir='ltr'>reperian-</span> 
     </span>
     <span class='ocr_line' id='line_1_22' title="bbox 168 2117 1857 2191; baseline -0.001 -19"><span class='ocrx_word' id='word_1_310' title='bbox 168 2120 244 2172; x_wconf 84' lang='lat' dir='ltr'>ando</span> <span class='ocrx_word' id='word_1_311' title='bbox 256 2119 341 2181; x_wconf 75' lang='lat' dir='ltr'>titios.</span> <span class='ocrx_word' id='word_1_312' title='bbox 376 2117 521 2191; x_wconf 89' lang='lat' dir='ltr'>Conjunge</span> <span class='ocrx_word' id='word_1_313' title='bbox 532 2119 676 2174; x_wconf 88' lang='lat' dir='ltr'>Irenaeum</span> <span class='ocrx_word' id='word_1_314' title='bbox 694 2117 742 2175; x_wconf 90' lang='lat' dir='ltr'>lib.</span> <span class='ocrx_word' id='word_1_315' title='bbox 762 2126 786 2174; x_wconf 90' lang='lat'>4.</span> <span class='ocrx_word' id='word_1_316' title='bbox 804 2136 828 2174; x_wconf 92' lang='lat' dir='ltr'>c.</span> <span class='ocrx_word' id='word_1_317' title='bbox 841 2125 880 2174; x_wconf 85' lang='grc'>19.</span> <span class='ocrx_word' id='word_1_318' title='bbox 896 2138 924 2190; x_wconf 92' lang='lat' dir='ltr'>p.</span> <span class='ocrx_word' id='word_1_319' title='bbox 938 2125 997 2175; x_wconf 84' lang='grc'><strong>314.</strong></span> <span class='ocrx_word' id='word_1_320' title='bbox 1023 2125 1077 2179; x_wconf 82' lang='lat' dir='ltr'>tar,</span> <span class='ocrx_word' id='word_1_321' title='bbox 1098 2124 1120 2171; x_wconf 91' lang='lat' dir='ltr'>l.</span> <span class='ocrx_word' id='word_1_322' title='bbox 1142 2119 1203 2173; x_wconf 83' lang='lat' dir='ltr'>Cor.</span> <span class='ocrx_word' id='word_1_323' title='bbox 1225 2122 1270 2185; x_wconf 94' lang='grc'>11,</span> <span class='ocrx_word' id='word_1_324' title='bbox 1296 2133 1322 2170; x_wconf 78' lang='lat' dir='ltr'>v.</span> <span class='ocrx_word' id='word_1_325' title='bbox 1344 2122 1388 2172; x_wconf 81' lang='lat' dir='ltr'>lt:</span> <span class='ocrx_word' id='word_1_326' title='bbox 1415 2118 1530 2186; x_wconf 79' lang='lat' dir='ltr'>Oportet</span> <span class='ocrx_word' id='word_1_327' title='bbox 1555 2134 1613 2170; x_wconf 85' lang='lat' dir='ltr'>esse</span> <span class='ocrx_word' id='word_1_328' title='bbox 1634 2119 1763 2171; x_wconf 76' lang='lat' dir='ltr'>haereses</span> <span class='ocrx_word' id='word_1_329' title='bbox 1782 2120 1857 2172; x_wconf 87' lang='lat' dir='ltr'>inter</span> 
     </span>
     <span class='ocr_line' id='line_1_23' title="bbox 170 2201 1857 2277; baseline -0.002 -17"><span class='ocrx_word' id='word_1_330' title='bbox 170 2204 226 2260; x_wconf 85' lang='lat' dir='ltr'>Sed</span> <span class='ocrx_word' id='word_1_331' title='bbox 250 2204 378 2259; x_wconf 92' lang='lat' dir='ltr'>hocloco</span> <span class='ocrx_word' id='word_1_332' title='bbox 395 2203 424 2256; x_wconf 92' lang='lat' dir='ltr'>in</span> <span class='ocrx_word' id='word_1_333' title='bbox 444 2204 536 2274; x_wconf 91' lang='lat' dir='ltr'>specie</span> <span class='ocrx_word' id='word_1_334' title='bbox 564 2204 758 2276; x_wconf 86' lang='lat' dir='ltr'>intelliguntur</span> <span class='ocrx_word' id='word_1_335' title='bbox 775 2205 922 2274; x_wconf 90' lang='lat' dir='ltr'>haeretici,</span> <span class='ocrx_word' id='word_1_336' title='bbox 950 2206 998 2277; x_wconf 93' lang='lat' dir='ltr'>qui</span> <span class='ocrx_word' id='word_1_337' title='bbox 1023 2211 1078 2258; x_wconf 81' lang='lat' dir='ltr'>uos.</span> <span class='ocrx_word' id='word_1_338' title='bbox 1114 2201 1169 2257; x_wconf 92' lang='lat' dir='ltr'>Sed</span> <span class='ocrx_word' id='word_1_339' title='bbox 1181 2203 1319 2257; x_wconf 91' lang='lat' dir='ltr'>notandus</span> <span class='ocrx_word' id='word_1_340' title='bbox 1338 2209 1379 2258; x_wconf 90' lang='lat' dir='ltr'>est</span> <span class='ocrx_word' id='word_1_341' title='bbox 1391 2203 1539 2272; x_wconf 89' lang='lat' dir='ltr'>parabolae</span> <span class='ocrx_word' id='word_1_342' title='bbox 1552 2219 1660 2274; x_wconf 89' lang='lat' dir='ltr'>scopus,</span> <span class='ocrx_word' id='word_1_343' title='bbox 1681 2220 1764 2274; x_wconf 88' lang='lat' dir='ltr'>quem</span> <span class='ocrx_word' id='word_1_344' title='bbox 1778 2202 1857 2258; x_wconf 89' lang='lat' dir='ltr'>Chri-</span> 
     </span>
     <span class='ocr_line' id='line_1_24' title="bbox 169 2289 1856 2362; baseline 0 -18"><span class='ocrx_word' id='word_1_345' title='bbox 169 2289 235 2346; x_wconf 86' lang='lat' dir='ltr'>licet</span> <span class='ocrx_word' id='word_1_346' title='bbox 260 2305 314 2344; x_wconf 93' lang='lat' dir='ltr'>non</span> <span class='ocrx_word' id='word_1_347' title='bbox 340 2290 406 2359; x_wconf 87' lang='lat' dir='ltr'>soli,</span> <span class='ocrx_word' id='word_1_348' title='bbox 436 2296 529 2346; x_wconf 89' lang='lat' dir='ltr'>tamen</span> <span class='ocrx_word' id='word_1_349' title='bbox 556 2292 638 2346; x_wconf 89' lang='lat' dir='ltr'>etiam</span> <span class='ocrx_word' id='word_1_350' title='bbox 661 2292 715 2362; x_wconf 91' lang='lat' dir='ltr'>ipsi</span> <span class='ocrx_word' id='word_1_351' title='bbox 733 2292 785 2346; x_wconf 89' lang='lat' dir='ltr'>sub</span> <span class='ocrx_word' id='word_1_352' title='bbox 800 2294 927 2348; x_wconf 87' lang='lat' dir='ltr'>universo</span> <span class='ocrx_word' id='word_1_353' title='bbox 945 2293 998 2346; x_wconf 90' lang='lat' dir='ltr'>isto</span> <span class='ocrx_word' id='word_1_354' title='bbox 1024 2296 1082 2343; x_wconf 86' lang='lat' dir='ltr'>stus</span> <span class='ocrx_word' id='word_1_355' title='bbox 1101 2290 1160 2360; x_wconf 90' lang='lat' dir='ltr'>ipse</span> <span class='ocrx_word' id='word_1_356' title='bbox 1178 2290 1308 2361; x_wconf 87' lang='lat' dir='ltr'>proponit</span> <span class='ocrx_word' id='word_1_357' title='bbox 1327 2308 1353 2343; x_wconf 83' lang='lat' dir='ltr'>r.</span> <span class='ocrx_word' id='word_1_358' title='bbox 1373 2296 1419 2346; x_wconf 77' lang='lat' dir='ltr'>tt:</span> <span class='ocrx_word' id='word_1_359' title='bbox 1450 2291 1549 2345; x_wconf 80' lang='lat' dir='ltr'>Simile</span> <span class='ocrx_word' id='word_1_360' title='bbox 1573 2299 1613 2344; x_wconf 86' lang='grc'>441</span> <span class='ocrx_word' id='word_1_361' title='bbox 1631 2308 1748 2358; x_wconf 66' lang='lat' dir='ltr'>regnam</span> <span class='ocrx_word' id='word_1_362' title='bbox 1767 2293 1856 2346; x_wconf 84' lang='lat' dir='ltr'>coelo·</span> 
     </span>
     <span class='ocr_line' id='line_1_25' title="bbox 172 2376 1856 2449; baseline 0 -17"><span class='ocrx_word' id='word_1_363' title='bbox 172 2393 275 2449; x_wconf 86' lang='lat' dir='ltr'>genere</span> <span class='ocrx_word' id='word_1_364' title='bbox 291 2383 423 2446; x_wconf 85' lang='lat' dir='ltr'>tunquam</span> <span class='ocrx_word' id='word_1_365' title='bbox 441 2376 548 2446; x_wconf 89' lang='lat' dir='ltr'>species</span> <span class='ocrx_word' id='word_1_366' title='bbox 568 2379 699 2447; x_wconf 89' lang='lat' dir='ltr'>primaria</span> <span class='ocrx_word' id='word_1_367' title='bbox 723 2379 1000 2449; x_wconf 88' lang='lat' dir='ltr'>comprehenduntur.</span> <span class='ocrx_word' id='word_1_368' title='bbox 1024 2395 1088 2430; x_wconf 82' lang='lat' dir='ltr'>rum</span> <span class='ocrx_word' id='word_1_369' title='bbox 1110 2376 1217 2429; x_wconf 76' lang='lat' dir='ltr'>homini</span> <span class='ocrx_word' id='word_1_370' title='bbox 1240 2377 1389 2430; x_wconf 83' lang='lat' dir='ltr'>seminanti</span> <span class='ocrx_word' id='word_1_371' title='bbox 1413 2377 1512 2429; x_wconf 79' lang='lat' dir='ltr'>honam</span> <span class='ocrx_word' id='word_1_372' title='bbox 1534 2394 1626 2430; x_wconf 86' lang='lat' dir='ltr'>semen</span> <span class='ocrx_word' id='word_1_373' title='bbox 1647 2379 1677 2429; x_wconf 84' lang='lat' dir='ltr'>in</span> <span class='ocrx_word' id='word_1_374' title='bbox 1701 2396 1773 2445; x_wconf 79' lang='lat' dir='ltr'>apro</span> <span class='ocrx_word' id='word_1_375' title='bbox 1797 2397 1856 2432; x_wconf 86' lang='lat' dir='ltr'>sao.</span> 
     </span>
     <span class='ocr_line' id='line_1_26' title="bbox 170 2461 1857 2536; baseline 0.002 -21"><span class='ocrx_word' id='word_1_376' title='bbox 170 2462 291 2531; x_wconf 71' lang='lat' dir='ltr'>”Impii</span> <span class='ocrx_word' id='word_1_377' title='bbox 301 2461 354 2516; x_wconf 89' lang='lat' dir='ltr'>hoc</span> <span class='ocrx_word' id='word_1_378' title='bbox 367 2463 425 2516; x_wconf 90' lang='lat' dir='ltr'>loeo</span> <span class='ocrx_word' id='word_1_379' title='bbox 439 2462 577 2530; x_wconf 90' lang='lat' dir='ltr'>dicuntur,</span> <span class='ocrx_word' id='word_1_380' title='bbox 596 2464 644 2534; x_wconf 92' lang='lat' dir='ltr'>qui</span> <span class='ocrx_word' id='word_1_381' title='bbox 657 2464 768 2535; x_wconf 90' lang='lat' dir='ltr'>proprie</span> <span class='ocrx_word' id='word_1_382' title='bbox 787 2465 925 2536; x_wconf 90' lang='lat' dir='ltr'>loquendo</span> <span class='ocrx_word' id='word_1_383' title='bbox 944 2482 999 2519; x_wconf 92' lang='lat' dir='ltr'>non</span> <span class='ocrx_word' id='word_1_384' title='bbox 1025 2463 1100 2534; x_wconf 84' lang='lat' dir='ltr'>Ergo</span> <span class='ocrx_word' id='word_1_385' title='bbox 1117 2479 1173 2516; x_wconf 91' lang='lat' dir='ltr'>non</span> <span class='ocrx_word' id='word_1_386' title='bbox 1193 2461 1228 2516; x_wconf 93' lang='lat' dir='ltr'>de</span> <span class='ocrx_word' id='word_1_387' title='bbox 1246 2462 1366 2532; x_wconf 90' lang='lat' dir='ltr'>negotiis</span> <span class='ocrx_word' id='word_1_388' title='bbox 1384 2461 1493 2531; x_wconf 94' lang='lat' dir='ltr'>mundi,</span> <span class='ocrx_word' id='word_1_389' title='bbox 1511 2463 1559 2516; x_wconf 90' lang='lat' dir='ltr'>sed</span> <span class='ocrx_word' id='word_1_390' title='bbox 1578 2462 1613 2517; x_wconf 89' lang='lat' dir='ltr'>de</span> <span class='ocrx_word' id='word_1_391' title='bbox 1629 2470 1704 2518; x_wconf 89' lang='lat' dir='ltr'>statu</span> <span class='ocrx_word' id='word_1_392' title='bbox 1723 2463 1857 2519; x_wconf 87' lang='lat' dir='ltr'>ecclesiae</span> 
     </span>
     <span class='ocr_line' id='line_1_27' title="bbox 170 2548 1855 2622; baseline 0.001 -18"><span class='ocrx_word' id='word_1_393' title='bbox 170 2549 244 2604; x_wconf 87' lang='lat' dir='ltr'>male</span> <span class='ocrx_word' id='word_1_394' title='bbox 262 2548 382 2617; x_wconf 87' lang='lat' dir='ltr'>faciunt,</span> <span class='ocrx_word' id='word_1_395' title='bbox 407 2548 456 2602; x_wconf 91' lang='lat' dir='ltr'>sed</span> <span class='ocrx_word' id='word_1_396' title='bbox 475 2565 603 2619; x_wconf 85' lang='lat' dir='ltr'>perverse</span> <span class='ocrx_word' id='word_1_397' title='bbox 621 2551 756 2619; x_wconf 90' lang='lat' dir='ltr'>sentiunt,</span> <span class='ocrx_word' id='word_1_398' title='bbox 779 2556 811 2604; x_wconf 93' lang='lat' dir='ltr'>ut</span> <span class='ocrx_word' id='word_1_399' title='bbox 829 2551 870 2604; x_wconf 91' lang='lat' dir='ltr'>illi</span> <span class='ocrx_word' id='word_1_400' title='bbox 889 2552 999 2622; x_wconf 85' lang='lat' dir='ltr'>proprie</span> <span class='ocrx_word' id='word_1_401' title='bbox 1026 2549 1054 2602; x_wconf 91' lang='lat' dir='ltr'>in</span> <span class='ocrx_word' id='word_1_402' title='bbox 1072 2549 1175 2603; x_wconf 90' lang='lat' dir='ltr'>mundo</span> <span class='ocrx_word' id='word_1_403' title='bbox 1194 2548 1301 2603; x_wconf 90' lang='lat' dir='ltr'>Christo</span> <span class='ocrx_word' id='word_1_404' title='bbox 1319 2550 1490 2619; x_wconf 90' lang='lat' dir='ltr'>propositum</span> <span class='ocrx_word' id='word_1_405' title='bbox 1508 2555 1551 2604; x_wconf 89' lang='lat' dir='ltr'>est</span> <span class='ocrx_word' id='word_1_406' title='bbox 1565 2565 1656 2620; x_wconf 87' lang='lat' dir='ltr'>agere,</span> <span class='ocrx_word' id='word_1_407' title='bbox 1675 2567 1765 2622; x_wconf 89' lang='lat' dir='ltr'>neque</span> <span class='ocrx_word' id='word_1_408' title='bbox 1783 2551 1855 2605; x_wconf 89' lang='lat' dir='ltr'>enim</span> 
     </span>
     <span class='ocr_line' id='line_1_28' title="bbox 170 2633 1856 2709; baseline 0.002 -21"><span class='ocrx_word' id='word_1_409' title='bbox 170 2643 235 2690; x_wconf 92' lang='lat' dir='ltr'>sunt</span> <span class='ocrx_word' id='word_1_410' title='bbox 252 2635 307 2706; x_wconf 91' lang='lat' dir='ltr'>pii,</span> <span class='ocrx_word' id='word_1_411' title='bbox 333 2634 381 2706; x_wconf 88' lang='lat' dir='ltr'>qui</span> <span class='ocrx_word' id='word_1_412' title='bbox 398 2633 501 2691; x_wconf 83' lang='lat' dir='ltr'>Christi</span> <span class='ocrx_word' id='word_1_413' title='bbox 528 2636 670 2692; x_wconf 89' lang='lat' dir='ltr'>doctrinae</span> <span class='ocrx_word' id='word_1_414' title='bbox 695 2638 839 2693; x_wconf 87' lang='lat' dir='ltr'>veritatem</span> <span class='ocrx_word' id='word_1_415' title='bbox 858 2645 923 2692; x_wconf 88' lang='lat' dir='ltr'>suut</span> <span class='ocrx_word' id='word_1_416' title='bbox 941 2656 999 2693; x_wconf 92' lang='lat' dir='ltr'>am-</span> <span class='ocrx_word' id='word_1_417' title='bbox 1027 2652 1114 2707; x_wconf 87' lang='lat' dir='ltr'>regna</span> <span class='ocrx_word' id='word_1_418' title='bbox 1132 2635 1235 2698; x_wconf 92' lang='lat' dir='ltr'>mundi,</span> <span class='ocrx_word' id='word_1_419' title='bbox 1256 2634 1305 2688; x_wconf 90' lang='lat' dir='ltr'>sed</span> <span class='ocrx_word' id='word_1_420' title='bbox 1322 2651 1439 2706; x_wconf 89' lang='lat' dir='ltr'>regnum</span> <span class='ocrx_word' id='word_1_421' title='bbox 1457 2637 1595 2691; x_wconf 89' lang='lat' dir='ltr'>coelorum</span> <span class='ocrx_word' id='word_1_422' title='bbox 1613 2654 1689 2707; x_wconf 91' lang='lat' dir='ltr'>agro,</span> <span class='ocrx_word' id='word_1_423' title='bbox 1707 2639 1735 2693; x_wconf 90' lang='lat' dir='ltr'>in</span> <span class='ocrx_word' id='word_1_424' title='bbox 1754 2655 1810 2709; x_wconf 91' lang='lat' dir='ltr'>quo</span> <span class='ocrx_word' id='word_1_425' title='bbox 1829 2647 1856 2691; x_wconf 90' lang='lat' dir='ltr'>et</span> 
     </span>
     <span class='ocr_line' id='line_1_29' title="bbox 169 2720 1858 2795; baseline 0.001 -19"><span class='ocrx_word' id='word_1_426' title='bbox 169 2723 252 2793; x_wconf 85' lang='lat' dir='ltr'>plexi.</span> <span class='ocrx_word' id='word_1_427' title='bbox 287 2721 373 2778; x_wconf 90' lang='lat' dir='ltr'>Nulla</span> <span class='ocrx_word' id='word_1_428' title='bbox 396 2722 466 2777; x_wconf 90' lang='lat' dir='ltr'>enim</span> <span class='ocrx_word' id='word_1_429' title='bbox 493 2739 525 2777; x_wconf 86' lang='lat' dir='ltr'>ex</span> <span class='ocrx_word' id='word_1_430' title='bbox 553 2741 583 2779; x_wconf 91' lang='lat' dir='ltr'>re</span> <span class='ocrx_word' id='word_1_431' title='bbox 607 2724 714 2794; x_wconf 92' lang='lat' dir='ltr'>piorum</span> <span class='ocrx_word' id='word_1_432' title='bbox 738 2731 766 2778; x_wconf 90' lang='lat' dir='ltr'>et</span> <span class='ocrx_word' id='word_1_433' title='bbox 784 2724 928 2795; x_wconf 90' lang='lat' dir='ltr'>impiorum</span> <span class='ocrx_word' id='word_1_434' title='bbox 948 2725 1000 2779; x_wconf 85' lang='lat' dir='ltr'>dif-</span> <span class='ocrx_word' id='word_1_435' title='bbox 1026 2721 1148 2775; x_wconf 89' lang='lat' dir='ltr'>triticum</span> <span class='ocrx_word' id='word_1_436' title='bbox 1165 2727 1194 2775; x_wconf 91' lang='lat' dir='ltr'>et</span> <span class='ocrx_word' id='word_1_437' title='bbox 1211 2720 1316 2775; x_wconf 83' lang='lat' dir='ltr'>zizania</span> <span class='ocrx_word' id='word_1_438' title='bbox 1332 2721 1412 2775; x_wconf 92' lang='lat' dir='ltr'>simul</span> <span class='ocrx_word' id='word_1_439' title='bbox 1431 2729 1597 2790; x_wconf 90' lang='lat' dir='ltr'>nascuntur,</span> <span class='ocrx_word' id='word_1_440' title='bbox 1623 2730 1783 2794; x_wconf 79' lang='lat' dir='ltr'>comparat3</span> <span class='ocrx_word' id='word_1_441' title='bbox 1808 2741 1858 2794; x_wconf 89' lang='lat' dir='ltr'>per</span> 
     </span>
     <span class='ocr_line' id='line_1_30' title="bbox 168 2807 1856 2881; baseline 0.002 -18"><span class='ocrx_word' id='word_1_442' title='bbox 168 2809 286 2864; x_wconf 82' lang='lat' dir='ltr'>ferentia</span> <span class='ocrx_word' id='word_1_443' title='bbox 303 2808 400 2864; x_wconf 90' lang='lat' dir='ltr'>melius</span> <span class='ocrx_word' id='word_1_444' title='bbox 418 2825 501 2880; x_wconf 92' lang='lat' dir='ltr'>quam</span> <span class='ocrx_word' id='word_1_445' title='bbox 521 2826 553 2864; x_wconf 84' lang='lat' dir='ltr'>ex</span> <span class='ocrx_word' id='word_1_446' title='bbox 571 2809 704 2881; x_wconf 88' lang='lat' dir='ltr'>religione</span> <span class='ocrx_word' id='word_1_447' title='bbox 725 2811 796 2864; x_wconf 90' lang='lat' dir='ltr'>sumi</span> <span class='ocrx_word' id='word_1_448' title='bbox 812 2818 912 2881; x_wconf 74' lang='lat' dir='ltr'>potant.</span> <span class='ocrx_word' id='word_1_449' title='bbox 936 2811 1000 2867; x_wconf 77' lang='lat' dir='ltr'>Huc</span> <span class='ocrx_word' id='word_1_450' title='bbox 1026 2807 1095 2861; x_wconf 93' lang='lat' dir='ltr'>illud</span> <span class='ocrx_word' id='word_1_451' title='bbox 1114 2824 1230 2879; x_wconf 92' lang='lat' dir='ltr'>regnum</span> <span class='ocrx_word' id='word_1_452' title='bbox 1250 2808 1388 2862; x_wconf 88' lang='lat' dir='ltr'>coelorum</span> <span class='ocrx_word' id='word_1_453' title='bbox 1400 2808 1566 2880; x_wconf 87' lang='lat' dir='ltr'>intelligitur</span> <span class='ocrx_word' id='word_1_454' title='bbox 1577 2811 1695 2864; x_wconf 90' lang='lat' dir='ltr'>ecclesia</span> <span class='ocrx_word' id='word_1_455' title='bbox 1713 2812 1743 2865; x_wconf 94' lang='lat' dir='ltr'>in</span> <span class='ocrx_word' id='word_1_456' title='bbox 1754 2813 1856 2866; x_wconf 90' lang='lat' dir='ltr'>mundo</span> 
     </span>
     <span class='ocr_line' id='line_1_31' title="bbox 170 2893 1856 2967; baseline 0 -17"><span class='ocrx_word' id='word_1_457' title='bbox 170 2896 289 2966; x_wconf 85' lang='lat' dir='ltr'>pertinet</span> <span class='ocrx_word' id='word_1_458' title='bbox 306 2893 407 2949; x_wconf 88' lang='lat' dir='ltr'>Psalm.</span> <span class='ocrx_word' id='word_1_459' title='bbox 426 2901 473 2960; x_wconf 89' lang='lat'>44,</span> <span class='ocrx_word' id='word_1_460' title='bbox 497 2912 523 2948; x_wconf 84' lang='lat' dir='ltr'>v.</span> <span class='ocrx_word' id='word_1_461' title='bbox 545 2900 585 2952; x_wconf 87' lang='grc'>18.</span> <span class='ocrx_word' id='word_1_462' title='bbox 622 2896 694 2952; x_wconf 90' lang='lat' dir='ltr'>Nam</span> <span class='ocrx_word' id='word_1_463' title='bbox 724 2901 757 2951; x_wconf 90' lang='lat' dir='ltr'>ut</span> <span class='ocrx_word' id='word_1_464' title='bbox 778 2896 818 2951; x_wconf 92' lang='lat' dir='ltr'>ibi</span> <span class='ocrx_word' id='word_1_465' title='bbox 834 2898 1001 2967; x_wconf 85' lang='lat' dir='ltr'>generaliter</span> <span class='ocrx_word' id='word_1_466' title='bbox 1028 2894 1118 2948; x_wconf 91' lang='lat' dir='ltr'>adhuc</span> <span class='ocrx_word' id='word_1_467' title='bbox 1153 2894 1288 2963; x_wconf 91' lang='lat' dir='ltr'>militans,</span> <span class='ocrx_word' id='word_1_468' title='bbox 1316 2912 1387 2965; x_wconf 90' lang='lat' dir='ltr'>quae</span> <span class='ocrx_word' id='word_1_469' title='bbox 1418 2895 1488 2949; x_wconf 86' lang='lat' dir='ltr'>inter</span> <span class='ocrx_word' id='word_1_470' title='bbox 1519 2911 1616 2950; x_wconf 90' lang='lat' dir='ltr'>causas</span> <span class='ocrx_word' id='word_1_471' title='bbox 1643 2895 1765 2966; x_wconf 88' lang='lat' dir='ltr'>reliquas</span> <span class='ocrx_word' id='word_1_472' title='bbox 1795 2897 1856 2951; x_wconf 90' lang='lat' dir='ltr'>ideo</span> 
     </span>
     <span class='ocr_line' id='line_1_32' title="bbox 169 2981 1857 3055; baseline 0 -18"><span class='ocrx_word' id='word_1_473' title='bbox 169 2982 300 3037; x_wconf 90' lang='lat' dir='ltr'>dicuntur</span> <span class='ocrx_word' id='word_1_474' title='bbox 326 2999 383 3035; x_wconf 88' lang='lat' dir='ltr'>non</span> <span class='ocrx_word' id='word_1_475' title='bbox 415 2982 496 3035; x_wconf 81' lang='lat' dir='ltr'>obliti</span> <span class='ocrx_word' id='word_1_476' title='bbox 523 2983 598 3051; x_wconf 88' lang='lat' dir='ltr'>Dei,</span> <span class='ocrx_word' id='word_1_477' title='bbox 630 2999 681 3037; x_wconf 90' lang='lat' dir='ltr'>nec</span> <span class='ocrx_word' id='word_1_478' title='bbox 713 2986 886 3039; x_wconf 64' lang='lat' dir='ltr'>mendaciter</span> <span class='ocrx_word' id='word_1_479' title='bbox 913 2986 1001 3055; x_wconf 79' lang='lat' dir='ltr'>spisse</span> <span class='ocrx_word' id='word_1_480' title='bbox 1027 2986 1143 3036; x_wconf 81' lang='lat' dir='ltr'>vocatm</span> <span class='ocrx_word' id='word_1_481' title='bbox 1160 2984 1435 3050; x_wconf 75' lang='lat' dir='ltr'>repnumooelorum,</span> <span class='ocrx_word' id='word_1_482' title='bbox 1455 2991 1515 3036; x_wconf 90' lang='lat' dir='ltr'>uta</span> <span class='ocrx_word' id='word_1_483' title='bbox 1532 2981 1647 3036; x_wconf 89' lang='lat' dir='ltr'>terrenis</span> <span class='ocrx_word' id='word_1_484' title='bbox 1664 2989 1693 3037; x_wconf 93' lang='lat' dir='ltr'>et</span> <span class='ocrx_word' id='word_1_485' title='bbox 1710 2983 1857 3037; x_wconf 90' lang='lat' dir='ltr'>mundanis</span> 
     </span>
     <span class='ocr_line' id='line_1_33' title="bbox 169 3067 1857 3142; baseline 0.001 -20"><span class='ocrx_word' id='word_1_486' title='bbox 169 3076 267 3124; x_wconf 86' lang='lat' dir='ltr'>eontra</span> <span class='ocrx_word' id='word_1_487' title='bbox 288 3069 345 3121; x_wconf 86' lang='lat' dir='ltr'>Dei</span> <span class='ocrx_word' id='word_1_488' title='bbox 360 3069 477 3134; x_wconf 78' lang='lat' dir='ltr'>foedas,</span> <span class='ocrx_word' id='word_1_489' title='bbox 506 3085 562 3122; x_wconf 90' lang='lat' dir='ltr'>non</span> <span class='ocrx_word' id='word_1_490' title='bbox 581 3068 629 3140; x_wconf 91' lang='lat' dir='ltr'>qui</span> <span class='ocrx_word' id='word_1_491' title='bbox 652 3086 793 3139; x_wconf 90' lang='lat' dir='ltr'>nunquam</span> <span class='ocrx_word' id='word_1_492' title='bbox 816 3070 845 3125; x_wconf 92' lang='lat' dir='ltr'>in</span> <span class='ocrx_word' id='word_1_493' title='bbox 862 3071 920 3125; x_wconf 85' lang='lat' dir='ltr'>vita</span> <span class='ocrx_word' id='word_1_494' title='bbox 937 3088 1000 3142; x_wconf 89' lang='lat' dir='ltr'>pec·</span> <span class='ocrx_word' id='word_1_495' title='bbox 1027 3067 1122 3138; x_wconf 88' lang='lat' dir='ltr'>reguis</span> <span class='ocrx_word' id='word_1_496' title='bbox 1148 3067 1336 3138; x_wconf 89' lang='lat' dir='ltr'>distinguatur</span> <span class='ocrx_word' id='word_1_497' title='bbox 1362 3067 1425 3122; x_wconf 86' lang='lat' dir='ltr'>Joh.</span> <span class='ocrx_word' id='word_1_498' title='bbox 1457 3075 1500 3137; x_wconf 86' lang='grc'>18,</span> <span class='ocrx_word' id='word_1_499' title='bbox 1527 3086 1553 3120; x_wconf 89' lang='lat' dir='ltr'>v.</span> <span class='ocrx_word' id='word_1_500' title='bbox 1580 3074 1621 3124; x_wconf 84' lang='grc'>36.</span> <span class='ocrx_word' id='word_1_501' title='bbox 1669 3069 1740 3140; x_wconf 84' lang='lat' dir='ltr'>Agri</span> <span class='ocrx_word' id='word_1_502' title='bbox 1772 3071 1857 3138; x_wconf 84' lang='lat' dir='ltr'>igitur</span> 
     </span>
     <span class='ocr_line' id='line_1_34' title="bbox 168 3154 1856 3224; baseline -0.001 -14"><span class='ocrx_word' id='word_1_503' title='bbox 168 3162 280 3219; x_wconf 84' lang='lat' dir='ltr'>cerunt,</span> <span class='ocrx_word' id='word_1_504' title='bbox 297 3154 345 3207; x_wconf 91' lang='lat' dir='ltr'>scd</span> <span class='ocrx_word' id='word_1_505' title='bbox 364 3155 489 3209; x_wconf 86' lang='lat' dir='ltr'>restricte</span> <span class='ocrx_word' id='word_1_506' title='bbox 506 3156 557 3222; x_wconf 79' lang='lat' dir='ltr'>qui</span> <span class='ocrx_word' id='word_1_507' title='bbox 574 3156 693 3208; x_wconf 86' lang='lat' dir='ltr'>nominis</span> <span class='ocrx_word' id='word_1_508' title='bbox 713 3157 772 3209; x_wconf 83' lang='lat' dir='ltr'>Dei</span> <span class='ocrx_word' id='word_1_509' title='bbox 794 3158 874 3218; x_wconf 78' lang='lat' dir='ltr'>fuere</span> <span class='ocrx_word' id='word_1_510' title='bbox 902 3174 1000 3211; x_wconf 88' lang='lat' dir='ltr'>memo·</span> <span class='ocrx_word' id='word_1_511' title='bbox 1028 3171 1126 3208; x_wconf 88' lang='lat' dir='ltr'>nomen</span> <span class='ocrx_word' id='word_1_512' title='bbox 1145 3170 1194 3223; x_wconf 89' lang='lat' dir='ltr'>per</span> <span class='ocrx_word' id='word_1_513' title='bbox 1212 3155 1341 3208; x_wconf 88' lang='lat' dir='ltr'>usitatam</span> <span class='ocrx_word' id='word_1_514' title='bbox 1360 3155 1389 3206; x_wconf 93' lang='lat' dir='ltr'>in</span> <span class='ocrx_word' id='word_1_515' title='bbox 1409 3154 1557 3224; x_wconf 86' lang='lat' dir='ltr'>Scripturis</span> <span class='ocrx_word' id='word_1_516' title='bbox 1575 3154 1767 3224; x_wconf 88' lang='lat' dir='ltr'>synecdochen</span> <span class='ocrx_word' id='word_1_517' title='bbox 1785 3156 1856 3210; x_wconf 90' lang='lat' dir='ltr'>acci·</span> 
     </span>
     <span class='ocr_line' id='line_1_35' title="bbox 169 3239 1856 3311; baseline 0.001 -17"><span class='ocrx_word' id='word_1_518' title='bbox 169 3258 228 3308; x_wconf 85' lang='lat' dir='ltr'>res,</span> <span class='ocrx_word' id='word_1_519' title='bbox 254 3258 310 3293; x_wconf 75' lang='lat' dir='ltr'>nors</span> <span class='ocrx_word' id='word_1_520' title='bbox 336 3241 416 3294; x_wconf 80' lang='lat' dir='ltr'>obiiti</span> <span class='ocrx_word' id='word_1_521' title='bbox 430 3239 564 3307; x_wconf 84' lang='lat' dir='ltr'>foederis</span> <span class='ocrx_word' id='word_1_522' title='bbox 592 3241 661 3306; x_wconf 85' lang='lat' dir='ltr'>Dei,</span> <span class='ocrx_word' id='word_1_523' title='bbox 689 3241 738 3308; x_wconf 80' lang='lat' dir='ltr'>qui</span> <span class='ocrx_word' id='word_1_524' title='bbox 763 3259 819 3293; x_wconf 84' lang='lat' dir='ltr'>non</span> <span class='ocrx_word' id='word_1_525' title='bbox 842 3246 1002 3311; x_wconf 76' lang='lat' dir='ltr'>mpandent</span> <span class='ocrx_word' id='word_1_526' title='bbox 1027 3239 1169 3310; x_wconf 90' lang='lat' dir='ltr'>piendum,</span> <span class='ocrx_word' id='word_1_527' title='bbox 1203 3257 1258 3295; x_wconf 90' lang='lat' dir='ltr'>non</span> <span class='ocrx_word' id='word_1_528' title='bbox 1277 3240 1313 3296; x_wconf 92' lang='lat' dir='ltr'>de</span> <span class='ocrx_word' id='word_1_529' title='bbox 1330 3246 1387 3295; x_wconf 89' lang='lat' dir='ltr'>toto</span> <span class='ocrx_word' id='word_1_530' title='bbox 1407 3248 1435 3294; x_wconf 92' lang='lat' dir='ltr'>et</span> <span class='ocrx_word' id='word_1_531' title='bbox 1452 3241 1581 3295; x_wconf 87' lang='lat' dir='ltr'>universo</span> <span class='ocrx_word' id='word_1_532' title='bbox 1606 3242 1722 3306; x_wconf 87' lang='lat' dir='ltr'>mundo,</span> <span class='ocrx_word' id='word_1_533' title='bbox 1753 3243 1801 3298; x_wconf 88' lang='lat' dir='ltr'>sed</span> <span class='ocrx_word' id='word_1_534' title='bbox 1821 3242 1856 3296; x_wconf 91' lang='lat' dir='ltr'>de</span> 
     </span>
     <span class='ocr_line' id='line_1_36' title="bbox 169 3325 1856 3398; baseline 0.002 -19"><span class='ocrx_word' id='word_1_535' title='bbox 169 3344 269 3380; x_wconf 85' lang='lat' dir='ltr'>monas</span> <span class='ocrx_word' id='word_1_536' title='bbox 297 3329 339 3380; x_wconf 84' lang='lat' dir='ltr'>ad</span> <span class='ocrx_word' id='word_1_537' title='bbox 363 3329 455 3380; x_wconf 84' lang='lat' dir='ltr'>Deam</span> <span class='ocrx_word' id='word_1_538' title='bbox 480 3335 656 3393; x_wconf 71' lang='lat' dir='ltr'>extraneam,</span> <span class='ocrx_word' id='word_1_539' title='bbox 689 3332 720 3380; x_wconf 90' lang='lat' dir='ltr'>ut</span> <span class='ocrx_word' id='word_1_540' title='bbox 745 3327 897 3396; x_wconf 83' lang='lat' dir='ltr'>explicatur</span> <span class='ocrx_word' id='word_1_541' title='bbox 915 3346 938 3384; x_wconf 86' lang='lat' dir='ltr'>v.</span> <span class='ocrx_word' id='word_1_542' title='bbox 959 3334 999 3384; x_wconf 92' lang='grc'>21.</span> <span class='ocrx_word' id='word_1_543' title='bbox 1026 3325 1075 3381; x_wconf 86' lang='grc'><strong>1114</strong></span> <span class='ocrx_word' id='word_1_544' title='bbox 1093 3327 1187 3380; x_wconf 91' lang='lat' dir='ltr'>mundi</span> <span class='ocrx_word' id='word_1_545' title='bbox 1204 3326 1413 3381; x_wconf 84' lang='lat' dir='ltr'>sivehominum</span> <span class='ocrx_word' id='word_1_546' title='bbox 1428 3333 1513 3397; x_wconf 87' lang='lat' dir='ltr'>parte,</span> <span class='ocrx_word' id='word_1_547' title='bbox 1532 3343 1603 3398; x_wconf 89' lang='lat' dir='ltr'>quae</span> <span class='ocrx_word' id='word_1_548' title='bbox 1622 3345 1672 3398; x_wconf 91' lang='lat' dir='ltr'>per</span> <span class='ocrx_word' id='word_1_549' title='bbox 1688 3330 1856 3398; x_wconf 87' lang='lat' dir='ltr'>sparsionem</span> 
     </span>
     <span class='ocr_line' id='line_1_37' title="bbox 170 3411 1856 3486; baseline 0.002 -20"><span class='ocrx_word' id='word_1_550' title='bbox 170 3413 223 3467; x_wconf 92' lang='lat' dir='ltr'>hoc</span> <span class='ocrx_word' id='word_1_551' title='bbox 241 3421 284 3468; x_wconf 89' lang='lat' dir='ltr'>est</span> <span class='ocrx_word' id='word_1_552' title='bbox 306 3411 455 3467; x_wconf 87' lang='lat' dir='ltr'>Christiani</span> <span class='ocrx_word' id='word_1_553' title='bbox 479 3411 642 3478; x_wconf 81' lang='lat' dir='ltr'>orthodori;</span> <span class='ocrx_word' id='word_1_554' title='bbox 669 3413 708 3465; x_wconf 90' lang='lat' dir='ltr'>sic</span> <span class='ocrx_word' id='word_1_555' title='bbox 731 3411 855 3467; x_wconf 89' lang='lat' dir='ltr'>Christus</span> <span class='ocrx_word' id='word_1_556' title='bbox 878 3416 1001 3486; x_wconf 89' lang='lat' dir='ltr'>generali</span> <span class='ocrx_word' id='word_1_557' title='bbox 1027 3412 1146 3479; x_wconf 88' lang='lat' dir='ltr'>seminis,</span> <span class='ocrx_word' id='word_1_558' title='bbox 1164 3412 1216 3465; x_wconf 93' lang='lat' dir='ltr'>hoc</span> <span class='ocrx_word' id='word_1_559' title='bbox 1234 3418 1277 3466; x_wconf 89' lang='lat' dir='ltr'>est</span> <span class='ocrx_word' id='word_1_560' title='bbox 1287 3429 1337 3482; x_wconf 90' lang='lat' dir='ltr'>per</span> <span class='ocrx_word' id='word_1_561' title='bbox 1346 3412 1579 3481; x_wconf 88' lang='lat' dir='ltr'>praedicationem</span> <span class='ocrx_word' id='word_1_562' title='bbox 1591 3413 1682 3482; x_wconf 84' lang='lat' dir='ltr'>verbi,</span> <span class='ocrx_word' id='word_1_563' title='bbox 1702 3415 1730 3468; x_wconf 94' lang='lat' dir='ltr'>in</span> <span class='ocrx_word' id='word_1_564' title='bbox 1740 3431 1856 3486; x_wconf 89' lang='lat' dir='ltr'>regnum</span> 
     </span>
     <span class='ocr_line' id='line_1_38' title="bbox 169 3498 1856 3571; baseline 0.002 -19"><span class='ocrx_word' id='word_1_565' title='bbox 169 3516 238 3555; x_wconf 80' lang='lat' dir='ltr'>voce</span> <span class='ocrx_word' id='word_1_566' title='bbox 255 3501 406 3568; x_wconf 83' lang='lat' dir='ltr'>impiorum</span> <span class='ocrx_word' id='word_1_567' title='bbox 425 3498 549 3569; x_wconf 90' lang='lat' dir='ltr'>appellat</span> <span class='ocrx_word' id='word_1_568' title='bbox 570 3498 727 3568; x_wconf 87' lang='lat' dir='ltr'>specialiter</span> <span class='ocrx_word' id='word_1_569' title='bbox 750 3499 825 3568; x_wconf 90' lang='lat' dir='ltr'>illos,</span> <span class='ocrx_word' id='word_1_570' title='bbox 850 3501 897 3571; x_wconf 91' lang='lat' dir='ltr'>qui</span> <span class='ocrx_word' id='word_1_571' title='bbox 922 3502 1000 3557; x_wconf 87' lang='lat' dir='ltr'>obliti</span> <span class='ocrx_word' id='word_1_572' title='bbox 1029 3499 1129 3552; x_wconf 84' lang='lat' dir='ltr'>Christi</span> <span class='ocrx_word' id='word_1_573' title='bbox 1148 3499 1205 3552; x_wconf 86' lang='lat' dir='ltr'>sive</span> <span class='ocrx_word' id='word_1_574' title='bbox 1222 3499 1366 3554; x_wconf 89' lang='lat' dir='ltr'>eeclesiam</span> <span class='ocrx_word' id='word_1_575' title='bbox 1384 3498 1537 3570; x_wconf 88' lang='lat' dir='ltr'>colligitur,</span> <span class='ocrx_word' id='word_1_576' title='bbox 1561 3517 1642 3570; x_wconf 91' lang='lat' dir='ltr'>quam</span> <span class='ocrx_word' id='word_1_577' title='bbox 1662 3500 1789 3555; x_wconf 86' lang='lat' dir='ltr'>Christus</span> <span class='ocrx_word' id='word_1_578' title='bbox 1809 3516 1856 3571; x_wconf 92' lang='lat' dir='ltr'>pe-</span> 
     </span>
     <span class='ocr_line' id='line_1_39' title="bbox 83 3572 1856 3659; baseline 0.001 -18"><span class='ocrx_word' id='word_1_579' title='bbox 83 3572 87 3578; x_wconf 33' lang='lat'><em>*</em></span> <span class='ocrx_word' id='word_1_580' title='bbox 169 3586 287 3642; x_wconf 81' lang='lat' dir='ltr'>foederis</span> <span class='ocrx_word' id='word_1_581' title='bbox 306 3586 359 3639; x_wconf 91' lang='lat' dir='ltr'>Dei</span> <span class='ocrx_word' id='word_1_582' title='bbox 380 3585 484 3641; x_wconf 91' lang='lat' dir='ltr'>bonum</span> <span class='ocrx_word' id='word_1_583' title='bbox 507 3601 601 3639; x_wconf 91' lang='lat' dir='ltr'>semen</span> <span class='ocrx_word' id='word_1_584' title='bbox 626 3584 808 3655; x_wconf 86' lang='lat' dir='ltr'>neglexerunt</span> <span class='ocrx_word' id='word_1_585' title='bbox 833 3593 860 3640; x_wconf 90' lang='lat' dir='ltr'>et</span> <span class='ocrx_word' id='word_1_586' title='bbox 884 3588 1001 3659; x_wconf 89' lang='lat' dir='ltr'>relique·</span> <span class='ocrx_word' id='word_1_587' title='bbox 1028 3585 1168 3640; x_wconf 89' lang='lat' dir='ltr'>culiariter</span> <span class='ocrx_word' id='word_1_588' title='bbox 1181 3592 1263 3639; x_wconf 79' lang='lat' dir='ltr'>uocat</span> <span class='ocrx_word' id='word_1_589' title='bbox 1281 3602 1361 3638; x_wconf 89' lang='lat' dir='ltr'>snum</span> <span class='ocrx_word' id='word_1_590' title='bbox 1379 3601 1490 3656; x_wconf 87' lang='lat' dir='ltr'>agrum,</span> <span class='ocrx_word' id='word_1_591' title='bbox 1521 3585 1616 3639; x_wconf 91' lang='lat' dir='ltr'>mundi</span> <span class='ocrx_word' id='word_1_592' title='bbox 1636 3592 1728 3643; x_wconf 90' lang='lat' dir='ltr'>autem</span> <span class='ocrx_word' id='word_1_593' title='bbox 1747 3589 1856 3642; x_wconf 91' lang='lat' dir='ltr'>nomine</span> 
     </span>
     <span class='ocr_line' id='line_1_40' title="bbox 170 3669 1908 3743; baseline 0.001 -16"><span class='ocrx_word' id='word_1_594' title='bbox 170 3678 236 3727; x_wconf 81' lang='lat' dir='ltr'>nant</span> <span class='ocrx_word' id='word_1_595' title='bbox 252 3671 396 3726; x_wconf 86' lang='lat' dir='ltr'>veritatem</span> <span class='ocrx_word' id='word_1_596' title='bbox 417 3670 545 3736; x_wconf 87' lang='lat' dir='ltr'>divinam,</span> <span class='ocrx_word' id='word_1_597' title='bbox 570 3669 659 3724; x_wconf 89' lang='lat' dir='ltr'>idest</span> <span class='ocrx_word' id='word_1_598' title='bbox 679 3671 707 3724; x_wconf 91' lang='lat' dir='ltr'>in</span> <span class='ocrx_word' id='word_1_599' title='bbox 731 3670 864 3742; x_wconf 89' lang='lat' dir='ltr'>religione</span> <span class='ocrx_word' id='word_1_600' title='bbox 880 3681 1001 3730; x_wconf 83' lang='lat' dir='ltr'>errantes</span> <span class='ocrx_word' id='word_1_601' title='bbox 1027 3680 1086 3727; x_wconf 90' lang='lat' dir='ltr'>tum</span> <span class='ocrx_word' id='word_1_602' title='bbox 1102 3670 1240 3743; x_wconf 89' lang='lat' dir='ltr'>indigitat,</span> <span class='ocrx_word' id='word_1_603' title='bbox 1269 3672 1335 3742; x_wconf 92' lang='lat' dir='ltr'>quia</span> <span class='ocrx_word' id='word_1_604' title='bbox 1352 3672 1380 3725; x_wconf 91' lang='lat' dir='ltr'>in</span> <span class='ocrx_word' id='word_1_605' title='bbox 1399 3673 1501 3728; x_wconf 88' lang='lat' dir='ltr'>mundo</span> <span class='ocrx_word' id='word_1_606' title='bbox 1519 3679 1548 3727; x_wconf 89' lang='lat' dir='ltr'>et</span> <span class='ocrx_word' id='word_1_607' title='bbox 1567 3689 1600 3727; x_wconf 84' lang='lat' dir='ltr'>ex</span> <span class='ocrx_word' id='word_1_608' title='bbox 1620 3673 1722 3727; x_wconf 91' lang='lat' dir='ltr'>mundo</span> <span class='ocrx_word' id='word_1_609' title='bbox 1740 3674 1857 3730; x_wconf 88' lang='lat' dir='ltr'>ecclesia</span> <span class='ocrx_word' id='word_1_610' title='bbox 1898 3669 1908 3692; x_wconf 65' lang='lat'><em>²</em></span> 
     </span>
     <span class='ocr_line' id='line_1_41' title="bbox 171 3753 1856 3828; baseline 0.001 -15"><span class='ocrx_word' id='word_1_611' title='bbox 171 3764 200 3814; x_wconf 87' lang='lat' dir='ltr'>et</span> <span class='ocrx_word' id='word_1_612' title='bbox 216 3756 391 3812; x_wconf 74' lang='lat' dir='ltr'>haeretici.·*</span> <span class='ocrx_word' id='word_1_613' title='bbox 428 3755 564 3827; x_wconf 87' lang='lat' dir='ltr'>Loquitur</span> <span class='ocrx_word' id='word_1_614' title='bbox 584 3753 709 3811; x_wconf 87' lang='lat' dir='ltr'>Christus</span> <span class='ocrx_word' id='word_1_615' title='bbox 735 3756 883 3813; x_wconf 87' lang='lat' dir='ltr'>indefinite.</span> <span class='ocrx_word' id='word_1_616' title='bbox 920 3761 1001 3814; x_wconf 76' lang='lat' dir='ltr'>Ziza·</span> <span class='ocrx_word' id='word_1_617' title='bbox 1028 3757 1181 3828; x_wconf 87' lang='lat' dir='ltr'>colligitur,</span> <span class='ocrx_word' id='word_1_618' title='bbox 1207 3763 1234 3812; x_wconf 92' lang='lat' dir='ltr'>et</span> <span class='ocrx_word' id='word_1_619' title='bbox 1258 3757 1340 3810; x_wconf 89' lang='lat' dir='ltr'>simul</span> <span class='ocrx_word' id='word_1_620' title='bbox 1363 3763 1506 3826; x_wconf 84' lang='lat' dir='ltr'>respectus</span> <span class='ocrx_word' id='word_1_621' title='bbox 1533 3758 1651 3812; x_wconf 91' lang='lat' dir='ltr'>habetur</span> <span class='ocrx_word' id='word_1_622' title='bbox 1672 3760 1707 3812; x_wconf 91' lang='lat' dir='ltr'>ad</span> <span class='ocrx_word' id='word_1_623' title='bbox 1726 3760 1856 3814; x_wconf 86' lang='lat' dir='ltr'>vaticinia</span> 
     </span>
     <span class='ocr_line' id='line_1_42' title="bbox 170 3842 1856 3916; baseline 0.001 -18"><span class='ocrx_word' id='word_1_624' title='bbox 170 3845 221 3898; x_wconf 86' lang='lat' dir='ltr'>nia</span> <span class='ocrx_word' id='word_1_625' title='bbox 237 3851 300 3896; x_wconf 83' lang='lat' dir='ltr'>sunt</span> <span class='ocrx_word' id='word_1_626' title='bbox 317 3842 372 3906; x_wconf 73' lang='lat' dir='ltr'>atti</span> <span class='ocrx_word' id='word_1_627' title='bbox 387 3843 437 3895; x_wconf 81' lang='grc' dir='ltr'>τοῦ</span> <span class='ocrx_word' id='word_1_628' title='bbox 453 3843 586 3914; x_wconf 76' lang='grc' dir='ltr'>πονηροῦ,</span> <span class='ocrx_word' id='word_1_629' title='bbox 604 3859 722 3913; x_wconf 88' lang='lat' dir='ltr'>cumque</span> <span class='ocrx_word' id='word_1_630' title='bbox 739 3843 884 3899; x_wconf 89' lang='lat' dir='ltr'>indefinita</span> <span class='ocrx_word' id='word_1_631' title='bbox 902 3862 1002 3916; x_wconf 85' lang='lat' dir='ltr'>propo·</span> <span class='ocrx_word' id='word_1_632' title='bbox 1027 3843 1222 3916; x_wconf 87' lang='lat' dir='ltr'>prophetarum</span> <span class='ocrx_word' id='word_1_633' title='bbox 1241 3843 1276 3898; x_wconf 91' lang='lat' dir='ltr'>de</span> <span class='ocrx_word' id='word_1_634' title='bbox 1294 3842 1424 3914; x_wconf 87' lang='lat' dir='ltr'>gentibus</span> <span class='ocrx_word' id='word_1_635' title='bbox 1442 3860 1476 3898; x_wconf 87' lang='lat' dir='ltr'>ex</span> <span class='ocrx_word' id='word_1_636' title='bbox 1493 3850 1550 3899; x_wconf 88' lang='lat' dir='ltr'>toto</span> <span class='ocrx_word' id='word_1_637' title='bbox 1573 3845 1676 3899; x_wconf 89' lang='lat' dir='ltr'>mundo</span> <span class='ocrx_word' id='word_1_638' title='bbox 1698 3846 1735 3900; x_wconf 88' lang='lat' dir='ltr'>ad</span> <span class='ocrx_word' id='word_1_639' title='bbox 1755 3845 1856 3901; x_wconf 85' lang='lat' dir='ltr'>Christi</span> 
     </span>
     <span class='ocr_line' id='line_1_43' title="bbox 171 3927 1855 4004; baseline 0.002 -22"><span class='ocrx_word' id='word_1_640' title='bbox 171 3928 234 3982; x_wconf 85' lang='lat' dir='ltr'>sitio</span> <span class='ocrx_word' id='word_1_641' title='bbox 254 3927 420 3998; x_wconf 88' lang='lat' dir='ltr'>quandoque</span> <span class='ocrx_word' id='word_1_642' title='bbox 436 3927 627 3982; x_wconf 87' lang='lat' dir='ltr'>universaliter</span> <span class='ocrx_word' id='word_1_643' title='bbox 651 3928 685 3983; x_wconf 93' lang='lat' dir='ltr'>de</span> <span class='ocrx_word' id='word_1_644' title='bbox 704 3934 761 3983; x_wconf 87' lang='lat' dir='ltr'>toto</span> <span class='ocrx_word' id='word_1_645' title='bbox 780 3946 895 4000; x_wconf 88' lang='lat' dir='ltr'>genere,</span> <span class='ocrx_word' id='word_1_646' title='bbox 915 3950 1001 4004; x_wconf 88' lang='lat' dir='ltr'>quan-</span> <span class='ocrx_word' id='word_1_647' title='bbox 1027 3947 1143 4003; x_wconf 86' lang='lat' dir='ltr'>regnum</span> <span class='ocrx_word' id='word_1_648' title='bbox 1168 3929 1307 3997; x_wconf 86' lang='lat' dir='ltr'>vocandis,</span> <span class='ocrx_word' id='word_1_649' title='bbox 1332 3929 1432 3986; x_wconf 90' lang='lat' dir='ltr'>Psalm.</span> <span class='ocrx_word' id='word_1_650' title='bbox 1451 3936 1481 3993; x_wconf 87' lang='grc'>2,</span> <span class='ocrx_word' id='word_1_651' title='bbox 1499 3947 1524 3983; x_wconf 86' lang='lat' dir='ltr'>v.</span> <span class='ocrx_word' id='word_1_652' title='bbox 1547 3936 1571 3987; x_wconf 85' lang='lat'>8.</span> <span class='ocrx_word' id='word_1_653' title='bbox 1589 3931 1690 3987; x_wconf 87' lang='lat' dir='ltr'>Psalm.</span> <span class='ocrx_word' id='word_1_654' title='bbox 1716 3936 1760 4002; x_wconf 80' lang='grc'>12,</span> <span class='ocrx_word' id='word_1_655' title='bbox 1788 3951 1813 3986; x_wconf 88' lang='lat' dir='ltr'>v.</span> <span class='ocrx_word' id='word_1_656' title='bbox 1832 3938 1855 3988; x_wconf 83' lang='grc'>6.</span> 
     </span>
     <span class='ocr_line' id='line_1_44' title="bbox 172 4012 1855 4088; baseline 0.004 -21"><span class='ocrx_word' id='word_1_657' title='bbox 172 4014 263 4084; x_wconf 86' lang='lat' dir='ltr'>doque</span> <span class='ocrx_word' id='word_1_658' title='bbox 280 4012 483 4083; x_wconf 89' lang='lat' dir='ltr'>particulariter</span> <span class='ocrx_word' id='word_1_659' title='bbox 506 4013 542 4066; x_wconf 89' lang='lat' dir='ltr'>de</span> <span class='ocrx_word' id='word_1_660' title='bbox 563 4019 637 4067; x_wconf 87' lang='lat' dir='ltr'>certa</span> <span class='ocrx_word' id='word_1_661' title='bbox 663 4021 691 4068; x_wconf 93' lang='lat' dir='ltr'>et</span> <span class='ocrx_word' id='word_1_662' title='bbox 711 4014 893 4071; x_wconf 85' lang='lat' dir='ltr'>determinata</span> <span class='ocrx_word' id='word_1_663' title='bbox 910 4018 1002 4088; x_wconf 87' lang='lat' dir='ltr'>speeie</span> <span class='ocrx_word' id='word_1_664' title='bbox 1027 4017 1089 4073; x_wconf 86' lang='lat' dir='ltr'>Esa.</span> <span class='ocrx_word' id='word_1_665' title='bbox 1111 4021 1153 4084; x_wconf 89' lang='grc'>49,</span> <span class='ocrx_word' id='word_1_666' title='bbox 1173 4033 1196 4071; x_wconf 85' lang='lat' dir='ltr'>v.</span> <span class='ocrx_word' id='word_1_667' title='bbox 1217 4021 1240 4069; x_wconf 93' lang='grc'>6.</span> <span class='ocrx_word' id='word_1_668' title='bbox 1259 4014 1371 4071; x_wconf 90' lang='lat' dir='ltr'>Zachar.</span> <span class='ocrx_word' id='word_1_669' title='bbox 1391 4022 1415 4084; x_wconf 89' lang='grc'>9,</span> <span class='ocrx_word' id='word_1_670' title='bbox 1434 4032 1458 4071; x_wconf 84' lang='lat' dir='ltr'>v.</span> <span class='ocrx_word' id='word_1_671' title='bbox 1481 4023 1519 4072; x_wconf 85' lang='grc'>16.</span> <span class='ocrx_word' id='word_1_672' title='bbox 1556 4017 1608 4070; x_wconf 86' lang='grc' dir='ltr'>Η14</span> <span class='ocrx_word' id='word_1_673' title='bbox 1628 4016 1779 4088; x_wconf 89' lang='lat' dir='ltr'>parabolae</span> <span class='ocrx_word' id='word_1_674' title='bbox 1798 4036 1855 4074; x_wconf 89' lang='lat' dir='ltr'>sco-</span> 
     </span>
     <span class='ocr_line' id='line_1_45' title="bbox 171 4097 1856 4173; baseline 0.004 -19"><span class='ocrx_word' id='word_1_675' title='bbox 171 4099 336 4171; x_wconf 82' lang='lat' dir='ltr'>explicanda</span> <span class='ocrx_word' id='word_1_676' title='bbox 347 4099 390 4165; x_wconf 83' lang='lat' dir='ltr'>sit,</span> <span class='ocrx_word' id='word_1_677' title='bbox 409 4098 471 4152; x_wconf 90' lang='lat' dir='ltr'>ideo</span> <span class='ocrx_word' id='word_1_678' title='bbox 483 4097 677 4169; x_wconf 90' lang='lat' dir='ltr'>inquirendum</span> <span class='ocrx_word' id='word_1_679' title='bbox 687 4099 811 4171; x_wconf 90' lang='lat' dir='ltr'>ulterius,</span> <span class='ocrx_word' id='word_1_680' title='bbox 828 4119 865 4157; x_wconf 90' lang='lat' dir='ltr'>an</span> <span class='ocrx_word' id='word_1_681' title='bbox 879 4101 1003 4159; x_wconf 90' lang='lat' dir='ltr'>Christus</span> <span class='ocrx_word' id='word_1_682' title='bbox 1027 4119 1079 4173; x_wconf 91' lang='lat' dir='ltr'>pus</span> <span class='ocrx_word' id='word_1_683' title='bbox 1097 4101 1120 4154; x_wconf 92' lang='lat' dir='ltr'>si</span> <span class='ocrx_word' id='word_1_684' title='bbox 1139 4100 1225 4171; x_wconf 88' lang='lat' dir='ltr'>probe</span> <span class='ocrx_word' id='word_1_685' title='bbox 1241 4101 1416 4165; x_wconf 85' lang='lat' dir='ltr'>observetur,</span> <span class='ocrx_word' id='word_1_686' title='bbox 1441 4101 1470 4155; x_wconf 93' lang='lat' dir='ltr'>in</span> <span class='ocrx_word' id='word_1_687' title='bbox 1494 4101 1601 4156; x_wconf 85' lang='lat' dir='ltr'>fumum</span> <span class='ocrx_word' id='word_1_688' title='bbox 1627 4102 1686 4157; x_wconf 90' lang='lat' dir='ltr'>abit</span> <span class='ocrx_word' id='word_1_689' title='bbox 1707 4105 1797 4159; x_wconf 85' lang='lat' dir='ltr'>Bezae</span> <span class='ocrx_word' id='word_1_690' title='bbox 1816 4115 1856 4161; x_wconf 82' lang='lat' dir='ltr'>ar-</span> 
     </span>
     <span class='ocr_line' id='line_1_46' title="bbox 173 4183 1859 4260; baseline 0.002 -20"><span class='ocrx_word' id='word_1_691' title='bbox 173 4201 267 4242; x_wconf 91' lang='lat' dir='ltr'>omnes</span> <span class='ocrx_word' id='word_1_692' title='bbox 284 4185 395 4240; x_wconf 90' lang='lat' dir='ltr'>omnino</span> <span class='ocrx_word' id='word_1_693' title='bbox 413 4183 519 4238; x_wconf 91' lang='lat' dir='ltr'>diaboli</span> <span class='ocrx_word' id='word_1_694' title='bbox 537 4183 618 4254; x_wconf 87' lang='lat' dir='ltr'>filios,</span> <span class='ocrx_word' id='word_1_695' title='bbox 636 4202 672 4240; x_wconf 90' lang='lat' dir='ltr'>an</span> <span class='ocrx_word' id='word_1_696' title='bbox 683 4203 748 4242; x_wconf 89' lang='lat' dir='ltr'>vero</span> <span class='ocrx_word' id='word_1_697' title='bbox 759 4194 862 4242; x_wconf 87' lang='lat' dir='ltr'>certam</span> <span class='ocrx_word' id='word_1_698' title='bbox 880 4189 1001 4259; x_wconf 88' lang='lat' dir='ltr'>ipsorum</span> <span class='ocrx_word' id='word_1_699' title='bbox 1027 4189 1114 4260; x_wconf 73' lang='lat' dir='ltr'>guda,</span> <span class='ocrx_word' id='word_1_700' title='bbox 1133 4188 1178 4242; x_wconf 91' lang='lat' dir='ltr'>cui</span> <span class='ocrx_word' id='word_1_701' title='bbox 1196 4187 1273 4241; x_wconf 89' lang='lat' dir='ltr'>haud</span> <span class='ocrx_word' id='word_1_702' title='bbox 1290 4187 1424 4242; x_wconf 88' lang='lat' dir='ltr'>immerito</span> <span class='ocrx_word' id='word_1_703' title='bbox 1442 4188 1524 4243; x_wconf 89' lang='lat' dir='ltr'>etiam</span> <span class='ocrx_word' id='word_1_704' title='bbox 1542 4188 1593 4244; x_wconf 88' lang='lat' dir='ltr'>hoc</span> <span class='ocrx_word' id='word_1_705' title='bbox 1611 4190 1764 4260; x_wconf 80' lang='lat' dir='ltr'>opponitru,</span> <span class='ocrx_word' id='word_1_706' title='bbox 1784 4193 1859 4260; x_wconf 76' lang='lat' dir='ltr'>quod</span> 
     </span>
     <span class='ocr_line' id='line_1_47' title="bbox 172 4270 1859 4347; baseline 0.004 -21"><span class='ocrx_word' id='word_1_707' title='bbox 172 4273 296 4336; x_wconf 84' lang='lat' dir='ltr'>classem,</span> <span class='ocrx_word' id='word_1_708' title='bbox 314 4270 398 4326; x_wconf 81' lang='lat' dir='ltr'>videl.</span> <span class='ocrx_word' id='word_1_709' title='bbox 417 4270 568 4325; x_wconf 89' lang='lat' dir='ltr'>haereticos</span> <span class='ocrx_word' id='word_1_710' title='bbox 584 4271 614 4325; x_wconf 91' lang='lat' dir='ltr'>in</span> <span class='ocrx_word' id='word_1_711' title='bbox 632 4270 683 4326; x_wconf 91' lang='lat' dir='ltr'>hac</span> <span class='ocrx_word' id='word_1_712' title='bbox 700 4272 834 4342; x_wconf 88' lang='lat' dir='ltr'>parabola</span> <span class='ocrx_word' id='word_1_713' title='bbox 851 4274 998 4347; x_wconf 88' lang='lat' dir='ltr'>intelligat.</span> <span class='ocrx_word' id='word_1_714' title='bbox 1028 4275 1161 4329; x_wconf 77' lang='lat' dir='ltr'>haeretiei</span> <span class='ocrx_word' id='word_1_715' title='bbox 1189 4275 1301 4343; x_wconf 77' lang='lat' dir='ltr'>quidem</span> <span class='ocrx_word' id='word_1_716' title='bbox 1326 4275 1382 4328; x_wconf 86' lang='lat' dir='ltr'>sint</span> <span class='ocrx_word' id='word_1_717' title='bbox 1405 4276 1435 4329; x_wconf 90' lang='lat' dir='ltr'>in</span> <span class='ocrx_word' id='word_1_718' title='bbox 1462 4276 1594 4343; x_wconf 78' lang='grc'><strong>44414414,</strong></span> <span class='ocrx_word' id='word_1_719' title='bbox 1621 4295 1678 4331; x_wconf 88' lang='lat' dir='ltr'>non</span> <span class='ocrx_word' id='word_1_720' title='bbox 1708 4285 1801 4331; x_wconf 86' lang='lat' dir='ltr'>tamen</span> <span class='ocrx_word' id='word_1_721' title='bbox 1824 4281 1859 4332; x_wconf 83' lang='lat' dir='ltr'>de</span> 
     </span>
     <span class='ocr_line' id='line_1_48' title="bbox 173 4356 1857 4431; baseline 0.002 -18"><span class='ocrx_word' id='word_1_722' title='bbox 173 4359 312 4414; x_wconf 89' lang='lat' dir='ltr'>Posterius</span> <span class='ocrx_word' id='word_1_723' title='bbox 331 4375 380 4412; x_wconf 91' lang='lat' dir='ltr'>nos</span> <span class='ocrx_word' id='word_1_724' title='bbox 398 4356 546 4412; x_wconf 83' lang='lat' dir='ltr'>asserimus</span> <span class='ocrx_word' id='word_1_725' title='bbox 560 4365 588 4412; x_wconf 92' lang='lat' dir='ltr'>et</span> <span class='ocrx_word' id='word_1_726' title='bbox 600 4359 769 4428; x_wconf 89' lang='lat' dir='ltr'>argumentis</span> <span class='ocrx_word' id='word_1_727' title='bbox 789 4376 822 4414; x_wconf 85' lang='lat' dir='ltr'>ex</span> <span class='ocrx_word' id='word_1_728' title='bbox 839 4359 906 4429; x_wconf 90' lang='lat' dir='ltr'>ipsis</span> <span class='ocrx_word' id='word_1_729' title='bbox 918 4358 1001 4431; x_wconf 89' lang='lat' dir='ltr'>hujus</span> <span class='ocrx_word' id='word_1_730' title='bbox 1029 4362 1156 4428; x_wconf 79' lang='lat' dir='ltr'>melesio,</span> <span class='ocrx_word' id='word_1_731' title='bbox 1180 4362 1232 4412; x_wconf 83' lang='lat' dir='ltr'>sed</span> <span class='ocrx_word' id='word_1_732' title='bbox 1255 4361 1351 4429; x_wconf 79' lang='lat' dir='ltr'>petisse</span> <span class='ocrx_word' id='word_1_733' title='bbox 1382 4362 1417 4413; x_wconf 86' lang='lat' dir='ltr'>de</span> <span class='ocrx_word' id='word_1_734' title='bbox 1445 4364 1557 4415; x_wconf 84' lang='lat' dir='ltr'>mando.</span> <span class='ocrx_word' id='word_1_735' title='bbox 1589 4371 1611 4419; x_wconf 87' lang='lat'>1.</span> <span class='ocrx_word' id='word_1_736' title='bbox 1636 4362 1699 4418; x_wconf 83' lang='lat' dir='ltr'>Joln</span> <span class='ocrx_word' id='word_1_737' title='bbox 1725 4370 1755 4431; x_wconf 88' lang='lat'>4,</span> <span class='ocrx_word' id='word_1_738' title='bbox 1779 4382 1803 4418; x_wconf 84' lang='lat' dir='ltr'>v.</span> <span class='ocrx_word' id='word_1_739' title='bbox 1830 4371 1857 4419; x_wconf 75' lang='grc' dir='ltr'>δε</span> 
     </span>
     <span class='ocr_line' id='line_1_49' title="bbox 133 4443 1858 4518; baseline 0.001 -16"><span class='ocrx_word' id='word_1_740' title='bbox 133 4460 136 4474; x_wconf 88' lang='grc'><em>·</em></span> <span class='ocrx_word' id='word_1_741' title='bbox 171 4453 262 4502; x_wconf 83' lang='lat' dir='ltr'>textus</span> <span class='ocrx_word' id='word_1_742' title='bbox 279 4443 431 4499; x_wconf 77' lang='lat' dir='ltr'>rimeribus</span> <span class='ocrx_word' id='word_1_743' title='bbox 444 4444 671 4509; x_wconf 88' lang='lat' dir='ltr'>demonstramus,</span> <span class='ocrx_word' id='word_1_744' title='bbox 689 4445 791 4515; x_wconf 90' lang='lat' dir='ltr'>quibus</span> <span class='ocrx_word' id='word_1_745' title='bbox 809 4446 1002 4518; x_wconf 88' lang='lat' dir='ltr'>conjungimus</span> <span class='ocrx_word' id='word_1_746' title='bbox 1028 4446 1093 4516; x_wconf 84' lang='lat' dir='ltr'>Ipsi</span> <span class='ocrx_word' id='word_1_747' title='bbox 1105 4448 1141 4499; x_wconf 83' lang='lat' dir='ltr'>de</span> <span class='ocrx_word' id='word_1_748' title='bbox 1156 4447 1260 4499; x_wconf 77' lang='lat' dir='ltr'>mondo</span> <span class='ocrx_word' id='word_1_749' title='bbox 1279 4453 1354 4514; x_wconf 82' lang='lat' dir='ltr'>sant,</span> <span class='ocrx_word' id='word_1_750' title='bbox 1380 4447 1444 4501; x_wconf 86' lang='lat' dir='ltr'>ideo</span> <span class='ocrx_word' id='word_1_751' title='bbox 1462 4449 1497 4501; x_wconf 79' lang='lat' dir='ltr'>de</span> <span class='ocrx_word' id='word_1_752' title='bbox 1515 4452 1618 4502; x_wconf 85' lang='lat' dir='ltr'>mando</span> <span class='ocrx_word' id='word_1_753' title='bbox 1642 4451 1810 4518; x_wconf 80' lang='lat' dir='ltr'>loquantur,</span> <span class='ocrx_word' id='word_1_754' title='bbox 1834 4459 1858 4504; x_wconf 88' lang='lat' dir='ltr'>et</span> 
     </span>
     <span class='ocr_line' id='line_1_50' title="bbox 172 4529 1856 4605; baseline 0.002 -19"><span class='ocrx_word' id='word_1_755' title='bbox 172 4532 316 4605; x_wconf 87' lang='lat' dir='ltr'>sequentia</span> <span class='ocrx_word' id='word_1_756' title='bbox 333 4530 492 4600; x_wconf 87' lang='lat' dir='ltr'>Scripturas</span> <span class='ocrx_word' id='word_1_757' title='bbox 511 4529 593 4584; x_wconf 90' lang='lat' dir='ltr'>dicta.</span> <span class='ocrx_word' id='word_1_758' title='bbox 629 4529 770 4586; x_wconf 76' lang='lat' dir='ltr'>iohannes</span> <span class='ocrx_word' id='word_1_759' title='bbox 789 4531 919 4601; x_wconf 88' lang='lat' dir='ltr'>Baptista</span> <span class='ocrx_word' id='word_1_760' title='bbox 930 4533 1001 4588; x_wconf 87' lang='lat' dir='ltr'>Pha·</span> <span class='ocrx_word' id='word_1_761' title='bbox 1028 4534 1147 4585; x_wconf 84' lang='lat' dir='ltr'>mandas</span> <span class='ocrx_word' id='word_1_762' title='bbox 1166 4549 1214 4585; x_wconf 86' lang='lat' dir='ltr'>eos</span> <span class='ocrx_word' id='word_1_763' title='bbox 1231 4532 1321 4587; x_wconf 76' lang='grc'><strong>444111.</strong></span> <span class='ocrx_word' id='word_1_764' title='bbox 1357 4531 1476 4587; x_wconf 90' lang='lat' dir='ltr'>Possunt</span> <span class='ocrx_word' id='word_1_765' title='bbox 1488 4534 1599 4604; x_wconf 91' lang='lat' dir='ltr'>quidem</span> <span class='ocrx_word' id='word_1_766' title='bbox 1612 4534 1666 4590; x_wconf 88' lang='lat' dir='ltr'>dici</span> <span class='ocrx_word' id='word_1_767' title='bbox 1686 4536 1722 4590; x_wconf 90' lang='lat' dir='ltr'>de</span> <span class='ocrx_word' id='word_1_768' title='bbox 1740 4536 1856 4592; x_wconf 87' lang='lat' dir='ltr'>ecclesia</span> 
     </span>
     <span class='ocr_line' id='line_1_51' title="bbox 171 4616 1857 4693; baseline 0.002 -18"><span class='ocrx_word' id='word_1_769' title='bbox 171 4620 274 4675; x_wconf 88' lang='lat' dir='ltr'>risaeos</span> <span class='ocrx_word' id='word_1_770' title='bbox 303 4635 337 4673; x_wconf 90' lang='lat' dir='ltr'>ac</span> <span class='ocrx_word' id='word_1_771' title='bbox 370 4616 546 4673; x_wconf 87' lang='lat' dir='ltr'>Sadducaeos</span> <span class='ocrx_word' id='word_1_772' title='bbox 575 4622 657 4671; x_wconf 87' lang='lat' dir='ltr'>vocat</span> <span class='ocrx_word' id='word_1_773' title='bbox 687 4616 846 4690; x_wconf 75' lang='grc' dir='ltr'><em>γεννήματα</em></span> <span class='ocrx_word' id='word_1_774' title='bbox 883 4619 1002 4687; x_wconf 75' lang='grc' dir='ltr'>ἐχιδνῶν</span> <span class='ocrx_word' id='word_1_775' title='bbox 1027 4619 1133 4673; x_wconf 85' lang='lat' dir='ltr'>ratione</span> <span class='ocrx_word' id='word_1_776' title='bbox 1154 4617 1267 4689; x_wconf 88' lang='lat' dir='ltr'>originis</span> <span class='ocrx_word' id='word_1_777' title='bbox 1292 4624 1320 4672; x_wconf 92' lang='lat' dir='ltr'>et</span> <span class='ocrx_word' id='word_1_778' title='bbox 1343 4619 1493 4672; x_wconf 84' lang='lat' dir='ltr'>terminia</span> <span class='ocrx_word' id='word_1_779' title='bbox 1517 4638 1588 4689; x_wconf 76' lang='lat' dir='ltr'>qao,</span> <span class='ocrx_word' id='word_1_780' title='bbox 1618 4622 1683 4693; x_wconf 90' lang='lat' dir='ltr'>quia</span> <span class='ocrx_word' id='word_1_781' title='bbox 1708 4622 1813 4678; x_wconf 91' lang='lat' dir='ltr'>scilicet</span> <span class='ocrx_word' id='word_1_782' title='bbox 1830 4624 1857 4677; x_wconf 92' lang='lat' dir='ltr'>in</span> 
     </span>
     <span class='ocr_line' id='line_1_52' title="bbox 172 4701 1857 4777; baseline 0.002 -19"><span class='ocrx_word' id='word_1_783' title='bbox 172 4704 268 4759; x_wconf 81' lang='lat' dir='ltr'>Matth.</span> <span class='ocrx_word' id='word_1_784' title='bbox 295 4710 325 4771; x_wconf 88' lang='grc'>3,</span> <span class='ocrx_word' id='word_1_785' title='bbox 350 4722 375 4758; x_wconf 86' lang='lat' dir='ltr'>v.</span> <span class='ocrx_word' id='word_1_786' title='bbox 401 4711 425 4759; x_wconf 84' lang='grc'>1.</span> <span class='ocrx_word' id='word_1_787' title='bbox 445 4702 511 4774; x_wconf 89' lang='lat' dir='ltr'>quia</span> <span class='ocrx_word' id='word_1_788' title='bbox 530 4708 596 4756; x_wconf 89' lang='lat' dir='ltr'>sunt</span> <span class='ocrx_word' id='word_1_789' title='bbox 618 4701 765 4774; x_wconf 88' lang='lat' dir='ltr'>progenies</span> <span class='ocrx_word' id='word_1_790' title='bbox 783 4702 927 4760; x_wconf 88' lang='lat' dir='ltr'>infernalis</span> <span class='ocrx_word' id='word_1_791' title='bbox 945 4724 1000 4762; x_wconf 89' lang='lat' dir='ltr'>ser·</span> <span class='ocrx_word' id='word_1_792' title='bbox 1029 4705 1119 4760; x_wconf 91' lang='lat' dir='ltr'>medio</span> <span class='ocrx_word' id='word_1_793' title='bbox 1143 4704 1275 4760; x_wconf 89' lang='lat' dir='ltr'>ecclesiae</span> <span class='ocrx_word' id='word_1_794' title='bbox 1297 4711 1378 4759; x_wconf 90' lang='lat' dir='ltr'>coetu</span> <span class='ocrx_word' id='word_1_795' title='bbox 1402 4714 1572 4777; x_wconf 84' lang='lat' dir='ltr'>consurgunt</span> <span class='ocrx_word' id='word_1_796' title='bbox 1596 4715 1624 4761; x_wconf 94' lang='lat' dir='ltr'>et</span> <span class='ocrx_word' id='word_1_797' title='bbox 1648 4706 1775 4764; x_wconf 90' lang='lat' dir='ltr'>haereses</span> <span class='ocrx_word' id='word_1_798' title='bbox 1794 4726 1857 4765; x_wconf 87' lang='lat' dir='ltr'>suas</span> 
     </span>
     <span class='ocr_line' id='line_1_53' title="bbox 171 4788 1857 4865; baseline 0.002 -19"><span class='ocrx_word' id='word_1_799' title='bbox 171 4792 276 4862; x_wconf 82' lang='lat' dir='ltr'>pertis,</span> <span class='ocrx_word' id='word_1_800' title='bbox 302 4791 383 4859; x_wconf 87' lang='lat' dir='ltr'>cujus</span> <span class='ocrx_word' id='word_1_801' title='bbox 402 4805 494 4844; x_wconf 89' lang='lat' dir='ltr'>semen</span> <span class='ocrx_word' id='word_1_802' title='bbox 512 4795 691 4856; x_wconf 88' lang='lat' dir='ltr'>venenatum,</span> <span class='ocrx_word' id='word_1_803' title='bbox 724 4788 877 4846; x_wconf 87' lang='lat' dir='ltr'>haereticas</span> <span class='ocrx_word' id='word_1_804' title='bbox 896 4793 1002 4850; x_wconf 89' lang='lat' dir='ltr'>scilicet</span> <span class='ocrx_word' id='word_1_805' title='bbox 1028 4795 1171 4862; x_wconf 85' lang='lat' dir='ltr'>spargunt</span> <span class='ocrx_word' id='word_1_806' title='bbox 1195 4793 1290 4846; x_wconf 84' lang='lat' dir='ltr'>Actor.</span> <span class='ocrx_word' id='word_1_807' title='bbox 1309 4795 1355 4858; x_wconf 84' lang='lat'>20,</span> <span class='ocrx_word' id='word_1_808' title='bbox 1379 4809 1404 4846; x_wconf 88' lang='lat' dir='ltr'>v.</span> <span class='ocrx_word' id='word_1_809' title='bbox 1425 4793 1473 4847; x_wconf 78' lang='lat'>30:</span> <span class='ocrx_word' id='word_1_810' title='bbox 1502 4794 1547 4845; x_wconf 78' lang='lat' dir='ltr'>Ea</span> <span class='ocrx_word' id='word_1_811' title='bbox 1574 4794 1650 4847; x_wconf 73' lang='grc'><strong>44114</strong></span> <span class='ocrx_word' id='word_1_812' title='bbox 1676 4795 1748 4865; x_wconf 85' lang='lat' dir='ltr'>ipsis</span> <span class='ocrx_word' id='word_1_813' title='bbox 1767 4813 1857 4849; x_wconf 79' lang='lat' dir='ltr'>sasas·</span> 
     </span>
     <span class='ocr_line' id='line_1_54' title="bbox 172 4874 1858 4948; baseline 0.003 -19"><span class='ocrx_word' id='word_1_814' title='bbox 172 4875 329 4947; x_wconf 87' lang='lat' dir='ltr'>opiniones,</span> <span class='ocrx_word' id='word_1_815' title='bbox 355 4874 526 4944; x_wconf 88' lang='lat' dir='ltr'>concipiunt.</span> <span class='ocrx_word' id='word_1_816' title='bbox 545 4874 608 4930; x_wconf 77' lang='lat' dir='ltr'>doh.</span> <span class='ocrx_word' id='word_1_817' title='bbox 629 4879 659 4943; x_wconf 88' lang='lat'>8,</span> <span class='ocrx_word' id='word_1_818' title='bbox 687 4891 713 4930; x_wconf 84' lang='lat' dir='ltr'>r.</span> <span class='ocrx_word' id='word_1_819' title='bbox 734 4881 777 4932; x_wconf 91' lang='lat'>44.</span> <span class='ocrx_word' id='word_1_820' title='bbox 814 4876 941 4934; x_wconf 85' lang='lat' dir='ltr'>diabolus</span> <span class='ocrx_word' id='word_1_821' title='bbox 960 4886 1002 4934; x_wconf 91' lang='lat' dir='ltr'>est</span> <span class='ocrx_word' id='word_1_822' title='bbox 1028 4884 1092 4945; x_wconf 81' lang='lat' dir='ltr'>pent</span> <span class='ocrx_word' id='word_1_823' title='bbox 1109 4877 1166 4929; x_wconf 83' lang='lat' dir='ltr'>viri</span> <span class='ocrx_word' id='word_1_824' title='bbox 1185 4876 1325 4946; x_wconf 74' lang='lat' dir='ltr'>loquentes</span> <span class='ocrx_word' id='word_1_825' title='bbox 1341 4893 1484 4948; x_wconf 75' lang='lat' dir='ltr'>peruersa.</span> <span class='ocrx_word' id='word_1_826' title='bbox 1512 4885 1533 4933; x_wconf 95' lang='grc'>1.</span> <span class='ocrx_word' id='word_1_827' title='bbox 1554 4878 1618 4933; x_wconf 86' lang='lat' dir='ltr'>Joh.</span> <span class='ocrx_word' id='word_1_828' title='bbox 1640 4884 1670 4946; x_wconf 94' lang='grc'>2,</span> <span class='ocrx_word' id='word_1_829' title='bbox 1694 4897 1720 4932; x_wconf 83' lang='lat' dir='ltr'>v.</span> <span class='ocrx_word' id='word_1_830' title='bbox 1743 4886 1787 4936; x_wconf 84' lang='lat' dir='ltr'>te:</span> <span class='ocrx_word' id='word_1_831' title='bbox 1813 4882 1858 4935; x_wconf 78' lang='lat' dir='ltr'>Ea</span> 
     </span>
     <span class='ocr_line' id='line_1_55' title="bbox 167 4961 1860 5037; baseline 0.004 -23"><span class='ocrx_word' id='word_1_832' title='bbox 167 4971 252 5035; x_wconf 79' lang='lat' dir='ltr'>pater</span> <span class='ocrx_word' id='word_1_833' title='bbox 277 4961 424 5015; x_wconf 82' lang='lat' dir='ltr'>mendacii.</span> <span class='ocrx_word' id='word_1_834' title='bbox 473 4961 607 5015; x_wconf 88' lang='lat' dir='ltr'>Haereses</span> <span class='ocrx_word' id='word_1_835' title='bbox 633 4967 698 5015; x_wconf 90' lang='lat' dir='ltr'>sunt</span> <span class='ocrx_word' id='word_1_836' title='bbox 725 4963 878 5018; x_wconf 87' lang='lat' dir='ltr'>mendacia.</span> <span class='ocrx_word' id='word_1_837' title='bbox 927 4966 1002 5037; x_wconf 87' lang='lat' dir='ltr'>Ergo</span> <span class='ocrx_word' id='word_1_838' title='bbox 1028 4963 1107 5018; x_wconf 85' lang='lat' dir='ltr'>nobis</span> <span class='ocrx_word' id='word_1_839' title='bbox 1122 4964 1306 5030; x_wconf 76' lang='lat' dir='ltr'>prodierunt,</span> <span class='ocrx_word' id='word_1_840' title='bbox 1330 4965 1457 5018; x_wconf 85' lang='lat' dir='ltr'>sednon</span> <span class='ocrx_word' id='word_1_841' title='bbox 1484 4973 1564 5019; x_wconf 73' lang='lat' dir='ltr'>mant</span> <span class='ocrx_word' id='word_1_842' title='bbox 1583 4983 1615 5019; x_wconf 81' lang='lat' dir='ltr'>ea</span> <span class='ocrx_word' id='word_1_843' title='bbox 1631 4967 1727 5031; x_wconf 77' lang='grc'><strong>44614,</strong></span> <span class='ocrx_word' id='word_1_844' title='bbox 1752 4969 1860 5021; x_wconf 85' lang='lat' dir='ltr'>namsi</span> 
     </span>
     <span class='ocr_line' id='line_1_56' title="bbox 172 5029 1858 5122; baseline 0.004 -19"><span class='ocrx_word' id='word_1_845' title='bbox 172 5047 302 5104; x_wconf 85' lang='lat' dir='ltr'>haeretici</span> <span class='ocrx_word' id='word_1_846' title='bbox 322 5053 387 5101; x_wconf 86' lang='lat' dir='ltr'>aunt</span> <span class='ocrx_word' id='word_1_847' title='bbox 403 5045 453 5100; x_wconf 89' lang='lat' dir='ltr'>filii</span> <span class='ocrx_word' id='word_1_848' title='bbox 472 5045 585 5102; x_wconf 88' lang='lat' dir='ltr'>diaboli.</span> <span class='ocrx_word' id='word_1_849' title='bbox 621 5045 720 5102; x_wconf 85' lang='lat' dir='ltr'>Matth.</span> <span class='ocrx_word' id='word_1_850' title='bbox 742 5053 786 5117; x_wconf 89' lang='grc'>12,</span> <span class='ocrx_word' id='word_1_851' title='bbox 809 5065 836 5104; x_wconf 83' lang='lat' dir='ltr'>v.</span> <span class='ocrx_word' id='word_1_852' title='bbox 856 5055 898 5105; x_wconf 88' lang='grc'>39.</span> <span class='ocrx_word' id='word_1_853' title='bbox 916 5067 941 5108; x_wconf 88' lang='lat' dir='ltr'>c.</span> <span class='ocrx_word' id='word_1_854' title='bbox 962 5059 1002 5117; x_wconf 88' lang='grc'>16,</span> <span class='ocrx_word' id='word_1_855' title='bbox 1015 5029 1150 5113; x_wconf 69' lang='lat' dir='ltr'>isumsent</span> <span class='ocrx_word' id='word_1_856' title='bbox 1175 5064 1208 5100; x_wconf 81' lang='lat' dir='ltr'>ea</span> <span class='ocrx_word' id='word_1_857' title='bbox 1233 5050 1326 5118; x_wconf 80' lang='lat' dir='ltr'>nohis,</span> <span class='ocrx_word' id='word_1_858' title='bbox 1348 5053 1568 5119; x_wconf 83' lang='lat' dir='ltr'>permansissent</span> <span class='ocrx_word' id='word_1_859' title='bbox 1592 5054 1687 5122; x_wconf 78' lang='lat' dir='ltr'>ntique</span> <span class='ocrx_word' id='word_1_860' title='bbox 1712 5055 1858 5110; x_wconf 71' lang='lat' dir='ltr'>nobiscum</span> 
     </span>
    </p>
   </div>
   <div class='ocr_carea' id='block_1_3' title="bbox 171 5131 1860 5558">
    <p class='ocr_par' dir='ltr' id='par_1_3' title="bbox 171 5131 1860 5558">
     <span class='ocr_line' id='line_1_57' title="bbox 172 5131 1859 5208; baseline 0.004 -21"><span class='ocrx_word' id='word_1_861' title='bbox 172 5153 196 5187; x_wconf 87' lang='lat' dir='ltr'>v.</span> <span class='ocrx_word' id='word_1_862' title='bbox 217 5142 241 5189; x_wconf 91' lang='lat'>4.</span> <span class='ocrx_word' id='word_1_863' title='bbox 267 5133 392 5188; x_wconf 88' lang='lat' dir='ltr'>Christus</span> <span class='ocrx_word' id='word_1_864' title='bbox 417 5131 583 5187; x_wconf 84' lang='lat' dir='ltr'>Pharisaeos</span> <span class='ocrx_word' id='word_1_865' title='bbox 606 5138 634 5187; x_wconf 96' lang='grc'>41</span> <span class='ocrx_word' id='word_1_866' title='bbox 660 5133 764 5188; x_wconf 90' lang='lat' dir='ltr'>scribas</span> <span class='ocrx_word' id='word_1_867' title='bbox 791 5143 1003 5204; x_wconf 70' lang='grc'><strong>4444194444-</strong></span> <span class='ocrx_word' id='word_1_868' title='bbox 1029 5135 1085 5191; x_wconf 84' lang='lat' dir='ltr'>Sed</span> <span class='ocrx_word' id='word_1_869' title='bbox 1102 5135 1207 5189; x_wconf 88' lang='lat' dir='ltr'>ratione</span> <span class='ocrx_word' id='word_1_870' title='bbox 1226 5134 1404 5205; x_wconf 81' lang='lat' dir='ltr'>professionis</span> <span class='ocrx_word' id='word_1_871' title='bbox 1429 5154 1462 5192; x_wconf 91' lang='lat' dir='ltr'>ac</span> <span class='ocrx_word' id='word_1_872' title='bbox 1487 5138 1655 5208; x_wconf 89' lang='lat' dir='ltr'>pertinaciae</span> <span class='ocrx_word' id='word_1_873' title='bbox 1672 5139 1701 5193; x_wconf 90' lang='lat' dir='ltr'>in</span> <span class='ocrx_word' id='word_1_874' title='bbox 1723 5155 1813 5195; x_wconf 88' lang='lat' dir='ltr'>errore</span> <span class='ocrx_word' id='word_1_875' title='bbox 1832 5149 1859 5194; x_wconf 92' lang='lat' dir='ltr'>et</span> 
     </span>
     <span class='ocr_line' id='line_1_58' title="bbox 171 5219 1859 5293; baseline 0.006 -20"><span class='ocrx_word' id='word_1_876' title='bbox 171 5222 274 5273; x_wconf 84' lang='lat' dir='ltr'>tionem</span> <span class='ocrx_word' id='word_1_877' title='bbox 293 5219 419 5289; x_wconf 78' lang='grc' dir='ltr'><em>πονηρὰν</em></span> <span class='ocrx_word' id='word_1_878' title='bbox 437 5223 482 5272; x_wconf 78' lang='grc' dir='ltr'>καὶ</span> <span class='ocrx_word' id='word_1_879' title='bbox 494 5221 654 5290; x_wconf 71' lang='grc' dir='ltr'>μοιχαλίδα,</span> <span class='ocrx_word' id='word_1_880' title='bbox 665 5238 789 5289; x_wconf 66' lang='lat' dir='ltr'>masam</span> <span class='ocrx_word' id='word_1_881' title='bbox 806 5223 1004 5278; x_wconf 71' lang='grc'><strong>4144411444</strong></span> <span class='ocrx_word' id='word_1_882' title='bbox 1028 5229 1155 5292; x_wconf 86' lang='lat' dir='ltr'>respectu</span> <span class='ocrx_word' id='word_1_883' title='bbox 1181 5222 1294 5275; x_wconf 78' lang='lat' dir='ltr'>termini</span> <span class='ocrx_word' id='word_1_884' title='bbox 1315 5226 1357 5277; x_wconf 86' lang='lat' dir='ltr'>ad</span> <span class='ocrx_word' id='word_1_885' title='bbox 1375 5241 1454 5293; x_wconf 75' lang='lat' dir='ltr'>quem</span> <span class='ocrx_word' id='word_1_886' title='bbox 1489 5223 1620 5280; x_wconf 88' lang='lat' dir='ltr'>haeretici</span> <span class='ocrx_word' id='word_1_887' title='bbox 1647 5244 1704 5282; x_wconf 91' lang='lat' dir='ltr'>nou</span> <span class='ocrx_word' id='word_1_888' title='bbox 1733 5234 1797 5281; x_wconf 88' lang='lat' dir='ltr'>suut</span> <span class='ocrx_word' id='word_1_889' title='bbox 1825 5227 1859 5282; x_wconf 86' lang='lat' dir='ltr'>de</span> 
     </span>
     <span class='ocr_line' id='line_1_59' title="bbox 173 5305 1860 5383; baseline 0.006 -24"><span class='ocrx_word' id='word_1_890' title='bbox 173 5313 285 5376; x_wconf 89' lang='lat' dir='ltr'>propter</span> <span class='ocrx_word' id='word_1_891' title='bbox 295 5305 447 5361; x_wconf 89' lang='lat' dir='ltr'>haereticos</span> <span class='ocrx_word' id='word_1_892' title='bbox 458 5319 563 5359; x_wconf 88' lang='lat' dir='ltr'>errores</span> <span class='ocrx_word' id='word_1_893' title='bbox 583 5310 612 5358; x_wconf 91' lang='lat' dir='ltr'>et</span> <span class='ocrx_word' id='word_1_894' title='bbox 629 5305 721 5360; x_wconf 89' lang='lat' dir='ltr'>cultus</span> <span class='ocrx_word' id='word_1_895' title='bbox 742 5305 938 5376; x_wconf 81' lang='lat' dir='ltr'>idololatricae,</span> <span class='ocrx_word' id='word_1_896' title='bbox 956 5310 1003 5381; x_wconf 90' lang='lat' dir='ltr'>qui</span> <span class='ocrx_word' id='word_1_897' title='bbox 1029 5308 1152 5376; x_wconf 87' lang='lat' dir='ltr'>ecclesia,</span> <span class='ocrx_word' id='word_1_898' title='bbox 1173 5307 1222 5362; x_wconf 91' lang='lat' dir='ltr'>sed</span> <span class='ocrx_word' id='word_1_899' title='bbox 1241 5308 1276 5363; x_wconf 92' lang='lat' dir='ltr'>de</span> <span class='ocrx_word' id='word_1_900' title='bbox 1293 5310 1403 5380; x_wconf 89' lang='lat' dir='ltr'>mundo,</span> <span class='ocrx_word' id='word_1_901' title='bbox 1422 5312 1488 5382; x_wconf 90' lang='lat' dir='ltr'>quia</span> <span class='ocrx_word' id='word_1_902' title='bbox 1507 5319 1583 5367; x_wconf 91' lang='lat' dir='ltr'>etse</span> <span class='ocrx_word' id='word_1_903' title='bbox 1601 5312 1676 5383; x_wconf 86' lang='lat' dir='ltr'>ipsos</span> <span class='ocrx_word' id='word_1_904' title='bbox 1694 5317 1722 5367; x_wconf 93' lang='grc'>41</span> <span class='ocrx_word' id='word_1_905' title='bbox 1741 5315 1860 5369; x_wconf 86' lang='lat' dir='ltr'>asseclas</span> 
     </span>
     <span class='ocr_line' id='line_1_60' title="bbox 173 5389 1859 5468; baseline 0.005 -23"><span class='ocrx_word' id='word_1_906' title='bbox 173 5391 301 5446; x_wconf 89' lang='lat' dir='ltr'>adulterii</span> <span class='ocrx_word' id='word_1_907' title='bbox 328 5390 478 5461; x_wconf 88' lang='lat' dir='ltr'>spiritualis</span> <span class='ocrx_word' id='word_1_908' title='bbox 509 5389 617 5444; x_wconf 89' lang='lat' dir='ltr'>nomine</span> <span class='ocrx_word' id='word_1_909' title='bbox 645 5391 673 5444; x_wconf 90' lang='lat' dir='ltr'>iu</span> <span class='ocrx_word' id='word_1_910' title='bbox 701 5393 850 5463; x_wconf 81' lang='lat' dir='ltr'>scripturis</span> <span class='ocrx_word' id='word_1_911' title='bbox 880 5394 1003 5451; x_wconf 84' lang='lat' dir='ltr'>veniunt.</span> <span class='ocrx_word' id='word_1_912' title='bbox 1030 5410 1094 5449; x_wconf 86' lang='lat' dir='ltr'>suos</span> <span class='ocrx_word' id='word_1_913' title='bbox 1120 5409 1152 5447; x_wconf 87' lang='lat' dir='ltr'>ex</span> <span class='ocrx_word' id='word_1_914' title='bbox 1174 5408 1256 5449; x_wconf 81' lang='lat' dir='ltr'>verae</span> <span class='ocrx_word' id='word_1_915' title='bbox 1277 5395 1410 5451; x_wconf 87' lang='lat' dir='ltr'>eeclesiae</span> <span class='ocrx_word' id='word_1_916' title='bbox 1432 5398 1536 5468; x_wconf 86' lang='lat' dir='ltr'>gremio</span> <span class='ocrx_word' id='word_1_917' title='bbox 1561 5399 1684 5453; x_wconf 84' lang='lat' dir='ltr'>avellunt</span> <span class='ocrx_word' id='word_1_918' title='bbox 1701 5406 1738 5454; x_wconf 90' lang='lat' dir='ltr'>·et</span> <span class='ocrx_word' id='word_1_919' title='bbox 1757 5401 1859 5454; x_wconf 90' lang='lat' dir='ltr'>mundo</span> 
     </span>
     <span class='ocr_line' id='line_1_61' title="bbox 174 5476 1860 5558; baseline 0.007 -28"><span class='ocrx_word' id='word_1_920' title='bbox 174 5477 217 5532; x_wconf 84' lang='lat' dir='ltr'>lta</span> <span class='ocrx_word' id='word_1_921' title='bbox 240 5492 351 5547; x_wconf 89' lang='lat' dir='ltr'>quoque</span> <span class='ocrx_word' id='word_1_922' title='bbox 374 5477 427 5532; x_wconf 87' lang='lat' dir='ltr'>hoc</span> <span class='ocrx_word' id='word_1_923' title='bbox 451 5476 512 5531; x_wconf 91' lang='lat' dir='ltr'>loco</span> <span class='ocrx_word' id='word_1_924' title='bbox 539 5477 594 5528; x_wconf 78' lang='grc' dir='ltr'>υἱοὶ</span> <span class='ocrx_word' id='word_1_925' title='bbox 623 5479 748 5549; x_wconf 77' lang='grc' dir='ltr'><strong><em>πονηροῦ</em></strong></span> <span class='ocrx_word' id='word_1_926' title='bbox 765 5486 838 5538; x_wconf 67' lang='grc' dir='ltr'>Γ4441</span> <span class='ocrx_word' id='word_1_927' title='bbox 866 5477 1008 5550; x_wconf 87' lang='lat' dir='ltr'>haeretici,</span> <span class='ocrx_word' id='word_1_928' title='bbox 1032 5480 1132 5536; x_wconf 89' lang='lat' dir='ltr'>iterum</span> <span class='ocrx_word' id='word_1_929' title='bbox 1150 5478 1303 5538; x_wconf 78' lang='lat' dir='ltr'>involvunt.</span> <span class='ocrx_word' id='word_1_930' title='bbox 1327 5481 1369 5536; x_wconf 87' lang='lat' dir='ltr'>Ex</span> <span class='ocrx_word' id='word_1_931' title='bbox 1386 5483 1437 5537; x_wconf 90' lang='lat' dir='ltr'>hoc</span> <span class='ocrx_word' id='word_1_932' title='bbox 1455 5499 1522 5554; x_wconf 90' lang='lat' dir='ltr'>ergo</span> <span class='ocrx_word' id='word_1_933' title='bbox 1540 5484 1689 5555; x_wconf 87' lang='lat' dir='ltr'>parabolae</span> <span class='ocrx_word' id='word_1_934' title='bbox 1708 5503 1794 5558; x_wconf 91' lang='lat' dir='ltr'>scopo</span> <span class='ocrx_word' id='word_1_935' title='bbox 1804 5488 1860 5542; x_wconf 85' lang='lat' dir='ltr'>tale</span> 
     </span>
    </p>
   </div>
   <div class='ocr_carea' id='block_1_4' title="bbox 0 0 2021 6004">
    <p class='ocr_par' dir='ltr' id='par_1_4' title="bbox 0 0 2021 6004">
     <span class='ocr_line' id='line_1_62' title="bbox 0 0 2021 6004; baseline 0 0"><span class='ocrx_word' id='word_1_936' title='bbox 0 0 2021 6004; x_wconf 95' lang='lat' dir='ltr'> </span> 
     </span>
    </p>
   </div>
  </div>
 </body>
</html>
