4020 6014
218 191 279 248 850
796 180 920 238 Locus
937 177 1142 238 monemus
1160 176 1340 244 QUARTUS

217 334 359 390 Lutherus
385 336 422 390 ad
452 335 582 390 (larolum
611 336 804 406 imperatorem
832 335 954 405 scripsit,
988 349 1052 385 con·
1079 348 1146 385 cura
1175 333 1315 404 religionis
1347 337 1376 387 et
1405 350 1545 387 sacrorum
1575 333 1770 404 magistratum
1803 320 1916 403 penitus

215 424 318 490 supere
341 439 370 474 se
397 423 552 475 Athanasii
576 422 700 490 coempto
727 422 769 473 ad
798 421 888 490 ipsum
913 421 988 472 vetut
1011 419 1053 470 ad
1078 417 1238 486 excludunt,
1258 418 1302 473 vel
1320 419 1342 471 si
1358 418 1427 473 dicis
1445 434 1530 473 causa
1550 420 1707 482 admittunt,
1727 424 1915 473 exsecutorem

218 526 299 560 aram
325 508 557 577 praesidiumque
590 509 699 577 lepum,
730 524 814 561 orare
846 514 876 559 ut
904 507 1051 560 doctrinae
1078 520 1185 573 eorum,
1205 521 1276 576 quae
1293 506 1402 560 aclero
1420 511 1623 571 statutarum,
1646 506 1783 559 duntaxat
1803 503 1916 557 faciunt.

221 592 400 646 Christianae
424 594 540 647 tutelam
564 594 701 661 mascipiat
725 609 807 661 seque
832 600 930 646 contra
955 593 1052 646 simet
1081 590 1273 661 t'‘Principes,
1292 592 1339 662 qui
1360 609 1403 645 res
1422 593 1625 646 ecclesiasticas
1643 592 1805 661 attingunt,
1832 589 1916 644 Baro·

219 680 354 747 injuriam
372 696 479 732 amnem
500 681 650 746 absordet,
670 696 811 748 quousque
830 682 865 732 de
886 694 972 731 caasa
989 694 1052 729 con·
1080 675 1141 728 nius
1159 676 1264 747 ubique
1281 677 1435 731 maledictis
1463 677 1591 743 incessit,
1616 694 1699 730 arisus
1724 677 1807 731 etiam
1833 692 1914 746 reges

217 765 329 830 stiterit,
348 767 400 818 boc
419 767 460 818 ad
477 766 602 834 officiam
620 765 710 832 ipsias
725 766 877 832 pertinere.
906 761 1053 817 Sleidanus
1080 765 1187 816 veteres
1205 762 1375 817 Francorum
1394 779 1454 817 eam
1473 762 1508 817 ob
1527 779 1639 816 causam
1654 778 1815 831 comparare
1835 762 1916 815 latro·

218 850 268 904 lib.
294 856 318 905 2.
346 866 442 904 comm.
467 849 486 902 f.
509 856 551 904 42.
572 849 654 903 Anno
683 854 757 905 1521.
777 848 804 902 iu
828 848 915 903 literis
939 847 974 901 ad
993 827 1161 935 Fri-§nibus
1180 848 1209 900 in
1229 848 1315 917 sylvis
1344 865 1416 903 anno
1442 848 1556 902 Domini
1581 856 1639 904 855.
1666 848 1823 918 principum
1850 846 1917 901 fide·

220 934 342 990 derioum
362 936 498 991 Saxouiae
515 934 661 990 electorem
680 936 849 989 vehementer
866 935 921 987 sibi
943 933 1121 1002 pratum'les
1155 933 1341 1002 consiliarios,
1372 935 1419 1005 qui
1439 937 1505 1005 jura
1528 952 1639 988 suorum
1668 950 1763 1004 regum
1784 934 1917 987 moerens

220 1036 277 1072 esse
289 1020 391 1088 scribit,
408 1023 484 1088 prod
502 1037 600 1073 caesar
619 1021 703 1084 buius
720 1015 830 1083 causae,
851 1036 923 1087 quae
936 1019 1055 1088 publica
1080 1017 1185 1071 oudam
1203 1019 1357 1073 Romanam
1382 1019 1550 1087 defendunt,
1577 1020 1643 1076 locis
1662 1020 1813 1074 innumeris
1834 1024 1917 1074 teter-

220 1106 270 1174 sit,
305 1108 488 1173 capnitionem
513 1107 554 1158 ad
580 1123 609 1158 se
633 1106 759 1174 recipiat.
797 1105 943 1161 Sleidanus
963 1103 1010 1157 lib.
1031 1109 1054 1158 3,
1084 1103 1171 1157 rimae
1198 1104 1313 1159 damnat
1333 1110 1487 1173 haereseos,
1513 1123 1603 1178 neque
1628 1105 1704 1160 aliud
1724 1106 1845 1160 occurrit
1864 1104 1917 1158 fre-

176 1260 179 1268 ,
220 1192 239 1244 f.
266 1198 306 1245 55.
344 1191 377 1244 lu
401 1207 499 1245 recess.
530 1190 640 1260 imperii
666 1190 694 1243 iu
722 1190 813 1244 comit.
838 1190 957 1260 August.
983 1205 1055 1243 auno
1082 1189 1212 1259 quentius
1248 1189 1277 1242 in
1313 1190 1513 1261 posterioribus
1543 1191 1625 1246 tomis
1655 1209 1737 1262 quam
1771 1191 1918 1244 haereseos

224 1281 296 1331 1530.
314 1273 340 1350 ξ.
378 1278 503 1346 itotbbtm
522 1278 582 1332 obet
606 1276 756 1345 imperator
780 1274 937 1347 appellatur
960 1293 1055 1344 supra·
1083 1274 1260 1343 politicorum
1277 1275 1415 1330 dirissima
1433 1277 1626 1332 detestatio*
1663 1276 1733 1330 Cum
1752 1275 1869 1330 Carolus
1883 1275 1917 1330 V,

222 1363 426 1416 namecclesiae
440 1371 588 1431 patronus,
607 1364 651 1417 bet
664 1360 851 1431 corrnerunt
869 1357 912 1416 bet
924 1360 1054 1430 bbrtftrns
1082 1360 1230 1429 imperator
1256 1361 1291 1415 de
1315 1360 1436 1414 dissidiis
1465 1362 1607 1432 religionis
1631 1346 1754 1415 solicitus
1778 1361 1918 1430 colloquia

222 1450 283 1516 brit.
332 1449 414 1502 Anno
451 1454 523 1505 1533.
562 1449 751 1503 Protestantes
785 1447 876 1517 legato
908 1445 1055 1501 Pontificio
1081 1450 1110 1499 et
1135 1450 1289 1500 conventus
1316 1445 1488 1514 institueret,
1517 1446 1664 1500 concilium
1689 1447 1861 1516 promitteret
1885 1461 1917 1498 ac

221 1533 335 1604 Hugoni
346 1535 491 1607 Raugouo,
510 1550 592 1605 quem
606 1534 726 1588 caesaris
738 1533 847 1604 legatus
862 1531 1055 1596 comitabatur,
1081 1547 1178 1600 pacem
1198 1530 1334 1585 ecclesiae
1352 1531 1469 1587 reddere
1489 1532 1637 1597 laboraret,
1659 1532 1781 1603 graviter
1797 1531 1851 1584 hoc
1870 1548 1917 1583 no-

220 1619 292 1674 inter
310 1627 403 1674 cetera
425 1620 454 1672 in
476 1619 549 1673 hane
573 1619 737 1674 seutentiam
760 1618 970 1689 responderunt,
993 1634 1055 1669 cum
1082 1618 1154 1670 mine
1171 1634 1189 1671 a
1206 1616 1294 1671 Paulo
1315 1616 1365 1670 ΙΙΙ.
1390 1616 1522 1688 pontifice
1541 1622 1664 1672 Romano
1690 1617 1744 1672 fuit
1771 1617 1916 1688 reprehen-

108 1705 365 1780 11V·⁸t·pasrntato
386 1706 582 1758 dedesiderio
603 1713 661 1758 tum
685 1706 810 1758 caesaris
836 1712 892 1757 tum
925 1704 1054 1757 ordinum
1081 1719 1142 1765 sus,
1166 1702 1214 1773 qui
1237 1702 1329 1757 liberas
1353 1703 1390 1757 ad
1414 1703 1505 1772 ipsum
1530 1703 1609 1758 dedit
1632 1709 1673 1759 24.
1698 1704 1818 1776 August.
1844 1720 1917 1757 anuo

221 1793 334 1863 imperii
349 1792 481 1861 pontifex
499 1794 622 1845 nondum
640 1792 814 1859 satisfaciat,
837 1805 921 1843 orare
946 1805 975 1840 se
989 1788 1055 1856 plu·
1084 1791 1158 1842 1544.
1182 1788 1212 1841 in
1236 1788 1337 1859 quibus
1362 1788 1434 1844 inter
1459 1794 1551 1843 cetera
1577 1789 1616 1843 sic
1642 1788 1754 1844 scribit:
1789 1789 1856 1845 Cum
1881 1791 1916 1840 de

218 1880 335 1941 rimam,
359 1884 390 1929 ut
409 1876 518 1930 Caesar
535 1878 716 1930 considerata
735 1893 837 1930 causae
855 1874 1054 1942 mapaitudine,
1080 1873 1199 1926 concilio
1218 1875 1348 1941 pennati
1365 1883 1501 1942 tanquam
1520 1877 1555 1928 de
1580 1876 1703 1928 remedio
1726 1877 1848 1928 omnium
1867 1893 1916 1944 op-

220 1980 292 2032 puae
303 1964 463 2015 uniuersam
479 1962 680 2031 rempublicam
693 1970 718 2016 et
730 1978 823 2015 omnes
837 1961 967 2014 nationes
980 1977 1052 2013 com·
1076 1961 1280 2025 portunissimo
1299 1961 1419 2029 afflictis
1438 1961 1574 2014 makmas
1593 1962 1675 2014 rebus
1694 1967 1721 2014 et
1739 1962 1830 2029 ipsius
1845 1959 1916 2013 Ger·

215 2049 363 2117 plectitur,
391 2049 438 2100 det
455 2063 585 2116 operam,
603 2055 633 2101 ut
650 2048 772 2117 lepitime
790 2062 835 2099 res
853 2053 969 2113 apatur,
987 2060 1054 2096 nam
1081 2044 1193 2097 maniae
1213 2046 1376 2099 mentionem
1396 2047 1487 2115 facis,
1511 2047 1556 2100 vel
1579 2049 1613 2100 de
1639 2046 1795 2115 nationali,
1819 2048 1863 2099 cel
1882 2049 1916 2098 de

220 2135 270 2188 trac
288 2135 378 2202 ipsius
397 2149 455 2186 esse
473 2135 599 2202 officiam
617 2135 696 2202 es'que
711 2135 794 2187 licere
808 2133 922 2202 lapibus,
940 2133 1054 2201 quando
1079 2131 1179 2192 futsrro
1201 2133 1242 2183 ad
1256 2132 1416 2201 proximam
1436 2140 1596 2185 autumnum
1611 2132 1757 2201 imperiali
1775 2139 1915 2194 corsoeatu,

219 2220 304 2274 videt.
341 2221 474 2288 pontifex
512 2221 658 2273 cuiatem
699 2220 854 2287 impupnat,
908 2216 1054 2272 Sleidanus
1080 2216 1111 2267 in
1129 2233 1183 2283 quo
1202 2218 1238 2269 de
1255 2217 1393 2285 relipione
1407 2219 1559 2287 ceterisque
1577 2219 1669 2282 rebus,
1688 2235 1759 2286 puae
1777 2220 1818 2270 ad
1835 2217 1914 2270 illam

219 2304 266 2360 lib.
295 2309 318 2360 8.
346 2310 489 2359 comment.
513 2304 532 2361 f.
558 2309 617 2360 233.
654 2303 726 2361 vide
752 2303 836 2358 ctiam
859 2301 1002 2357 Brentium
1026 2299 1054 2352 iu
1077 2304 1233 2371 pertinent,
1260 2310 1385 2356 tractare
1402 2303 1562 2372 promittis,
1587 2304 1628 2356 ita
1647 2304 1725 2371 apis,
1748 2304 1790 2357 ita
1808 2305 1916 2365 stantis,

219 2391 304 2460 praei.
321 2391 393 2460 apol.
414 2389 486 2444 conf.
506 2390 652 2445 Wirtcmb.
670 2397 767 2443 contra
785 2389 899 2442 Petrum
915 2403 932 2440 a
951 2386 1025 2441 Soto.
1081 2394 1112 2439 at
1129 2389 1293 2455 supprimas
1312 2389 1374 2456 ejas
1393 2405 1491 2459 nomm
1511 2389 1620 2456 ubique,
1646 2390 1691 2440 cui
1709 2387 1807 2442 divina
1824 2398 1850 2442 st
1868 2391 1914 2441 tsn-

256 2481 312 2531 17⁴.
345 2476 392 2529 Ad
416 2475 467 2529 has
494 2474 638 2545 generales
663 2474 784 2529 rationes
811 2478 938 2544 respectu
956 2471 1052 2525 Prote·
1080 2490 1166 2525 mana
1195 2474 1265 2541 jara
1296 2474 1470 2542 approbante
1508 2481 1549 2527 tot
1586 2474 1743 2527 secutorum
1784 2493 1917 2529 consensu

220 2561 352 2615 smutium
371 2560 527 2632 principum
545 2559 800 2630 acceditquaedam
813 2557 951 2628 specialis,
970 2556 1053 2611 ridel.
1080 2575 1238 2628 supremam
1256 2561 1457 2627 cum‘copendi
1473 2559 1609 2623 concam,
1634 2568 1691 2612 tum
1713 2561 1858 2613 statuendi
1882 2562 1916 2612 dc

219 2646 380 2701 cruentatio
403 2644 604 2715 pacificationis
626 2645 831 2708 Passariensis,
864 2660 921 2714 qua
942 2649 1053 2696 cautum
1080 2646 1125 2698 bis
1144 2653 1170 2698 et
1191 2647 1360 2713 ordinandi,
1390 2663 1461 2714 quae
1480 2647 1521 2699 ad
1539 2646 1672 2698 eccleciae
1688 2647 1825 2701 unitatem
1842 2646 1915 2698 utiti-

221 2740 270 2800 est,
289 2748 325 2786 ne
336 2732 503 2800 jurisdictio
522 2732 714 2784 ecclesiactica
732 2731 768 2785 ab
787 2729 923 2801 episcopis
944 2728 1053 2783 Pontifi-
1080 2738 1218 2800 tatempuc
1238 2740 1379 2801 spectant,
1411 2730 1607 2785 auctoritatem
1631 2733 1776 2786 dederunt.
1817 2731 1917 2786 Postea

220 2819 269 2872 ciis
293 2818 425 2872 adversus
452 2819 635 2888 Augustanos
659 2814 838 2872 confessionis
862 2816 950 2869 socios
978 2830 1053 2869 exer·
1079 2824 1222 2886 comparat
1245 2818 1402 2872 instinctum
1427 2817 1600 2889 imperatoris
1628 2818 1708 2877 sacto
1739 2818 1811 2870 Usas
1831 2834 1917 2870 arcae

220 2909 336 2959 caretur.
385 2902 490 2974 Vigore
519 2901 602 2972 hujus
628 2901 831 2956 constitutionis
857 2902 931 2970 jura
957 2902 1060 2970 episco-
1079 2903 1191 2955 ruinam
1209 2899 1329 2956 minanti
1345 2920 1457 2955 manum
1476 2903 1662 2971 admonentis,
1681 2903 1817 2956 seditioni
1838 2904 1916 2968 Care,

217 2991 300 3061 palia
338 2991 366 3042 iu
403 2988 553 3059 provinciis
585 2993 707 3042 statuum
742 2987 966 3059 evangelicorum
999 3003 1054 3041 non
1082 2989 1201 3041 Datban
1220 2997 1245 3041 et
1271 2989 1382 3041 Abiran
1408 2990 1546 3042 aduersus
1567 2988 1686 3055 Mopsen
1711 2996 1738 3041 et
1764 2989 1915 3055 Aaronem,

220 3076 338 3145 amplius
357 3075 494 3144 episcopis
515 3090 664 3144 corumque
682 3072 864 3137 officialibus,
883 3072 932 3126 sed
951 3072 1052 3143 princi·
1080 3075 1230 3127 temnnati
1262 3074 1343 3126 Usiae
1373 3074 1513 3126 incensum
1540 3074 1570 3126 in
1598 3075 1689 3126 attari
1716 3075 1860 3128 adolentis
1890 3083 1917 3129 et

218 3161 301 3232 pibus
321 3162 370 3231 jus
398 3160 528 3214 territorii
555 3159 722 3214 habentibus
748 3164 917 3228 competunt.
963 3158 1053 3222 Quae·
1081 3160 1170 3215 addit:
1191 3167 1233 3213 An
1251 3179 1306 3214 non
1320 3168 1415 3228 putas,
1433 3161 1483 3213 boc
1502 3161 1643 3214 incensum
1662 3177 1721 3214 esse
1740 3178 1835 3215 coram
1852 3162 1915 3215 Deo

219 3263 328 3317 cunque
346 3245 433 3315 igitur
452 3245 488 3298 ad
503 3247 552 3314 jus
570 3243 726 3314 episcopale
739 3244 886 3314 pertinent,
905 3261 939 3299 ea
959 3245 1054 3315 rigore
1081 3247 1156 3315 lepes
1176 3248 1211 3299 de
1231 3247 1369 3314 relipione
1389 3245 1526 3299 sanciret
1555 3248 1608 3298 Est
1633 3246 1746 3314 quidem
1764 3247 1915 3315 incensum,

219 3333 303 3403 hujus
324 3331 427 3387 decreti
446 3331 585 3402 principes
603 3330 765 3400 Evangelici
783 3331 813 3385 in
829 3330 886 3384 suis
908 3330 1052 3384 territoriis
1080 3333 1166 3400 idque
1186 3334 1305 3385 omnium
1324 3334 1387 3386 Deo
1406 3331 1611 3400 protiosimum,
1640 3334 1691 3386 sed
1708 3350 1764 3385 non
1782 3341 1824 3385 est
1842 3341 1915 3385 tuam

218 3424 360 3486 exercent,
400 3434 434 3472 ea
463 3422 557 3471 nmen
585 3416 691 3471 ratione
719 3432 752 3470 ac
784 3415 986 3485 moderamine,
1021 3421 1053 3470 ut
1080 3436 1179 3470 mansas
1195 3419 1278 3486 iliud,
1299 3419 1460 3488 imperator,
1479 3426 1518 3470 est
1537 3420 1714 3470 sacedotum
1733 3420 1859 3486 Domini,
1877 3429 1916 3473 ast
1930 3424 2002 3466 nrt

219 3506 356 3578 quaedam
390 3504 426 3559 ad
454 3506 502 3574 jus
533 3503 602 3557 illud
634 3503 790 3575 spectantia
822 3502 980 3557 immediate
1005 3520 1054 3573 per
1081 3485 1203 3557 abstram
1221 3505 1370 3573 inprimis,
1397 3505 1497 3572 quibus
1516 3507 1597 3557 Deus
1618 3511 1786 3572 potestatem
1803 3506 1918 3573 lipardi

220 3608 249 3646 se
267 3592 506 3662 ipsos,quaedam
524 3590 728 3661 perjudicium
754 3589 972 3646 ecclesiasticum
996 3591 1054 3646 sive
1080 3598 1107 3644 et
1131 3591 1260 3643 soluendi
1286 3592 1372 3645 dedit.
1413 3592 1472 3643 Nec
1495 3598 1520 3643 te
1544 3599 1655 3642 accusat
1681 3589 1810 3660 (inquit),
1840 3595 1918 3661 qaod

219 3676 420 3742 consistorium,
431 3678 626 3747 quaedamper
634 3677 892 3747 superintendentes
905 3693 970 3731 suos
979 3694 1053 3732 exer·
1080 3685 1207 3730 sanctum
1224 3678 1260 3730 sit
1278 3678 1387 3741 factum
1402 3678 1448 3731 cet
1460 3680 1538 3746 quod
1547 3695 1604 3731 non
1620 3685 1795 3747 perpetuam,
1814 3681 1867 3732 sed
1877 3683 1918 3733 ad

222 3771 311 3831 ceant,
322 3779 377 3834 qua
389 3763 425 3816 de
433 3762 501 3818 rein
512 3763 573 3817 loco
581 3763 616 3817 de
628 3763 779 3820 ministerio
788 3762 871 3817 latius
878 3763 933 3817 fuit
941 3763 1053 3818 dictum.
1081 3770 1196 3831 tempus,
1217 3763 1268 3817 boo
1286 3771 1327 3817 est
1345 3780 1432 3833 usque
1450 3766 1491 3817 ad
1503 3765 1639 3830 ficturum
1658 3763 1810 3817 concilium
1829 3765 1916 3818 dura·

258 3855 312 3905 ¹75.
353 3848 599 3920 ititAnabaptistae
617 3846 733 3919 fingunt,
754 3849 858 3918 primae
877 3848 990 3905 tabulae
1008 3866 1054 3904 cu·
1081 3857 1160 3903 taras
1179 3850 1254 3919 tapes
1272 3849 1394 3903 laturrm
1414 3858 1440 3902 te
1459 3867 1517 3903 esse
1542 3850 1639 3917 amas,
1664 3855 1695 3900 at
1718 3850 1793 3902 enim
1817 3851 1851 3903 id
1862 3867 1917 3919 per

220 3934 337 3988 stodiam
356 3935 530 4005 magistratui
548 3950 603 3988 nou
621 3951 681 3989 esse
700 3935 903 4004 demandatam,
923 3936 1054 4005 diceutes,
1080 3952 1110 3989 se
1124 3937 1203 4005 pium
1221 3936 1266 4000 sit,
1284 3943 1375 3988 tamen
1396 3936 1425 3987 in
1442 3952 1484 4001 co,
1504 3936 1551 3987 cui
1563 3936 1643 3988 Dens
1662 3934 1713 3988 boc
1732 3936 1916 3988 ministerium

142 4040 149 4054 ·
220 4023 262 4074 ad
279 4021 460 4087 asapastratus
477 4021 568 4073 acilas
588 4021 705 4088 judicia
725 4038 782 4074 non
803 4023 946 4089 pertinere
970 4024 1054 4083 tidem
1081 4023 1248 4085 condedit,
1276 4021 1394 4074 manime
1418 4029 1457 4073 est
1477 4021 1601 4089 impium.
1645 4020 1739 4074 Samis
1764 4022 1838 4074 enim
1864 4022 1917 4075 tior·

221 4113 303 4174 arpa
323 4106 532 4173 infidelitatem,
561 4121 632 4174 pisae
650 4107 705 4158 sint
723 4123 770 4159 res
796 4107 974 4175 spirituales,
999 4124 1055 4160 non
1074 4110 1139 4177 jam
1157 4125 1315 4178 personam,
1333 4123 1405 4176 puae
1418 4107 1543 4176 propria
1562 4115 1603 4160 est
1621 4108 1686 4171 Dei,
1707 4109 1755 4159 cui
1771 4109 1862 4161 solum
1880 4110 1916 4162 ds

220 4190 335 4255 siosles;
366 4192 463 4252 fcrlsas
483 4191 629 4243 doctrinas
648 4196 675 4242 et
692 4191 793 4258 impios
812 4191 903 4244 cultus
922 4210 979 4246 non
997 4210 1055 4247 esse
1081 4196 1272 4248 sacerdotibus
1285 4194 1429 4262 judicium
1441 4194 1618 4263 relinquitur,
1638 4211 1721 4262 paam
1740 4210 1774 4246 ne
1792 4197 1834 4247 ad
1851 4203 1915 4248 tam

216 4283 356 4345 potestate
387 4276 467 4329 cicili
502 4276 679 4343 abropandos
708 4276 759 4329 cel
793 4279 976 4346 amovendos,
1006 4294 1055 4331 nec
1080 4300 1133 4350 pus
1155 4282 1268 4350 pridem
1289 4283 1419 4349 cuiquam
1442 4297 1549 4334 sssnrere
1572 4282 1644 4335 licet.
1679 4280 1716 4333 Et
1741 4287 1851 4351 postea:
1884 4281 1917 4335 sc·

220 4371 350 4416 auctores
365 4380 460 4416 corum
473 4370 499 4415 et
512 4362 742 4416 disseminatores
755 4363 923 4432 pendendas.
959 4366 1054 4432 Mapi-
1078 4367 1209 4437 pluribus
1229 4368 1421 4434 dissuasimus,
1441 4384 1476 4420 ne
1493 4369 1523 4420 in
1537 4367 1752 4437 disceptationes
1767 4370 1916 4436 superbis,

218 4456 322 4501 stratio
341 4449 468 4518 officium
485 4465 542 4501 non
557 4449 701 4516 pertinere
721 4449 762 4502 ad
780 4449 924 4502 ecclesiam
942 4450 1054 4508 ebriati.
1082 4470 1152 4522 puae
1171 4455 1212 4506 ad
1230 4453 1394 4522 relipionem
1409 4454 1566 4522 pertinent,
1584 4455 1791 4522 componendas
1802 4456 1854 4523 jus
1867 4452 1917 4507 tibi

218 4534 251 4587 lu
269 4535 405 4605 colloquio
429 4534 592 4603 Embdensl,
615 4536 730 4603 repotia
755 4537 790 4588 de
814 4537 945 4590 doctrina
969 4538 1053 4591 eccle·
1080 4540 1123 4593 uel
1154 4539 1349 4593 auctoritatem
1380 4555 1516 4603 sumeres,
1548 4557 1603 4592 non
1631 4539 1664 4591 ob
1687 4540 1720 4591 id
1744 4541 1916 4608 scripsimus,

218 4621 279 4673 sias
303 4622 362 4673 Dei
382 4621 492 4687 judicio
517 4637 575 4672 esse
599 4622 788 4689 relinquenda
802 4624 889 4690 jacta
907 4622 1054 4677 consilium
1081 4627 1157 4694 parad
1167 4626 1383 4693 disceptationes
1401 4626 1532 4694 componi
1542 4643 1598 4678 aon
1615 4626 1734 4677 manime
1747 4632 1915 4694 optaremus,

221 4704 392 4759 Gamalielis
412 4708 475 4761 Act.
496 4709 713 4761 arcaniorem
736 4710 777 4760 ad
793 4709 943 4777 pietatem,
965 4711 1006 4762 ad
1019 4710 1055 4778 fi·
1081 4712 1132 4765 sed
1152 4718 1183 4763 ut
1202 4711 1333 4780 exemplis
1353 4718 1410 4763 tum
1437 4727 1469 4763 ea
1496 4711 1594 4764 divina
1616 4710 1780 4779 Scriptura,
1810 4719 1868 4764 tum
1886 4728 1917 4765 ec

220 4793 296 4858 dem,
315 4795 356 4845 ad
372 4810 471 4846 sacrm
491 4793 645 4861 condones,
672 4795 713 4846 ad
737 4795 900 4859 orationem,
919 4796 960 4847 ad
976 4812 1055 4848 umam
1081 4795 1278 4850 ecolemasticis
1302 4796 1428 4849 historias
1455 4797 1550 4849 citatis
1574 4804 1600 4849 te
1627 4799 1855 4864 admoneremus,
1884 4814 1918 4850 ne

219 4894 320 4932 coenae
345 4879 458 4945 efficere
478 4879 654 4948 hypocritas,
685 4888 712 4932 et
741 4880 850 4933 idcirco
875 4882 1012 4934 neminem
1036 4899 1055 4934 a
1082 4882 1159 4951 qaod
1181 4882 1222 4935 ad
1238 4890 1313 4934 tuum
1342 4881 1525 4934 ministerium
1550 4899 1604 4935 non
1631 4883 1766 4950 pertinet,
1789 4883 1850 4952 ipse
1871 4884 1920 4937 tibi

219 4965 386 5034 »capistrata
412 4979 472 5018 esse
500 4969 669 5032 aspendum,
698 4966 783 5029 cidem
808 4966 962 5033 pratuitum
998 4983 1056 5020 esse
1083 4984 1236 5035 arropares
1262 4973 1288 5019 ct
1310 4983 1366 5036 pro
1388 4975 1437 5019 tua
1457 4974 1483 5019 et
1509 4967 1696 5036 imperatorio
1716 4969 1854 5037 dipnitate
1870 4970 1918 5036 ju·

220 5051 415 5115 Dardanum,
444 5051 552 5103 idcirco
571 5069 627 5106 non
645 5067 703 5104 esse
720 5052 1054 5119 opus'animadoersione
1083 5054 1160 5106 berea
1179 5059 1231 5106 ete.
1263 5052 1345 5115 Quod
1350 5069 1425 5121 prae
1437 5061 1463 5106 te
1481 5053 1544 5116 fers
1558 5054 1681 5106 studium
1700 5062 1726 5106 et
1739 5055 1918 5117 desiderium,

220 5136 282 5188 ulla
312 5136 510 5202 mapistratus,
541 5143 569 5189 et
601 5153 673 5208 quae
703 5135 804 5189 similia
823 5135 1054 5193 Monasterienses
1081 5147 1113 5192 at
1129 5145 1333 5206 componantur
1351 5140 1557 5193 connoversiae
1572 5141 1601 5192 in
1619 5141 1755 5208 relipione
1775 5148 1801 5194 et
1820 5149 1850 5194 ut
1865 5141 1918 5194 aii·

219 5219 361 5289 ceterique
385 5220 590 5290 Anabaptistici
617 5222 711 5293 gregis
738 5222 824 5277 duces
852 5220 910 5276 sive
936 5224 1055 5292 scriptis,
1083 5241 1140 5293 qna
1158 5224 1311 5293 disciplina
1335 5243 1443 5278 morum
1463 5227 1493 5278 ia
1517 5225 1648 5279 anioema
1669 5227 1788 5280 ecclesia
1808 5244 1918 5280 renove-

220 5305 278 5359 sive
298 5311 397 5373 aperta
414 5305 557 5375 qnondam
576 5305 759 5375 prodiderunt
776 5323 863 5369 vocs,
893 5306 928 5361 ds
954 5308 1057 5378 quibus
1085 5317 1145 5375 tar,
1170 5316 1196 5362 te
1214 5310 1243 5361 in
1264 5311 1315 5362 bos
1332 5312 1444 5378 quidem
1462 5327 1631 5380 mapnopere
1655 5312 1810 5366 laudamus
1826 5320 1852 5366 et
1871 5313 1919 5365 aba

219 5389 514 5461 ridBullingerumet
527 5389 749 5460 wigiradum*
772 5390 1111 5464 Pontificiiquoquealt'e
1125 5397 1262 5464 petimus,
1291 5404 1321 5450 ut
1339 5398 1369 5450 in
1386 5397 1438 5450 boc
1457 5413 1572 5464 operam
1592 5405 1669 5449 tuam
1685 5400 1841 5467 praebeas,
1871 5413 1920 5451 asu
