4020 6014
197 361 255 423 ns
773 351 896 412 cocus
913 350 1120 410 monemus
1137 349 1302 410 annuus
1370 420 1372 424 ,

192 514 260 578 mat,
277 507 382 564 sufficit
398 509 422 564 si
439 508 475 564 de
494 525 527 564 eo
544 508 651 580 aliquid
665 513 772 563 constet
784 503 1022 576 superintendenti
1047 504 1177 574 princepis
1187 510 1271 572 saeta
1283 506 1398 560 adidter
1411 511 1495 574 atque
1507 513 1653 559 meremus
1666 504 1815 575 episeopus
1828 505 1892 569 deri

193 594 239 650 vel
256 592 430 662 consistorio,
457 593 514 646 sive
538 592 715 664 inquisitione
741 590 853 661 propria
870 607 904 646 cx
924 588 1026 655 officio,
1051 606 1068 641 a
1091 591 1281 645 desertoribus
1299 606 1356 662 per
1379 589 1512 643 ambitum
1529 590 1629 643 addar
1647 596 1700 644 etc.
1725 606 1748 644 c.
1765 588 1891 661 denique

194 679 253 735 eive
268 695 378 735 rumore
394 678 522 749 publico,
540 678 597 733 sive
618 666 756 732 deletione
776 683 804 731 et
822 675 924 730 indicio
943 675 1025 728 unius
1051 691 1136 729 causa
1160 680 1189 731 et
1212 681 1319 746 quaest.
1345 675 1407 731 iisd.
1431 691 1465 730 ex
1491 675 1615 746 ejusdem
1637 674 1770 745 Cypriani
1796 674 1845 730 lib.
1867 681 1878 731 1

194 770 245 820 sut
260 763 380 834 plurium
399 764 435 818 de
459 763 584 819 ecclesia.
620 761 716 816 Testes
734 761 855 816 criminis
874 760 1026 830 locupletes
1052 760 1132 829 epist.
1151 765 1181 816 ὅτ
1202 762 1330 829 Denique
1349 779 1433 830 quam
1449 761 1487 814 sit
1505 762 1696 830 inseparabile
1713 761 1832 815 unitatis
1845 777 1889 815 sa·

194 855 223 907 et
241 850 316 905 omni
334 849 494 920 exceptione
519 850 636 918 majores
659 864 718 902 esse
744 851 865 918 oportet,
890 860 1026 915 eosquee
1053 854 1223 899 crementum
1249 855 1274 900 et
1302 864 1385 917 qnam
1411 846 1470 900 sine
1497 863 1547 915 spe
1572 847 1628 900 sint
1655 855 1681 899 et
1700 848 1891 919 perditionem

194 951 309 992 numere
338 935 494 990 auditorum
524 936 582 990 sive
615 935 650 990 de
682 934 815 999 ecclesis,
845 933 891 988 cui
915 936 1027 1002 praeest
1053 933 1107 984 sibi
1129 933 1281 987 maximam
1305 936 1340 988 de
1365 933 1559 1001 indipnatione
1577 934 1639 987 Dei
1656 934 1819 1004 acquirant,
1842 935 1892 1003 qui

195 1026 303 1093 pastor,
328 1019 453 1092 quemvis
478 1024 506 1074 et
531 1018 578 1073 nlii
603 1019 696 1075 idonei
718 1037 774 1074 non
801 1018 857 1073 sint
876 1015 1027 1089 rejiciendi.
1052 1018 1173 1072 schisma
1184 1021 1303 1085 faciunt
1323 1028 1349 1073 et
1367 1020 1468 1074 relicto
1486 1021 1616 1090 episcopo
1635 1020 1725 1074 aliurn
1742 1019 1798 1073 sibi
1814 1020 1891 1084 fors's

194 1103 287 1162 Judex
307 1104 370 1159 talis
390 1103 556 1174 requiritur,
574 1104 623 1175 qui
643 1111 671 1158 et
689 1104 760 1158 sciet
778 1109 806 1158 et
822 1103 892 1157 velit
909 1107 1027 1171 unaque
1051 1104 1324 1174 pseudoepiscopum
1359 1107 1542 1168 constituunt,
1579 1105 1709 1159 declarat
1740 1103 1892 1174 Scriptura

195 1187 1027 1263 pnrteauditajusadmiuietrareetc.”1.Tim.5,v.19:Ad·
1054 1192 1152 1246 diuina
1170 1194 1201 1246 in
1219 1194 1302 1248 libris
1321 1195 1443 1262 Repum,
1462 1194 1511 1246 ubi
1529 1211 1548 1246 a
1568 1192 1643 1246 tribu
1663 1192 1744 1245 Juda
1765 1198 1792 1245 et
1814 1193 1889 1245 Ben-

194 1291 290 1330 eerees
315 1276 509 1348 presbyterum
528 1276 591 1330 noli
606 1276 812 1329 accusationem
828 1274 953 1343 recipere
972 1273 1029 1324 nisi
1047 1278 1144 1346 jamim
1162 1280 1257 1333 decem
1276 1280 1489 1334 crebrescamus
1509 1285 1573 1332 mmt
1593 1286 1618 1331 ct
1636 1278 1736 1332 relicto
1755 1291 1821 1343 repe
1839 1292 1891 1330 sno

194 1362 245 1418 tub
267 1363 375 1415 duobus
399 1369 448 1415 ant
469 1361 559 1415 tribue
586 1361 707 1415 testibus.
748 1359 846 1429 Neque
869 1359 941 1414 enim
967 1375 1028 1428 per·
1055 1363 1172 1417 alterum
1201 1365 1257 1418 sibi
1272 1365 1350 1429 fores
1367 1365 1576 1418 constituerunt.
1613 1363 1652 1417 Et
1669 1362 1833 1430 indipnatae
1851 1370 1891 1416 ca

196 1447 361 1505 mittendum
381 1448 470 1518 plebis
487 1447 636 1504 temeritati
651 1448 695 1503 rel
709 1447 894 1519 potentiorum
906 1446 1029 1514 arbitrio,
1055 1451 1169 1520 (inquit)
1197 1452 1337 1505 Dominus
1359 1451 1436 1506 amni
1460 1450 1560 1505 semini
1582 1449 1678 1503 Israel
1704 1457 1730 1501 et
1748 1448 1891 1502 demolivit

195 1533 302 1607 absque
320 1533 447 1606 legitima
466 1550 568 1589 causae
587 1534 745 1606 cognitione
763 1540 791 1589 et
808 1533 932 1593 examine
951 1531 1028 1586 mini·
1055 1552 1102 1588 eos
1119 1544 1145 1589 et
1163 1538 1244 1590 dedit
1263 1553 1310 1590 eos
1328 1537 1357 1589 in
1378 1535 1574 1606 direptionem,
1592 1536 1681 1588 donec
1698 1534 1832 1602 abjiceret
1843 1550 1891 1588 eos

195 1626 283 1677 suum
300 1619 362 1675 loco
381 1636 490 1674 movere
508 1625 537 1675 et
554 1620 583 1673 in
603 1619 714 1675 exilium
729 1619 836 1690 ejicere.
864 1619 918 1673 Illa
930 1634 1030 1672 causae
1056 1640 1074 1673 a
1084 1621 1168 1689 facie
1185 1638 1246 1690 sua,
1263 1623 1332 1691 quia
1352 1621 1509 1691 dissipatus
1526 1628 1566 1674 est
1578 1619 1673 1674 lsrael
1691 1636 1710 1672 a
1730 1620 1813 1673 dorne
1827 1620 1890 1674 Da·

196 1705 317 1779 cognitio
337 1705 457 1776 pertinet
476 1705 511 1759 ed
529 1709 614 1760 totam
633 1705 793 1773 ecelesiam,
822 1705 870 1760 sed
889 1711 922 1759 ut
939 1703 1031 1757 omnia
1054 1707 1105 1760 vid
1132 1714 1159 1760 et
1187 1707 1387 1760 constituerunt
1410 1706 1465 1759 sibi
1487 1722 1581 1775 repen
1615 1705 1769 1760 Jeroboam
1800 1703 1890 1766 tilium

194 1789 265 1848 flant
281 1790 377 1846 ordine
396 1796 424 1845 et
443 1791 503 1846 sine
515 1790 685 1859 confusione,
704 1808 767 1846 cum
777 1792 843 1860 jura
854 1788 1031 1861 episcopalis,
1055 1791 1178 1846 Nabath.
1212 1790 1396 1858 Indipnatum
1415 1808 1473 1845 esse
1492 1793 1564 1845 dicit
1582 1792 1735 1845 Dominum
1753 1798 1779 1844 et
1800 1805 1847 1844 eos
1859 1790 1891 1842 in

196 1892 269 1950 quae
291 1892 342 1945 per
365 1873 586 1946 pacificationem
604 1875 817 1931 Pesseviensem
838 1876 874 1929 sd
892 1874 1030 1946 principes
1055 1877 1242 1946 perditionem
1256 1877 1377 1940 dedisse,
1390 1878 1441 1944 qui
1452 1877 1488 1930 ab
1505 1877 1613 1930 nudate
1626 1876 1761 1945 dissipati
1771 1875 1890 1928 alterum

195 1962 378 2034 Augustanus
397 1960 576 2016 consessionis
595 1967 662 2016 sunt
679 1962 827 2024 translate,
852 1965 1031 2016 exerceantur
1056 1963 1112 2015 sibi
1127 1978 1220 2030 repam
1239 1964 1452 2016 constetuiment,
1491 1963 1584 2016 Tanta
1601 1962 1759 2029 indipnatio
1771 1961 1892 2014 Domini

196 2045 307 2102 abillis
325 2062 375 2115 per
393 2036 569 2116 consistoria,
592 2062 684 2100 coram
706 2046 760 2100 illis
780 2063 881 2101 causae
899 2046 934 2100 de
952 2044 1031 2098 mini·
1058 2047 1162 2102 exstitit
1181 2049 1316 2102 adrasus
1333 2048 1470 2116 illos,qui
1479 2048 1600 2101 schisma
1609 2049 1747 2115 fecerunt,
1765 2054 1795 2100 ut
1808 2046 1891 2100 edam

196 2137 315 2189 strorum
333 2132 483 2187 remotione
502 2132 679 2200 tractandae,
705 2133 820 2202 proinde
840 2132 895 2195 illi,
917 2130 964 2202 qui
983 2129 1030 2183 ha·
1058 2151 1119 2185 crem
1142 2133 1222 2186 home
1241 2133 1302 2186 Dei
1325 2134 1367 2186 ad
1383 2133 1537 2187 Jeroboam
1561 2133 1662 2187 misna
1680 2140 1767 2201 esset,
1795 2132 1847 2201 qui
1864 2131 1893 2185 ei

196 2218 265 2275 bant
282 2219 348 2289 jura
366 2222 543 2289 patronatus,
567 2235 622 2273 non
641 2216 744 2272 debent
760 2234 812 2272 nee
829 2223 947 2288 possunt
966 2232 1029 2286 pro·
1053 2226 1174 2288 peccata
1204 2236 1257 2272 sua
1285 2219 1464 2288 exprobraret
1492 2227 1576 2290 atque
1602 2219 1736 2272 ultionem
1759 2218 1892 2284 futuram

196 2303 258 2377 pria
275 2303 438 2359 auctoritate
458 2303 614 2358 ministrum
633 2303 779 2374 deponere,
798 2303 972 2358 sedeeusam
985 2301 1032 2355 de·
1055 2306 1246 2374 praediceret,
1265 2323 1371 2379 panem
1394 2307 1474 2375 apud
1497 2304 1564 2359 illos
1581 2307 1665 2359 edere
1686 2312 1711 2358 et
1729 2321 1833 2373 aptam
1853 2303 1891 2355 bi·

198 2387 291 2447 imant
307 2390 344 2443 sd
364 2387 534 2456 consistoria,
553 2389 620 2460 quia
635 2391 683 2459 jus
700 2394 864 2458 patronatus
883 2403 939 2442 non
952 2385 1033 2441 affert
1057 2393 1119 2444 bere
1138 2398 1287 2462 vetaretur,
1307 2394 1384 2461 quod
1401 2409 1462 2445 eum
1480 2408 1535 2444 non
1546 2392 1740 2445 custodivisset
1753 2397 1779 2444 et
1791 2397 1890 2443 canna

198 2489 293 2533 escum
310 2474 532 2545 jurisdictionem
550 2474 749 2545 episcopalem,
775 2475 855 2546 cujus
873 2472 1032 2527 exercitium
1056 2484 1236 2546 praeceptum
1257 2477 1376 2531 Domini
1394 2477 1576 2550 prandisset,
1600 2476 1695 2530 rtatim
1714 2475 1813 2528 diuina
1830 2489 1890 2528 cen-

198 2566 241 2618 set
265 2560 295 2617 in
320 2560 478 2615 dimissione
498 2566 648 2631 pastorum.
683 2561 718 2615 ln
735 2561 852 2616 concilio
870 2557 1032 2628 Hispalensi
1058 2580 1125 2614 sura
1149 2579 1300 2631 percenseas
1326 2569 1381 2629 est,
1408 2570 1439 2615 nt
1466 2564 1534 2616 inde
1554 2562 1715 2630 repr-adiens
1733 2562 1838 2630 impetu
1857 2576 1891 2612 ae

197 2646 320 2707 mundo
338 2663 362 2703 c.
384 2652 407 2702 6.
426 2646 499 2701 circa
516 2663 620 2701 annum
637 2645 739 2701 Christi
760 2651 818 2702 62¹.
836 2645 931 2700 habito
944 2650 1031 2698 statu·
1057 2666 1150 2700 morsu
1176 2648 1267 2700 leonis
1291 2648 1321 2699 in
1344 2648 1442 2701 itinere
1464 2656 1612 2701 necaretur
1634 2653 1685 2702 ete.
1723 2644 1807 2708 Quod
1825 2661 1892 2700 nera

197 2738 257 2792 lum
274 2738 329 2804 cst,
344 2733 508 2806 presbytero
528 2751 583 2787 non
600 2733 658 2786 nisi
669 2749 726 2803 per
743 2734 880 2802 mnodum
898 2733 1029 2785 honorem
1057 2736 1188 2801 eundem,
1212 2750 1291 2801 quem
1313 2750 1363 2786 noe
1382 2734 1476 2785 Deum
1495 2733 1619 2802 Patrem,
1639 2735 1758 2785 eandm
1775 2731 1891 2797 Filium,

196 2825 223 2875 a
253 2819 381 2884 officinm
406 2819 600 2888 obrepentium
630 2835 696 2873 esse.
743 2819 903 2891 Episcopus
932 2815 1031 2886 (inquit
1057 2819 1175 2871 erendem
1196 2819 1334 2888 Spiritum
1352 2838 1375 2873 s.
1400 2835 1480 2871 nosse
1498 2819 1645 2886 dicuntur,
1669 2833 1719 2870 neo
1738 2818 1789 2870 hoc
1807 2818 1890 2886 adiu-

196 2903 355 2972 coaeilium)
384 2906 461 2959 solers
489 2912 581 2974 potest
607 2906 739 2960 honorem
760 2905 925 2974 presbytero
951 2903 1029 2968 dare,
1056 2922 1122 2957 nare
1147 2905 1219 2958 tales
1243 2911 1344 2974 potest.
1380 2905 1456 2958 Nam
1483 2904 1567 2957 etiam
1595 2904 1697 2965 Chore,
1725 2904 1844 2957 Dathan
1867 2911 1892 2956 st

197 2989 314 3059 aufferre
339 2989 417 3044 solus
434 3006 490 3043 non
503 2996 612 3058 potest,
638 2990 713 3062 qnod
730 2996 840 3057 notent,
866 2990 913 3061 qui
930 2986 965 3042 ob
981 2987 1029 3058 jue
1056 2991 1166 3043 Abiron
1198 3008 1259 3043 cum
1288 2992 1435 3044 sacerdote
1464 2991 1565 3045 Aaron
1595 2997 1620 3042 et
1649 2991 1750 3057 Moyse
1776 2992 1892 3042 eundem

196 3074 242 3135 rel
265 3079 430 3148 patronatus
451 3074 497 3130 rel
517 3075 676 3145 episcopale
693 3075 746 3130 sibi
765 3076 847 3131 licere
867 3073 1029 3135 existiment,
1056 3080 1149 3130 Deum
1164 3083 1305 3143 normani,
1320 3077 1391 3144 pari
1406 3077 1466 3144 lepe
1479 3084 1505 3130 et
1518 3075 1655 3145 relipione
1667 3076 1892 3142 circumeuntem

197 3160 353 3219 mmmm
372 3159 506 3216 ecclesiae
524 3160 636 3231 proprio
654 3160 769 3215 arbitrio
787 3161 823 3216 sb
841 3159 932 3215 officio
948 3159 1031 3229 depo·
1056 3171 1081 3214 et
1107 3179 1201 3214 oerum
1230 3163 1339 3230 Deum,
1367 3163 1416 3230 qni
1440 3161 1574 3215 colendus
1607 3168 1690 3229 atque
1716 3161 1891 3214 invocandus

197 3263 272 3305 nere.
308 3246 414 3312 Quodsi
434 3247 496 3319 quis
514 3263 570 3301 non
588 3253 630 3301 est
646 3246 769 3318 legitimo
781 3245 879 3317 judicii
892 3261 1031 3316 processu,
1055 3248 1160 3318 fuerat,
1179 3248 1352 3315 inuocabant,
1373 3255 1464 3300 tamen
1483 3248 1551 3316 quia
1568 3247 1626 3300 loci
1644 3247 1689 3300 sui
1706 3247 1892 3301 ministerium

197 3350 249 3395 neo
267 3334 304 3391 ob
322 3351 421 3389 causes
440 3334 579 3407 legitimas
599 3339 629 3388 et
645 3332 820 3400 sufficientes,
838 3339 907 3401 pute
919 3338 1032 3402 propter
1056 3333 1227 3402 transpressi
1256 3340 1281 3386 et
1299 3341 1398 3386 contra
1415 3333 1517 3387 Aaron
1536 3334 1718 3396 sacerdotem,
1740 3333 1893 3401 quiescer-

198 3421 288 3478 selum
313 3421 343 3475 in
360 3420 511 3491 arguendis
529 3419 671 3475 hominum
691 3418 773 3483 vitiis,
793 3425 905 3489 propter
922 3417 1032 3488 privata
1057 3419 1165 3471 dotium
1184 3417 1338 3487 lepitimum
1357 3419 1520 3486 dipnatione
1535 3419 1593 3473 Dei
1610 3425 1693 3488 atque
1713 3418 1894 3474 ordinatione

198 3506 271 3575 odia,
290 3513 403 3577 propter
420 3506 540 3561 levicula
555 3510 646 3560 errata
661 3509 714 3561 etc.
734 3505 793 3561 loeo
802 3511 902 3567 motus,
919 3510 986 3557 tunc
998 3502 1030 3570 is,
1055 3506 1222 3574 perfecerat,
1240 3504 1425 3572 sacrificandi
1441 3504 1496 3557 sibi
1516 3504 1657 3558 licentiam
1669 3505 1893 3574 vendicaverunt,

199 3591 247 3664 qui
265 3591 317 3662 ipsi
338 3597 514 3663 surrogatur,
537 3607 594 3645 non
612 3598 655 3647 est
672 3609 723 3661 pro
741 3606 805 3644 vere
823 3589 948 3644 ministro
963 3588 1030 3659 legi·
1057 3590 1191 3644 diuinitas
1205 3590 1336 3660 percussi
1346 3607 1457 3659 poenas
1473 3590 1569 3644 statim
1582 3608 1639 3659 pro
1658 3590 1768 3644 illicitis
1787 3591 1893 3647 conati·

198 3675 266 3732 time
283 3680 381 3730 vocato
395 3674 547 3742 habendus,
566 3693 622 3746 qus
634 3676 668 3730 de
683 3693 712 3730 re
724 3675 829 3747 aliquot
841 3674 1031 3745 theologorum
1057 3677 1106 3727 bus
1119 3677 1279 3744 penderant
1297 3680 1347 3732 etc.
1385 3677 1425 3730 Et
1443 3683 1534 3730 tannen
1553 3676 1601 3729 illi
1616 3675 1739 3730 schisma
1752 3693 1807 3729 non
1819 3677 1893 3741 fece·

199 3760 354 3817 renuntias
380 3766 491 3815 exstent
514 3759 543 3814 in
569 3760 643 3815 dicto
672 3760 766 3816 libello
787 3760 823 3815 de
844 3759 986 3815 vocatione
1004 3766 1032 3813 et
1056 3769 1135 3832 rant,
1162 3779 1212 3815 nec
1237 3763 1320 3825 foras
1348 3763 1452 3832 epressi
1478 3770 1575 3815 cotnra
1596 3762 1714 3814 Domini
1734 3764 1894 3818 sacerdotes

199 3845 352 3904 remotione
369 3844 564 3901 ministrorum.
1057 3847 1232 3915 impudenter
1248 3855 1331 3916 atque
1348 3847 1488 3901 hostiliter
1506 3846 1718 3915 rebellare-rant,
1734 3848 1812 3916 quad
1822 3864 1894 3902 nnnc

71 3935 175 3978 oseem
237 3933 293 3987 tre.
328 3928 446 3984 Exstant
462 3929 514 3984 hsc
535 3931 570 3985 de
589 3948 619 3986 re
636 3929 743 4001 aliquot
758 3945 876 3985 canones
891 3946 915 3986 c.
928 3929 1032 3984 Factus
1058 3934 1089 3985 hi
1110 3932 1256 3987 ecelesiam
1275 3934 1433 3987 scindentes
1450 3941 1477 3987 et
1497 3941 1596 3987 contra
1611 3949 1713 4001 pacem
1733 3940 1815 4001 atque
1832 3933 1893 3987 uni·

72 3990 187 4081 diff
200 4021 249 4071 est
268 4031 353 4072 causa
374 4021 396 4069 t.
417 4033 443 4086 q.
467 4021 489 4071 1.
507 4033 540 4072 ex
558 4016 691 4088 Cypriani
709 4015 757 4070 lib.
776 4022 800 4072 2.
823 4016 902 4086 epist
921 4021 952 4072 4:
975 4016 1032 4070 Fa·
1057 4025 1141 4071 tatem
1166 4017 1274 4072 Christi
1295 4019 1413 4073 rebelles
1430 4019 1593 4072 cathedram
1609 4017 1664 4070 sibi
1682 4019 1848 4073 constituere
1867 4026 1893 4072 et

61 4094 187 4141 mm·
200 4109 261 4157 etue
287 4109 327 4155 eet
345 4099 492 4156 Cornelius
509 4102 656 4174 episeopus
675 4103 710 4155 de
728 4102 788 4154 Dei
805 4110 829 4155 et
850 4101 956 4158 Christi
973 4103 1033 4170 ejus
1055 4106 1208 4174 primatum
1233 4121 1376 4159 assumere
1402 4113 1427 4157 et
1456 4105 1620 4173 baptizandi
1647 4111 1729 4174 ateste
1754 4105 1894 4176 offerendi

193 4187 318 4257 judicio,
337 4188 373 4239 de
391 4186 557 4240 clericorum
571 4204 663 4256 paene
682 4188 801 4240 omnium
814 4187 979 4256 testimonio,
997 4189 1033 4240 de
1059 4191 1199 4245 licentiam
1210 4193 1361 4245 vendicare
1375 4198 1521 4247 conantur.
1541 4206 1563 4245 e.
1578 4196 1766 4260 praeceptum.
1778 4206 1856 4248 caus.
1867 4196 1890 4247 2.

199 4272 301 4346 pluth,
325 4288 397 4341 miae
414 4279 479 4325 tunc
495 4273 606 4340 adsue,
623 4273 773 4343 suffrapio,
804 4273 839 4325 de
857 4274 1033 4327 sacerdotum
1058 4294 1085 4348 q.
1107 4283 1132 4333 2.
1152 4294 1186 4332 cx
1204 4275 1372 4347 Zepheriuo:
1392 4277 1577 4346 Praeceptum
1598 4284 1638 4329 est
1657 4278 1686 4329 in
1700 4277 1891 4344 antiquissu-

200 4360 379 4429 emmenum
397 4364 422 4410 et
436 4357 569 4410 bonorum
580 4359 703 4413 virorum
715 4375 862 4426 consensu,
882 4376 943 4412 cnm
953 4376 1032 4413 nemo
1058 4364 1141 4428 tntis,
1167 4363 1268 4431 ejectos
1293 4369 1376 4431 atque
1393 4361 1453 4415 seis
1470 4361 1553 4414 rebus
1572 4362 1740 4434 exspoliatos
1758 4363 1892 4419 eeclesiae

201 4452 267 4501 ants
294 4461 324 4498 se
349 4445 446 4509 faetus
475 4450 557 4510 esset,
581 4461 642 4496 eum
666 4445 793 4498 Fabiani
809 4445 902 4515 locus,
926 4445 1032 4500 horest
1055 4448 1193 4518 proprias
1210 4450 1344 4520 recepere,
1361 4455 1387 4502 et
1407 4449 1518 4501 demum
1537 4447 1564 4500 si
1582 4449 1644 4515 prsis
1662 4463 1709 4502 eos
1722 4449 1891 4516 jestoaecu·

202 4546 264 4586 cum
289 4531 369 4585 loun
392 4528 474 4583 Petri
497 4537 523 4583 et
546 4532 655 4598 pradm
682 4531 834 4586 cathedrae
847 4533 1033 4587 sacerdotalis
1057 4546 1121 4588 sare
1138 4535 1258 4588 voluerit
1276 4550 1364 4603 aequo
1379 4533 1508 4603 periendo
1522 4533 1629 4599 facere,
1647 4534 1759 4601 iudices
1775 4551 1835 4590 esse
1846 4537 1892 4590 tte·

201 4623 328 4681 secaret,
354 4634 408 4686 quo
435 4623 570 4685 occupato
596 4623 621 4668 et
653 4618 688 4670 de
706 4617 767 4670 Dei
791 4619 1032 4688 voluntatemque
1058 4623 1211 4675 contendes
1238 4621 1384 4692 episcopas
1402 4626 1479 4672 recte
1497 4619 1637 4689 sapientes
1653 4626 1680 4672 et
1698 4621 1727 4672 in
1746 4621 1894 4681 ecclesiam

202 4701 324 4756 omnium
347 4709 473 4757 nostrum
496 4702 674 4757 consensione
700 4704 879 4772 confirmato,
910 4706 1032 4774 quomis
1058 4709 1262 4770 convenientes,
1286 4706 1336 4759 nbi
1356 4712 1437 4759 testes
1463 4713 1549 4760 essent
1564 4707 1753 4773 simpulorum,
1778 4708 1829 4776 qui
1846 4726 1893 4779 op·

195 4786 263 4857 jem
288 4787 436 4859 episeopus
452 4788 520 4853 fieri
535 4789 666 4857 voluerit,
683 4789 765 4857 sores
787 4790 838 4854 slat
857 4807 967 4843 necesse
983 4798 1030 4857 est,
1054 4793 1148 4859 pressi
1163 4792 1343 4859 uidebantur,
1369 4807 1420 4844 nec
1433 4791 1519 4859 prius
1537 4809 1584 4846 eos
1601 4793 1786 4859 respondere,
1810 4809 1895 4862 quarn

200 4889 251 4928 nee
263 4872 365 4926 habeat
379 4873 595 4928 ecclesiasticam
608 4874 823 4944 ordinationem,
839 4875 890 4944 qui
901 4875 1032 4930 eeclniae
1058 4877 1152 4929 omnia
1170 4893 1222 4929 sua
1239 4877 1279 4929 eis
1296 4884 1322 4930 et
1341 4876 1464 4930 ecclesiis
1483 4893 1578 4932 eorum
1598 4878 1705 4947 lepibus
1717 4877 1895 4946 inteperrinse

200 4964 347 5013 contenet
365 4959 513 5024 unhetem,
533 4959 659 5030 quisquis
677 4959 726 5013 ille
744 4960 847 5027 suern,
867 4960 932 5014 lieet
951 4963 984 5014 de
1002 4977 1032 5013 ee
1057 4962 1248 5015 restituantur.
1278 4977 1302 5015 c.
1329 4961 1360 5015 ln
1386 4961 1538 5032 scripturis.
1562 4978 1636 5017 caus.
1662 4969 1690 5016 ct
1708 4969 1813 5033 quaest.
1832 4962 1892 5019 iisd.

201 5043 317 5099 nauum
330 5043 449 5112 jactans
466 5053 492 5098 et
504 5046 661 5114 plurimum
677 5046 732 5098 sibi
749 5045 914 5114 nendicans,
929 5049 1032 5116 profe·
1058 5064 1091 5101 ex
1113 5044 1250 5100 Eusebio:
1278 5046 1315 5099 In
1337 5047 1485 5117 scripturis
1501 5047 1601 5101 cestris
1618 5050 1788 5117 reperimus,
1812 5066 1892 5120 quos·

201 5146 254 5184 nus
273 5137 328 5192 est,
356 5129 467 5182 alienes
485 5138 541 5200 est,
559 5131 635 5193 foris
653 5140 693 5185 est
712 5139 737 5184 et
755 5149 817 5184 cum
830 5140 896 5202 post
909 5134 1032 5202 primm
1059 5135 1126 5186 dam
1145 5131 1292 5202 episcopos
1307 5133 1408 5186 nestris
1428 5133 1602 5202 inpartibus
1619 5154 1636 5185 a
1649 5136 1780 5205 propriis
1799 5135 1894 5190 coibas

202 5230 261 5271 esse
293 5231 349 5268 non
373 5215 480 5283 possit,
509 5216 635 5285 quisquis
662 5225 729 5287 post
754 5234 852 5282 unum,
880 5219 931 5288 qui
955 5220 1034 5273 solus
1059 5225 1220 5286 accusatos,
1236 5217 1348 5288 aliquos
1364 5219 1494 5274 uidelicet
1514 5237 1546 5274 ee
1566 5220 1723 5289 suspicione
1744 5229 1769 5274 ct
1782 5221 1894 5291 aliquos

202 5315 260 5354 esse
284 5301 379 5363 debet,
395 5301 497 5368 sactus
519 5308 575 5365 est,
592 5304 653 5369 iam
672 5321 728 5357 non
745 5305 883 5358 secundm
900 5304 962 5374 ille,
982 5308 1035 5360 sed
1046 5312 1048 5376 ξ
1065 5321 1098 5357 en
1121 5311 1200 5356 certa
1225 5305 1350 5373 ratione,
1379 5314 1404 5358 et
1430 5306 1539 5359 idcirco
1565 5309 1704 5374 quosdam
1728 5308 1787 5360 suis
1811 5309 1894 5363 rebus

201 5383 297 5441 maur
319 5392 366 5439 est.
391 5401 414 5439 c.
435 5383 562 5440 Novatie
590 5403 664 5442 esus.
684 5394 712 5443 et
731 5394 837 5460 quaest
858 5388 919 5444 iisd.
940 5406 1032 5445 exea·
1046 5390 1048 5433 ὲ
1060 5406 1117 5443 esse
1137 5391 1322 5460 exspoliatos,
1350 5393 1488 5461 masolam
1506 5408 1571 5445 uero
1589 5413 1608 5444 u
1621 5394 1744 5462 propria
1760 5396 1827 5449 sede
1846 5396 1893 5450 de·

202 5469 266 5533 dem
288 5469 422 5543 Cypriani
447 5469 579 5542 epistola:
607 5473 785 5530 Novatianns
809 5475 955 5546 episcopm
978 5493 1033 5529 non
1057 5475 1174 5547 pulsos,
1194 5494 1262 5546 qnos
1278 5476 1377 5530 sciatis
1395 5493 1446 5530 nec
1463 5478 1505 5530 ad
1521 5479 1657 5546 amodum
1675 5480 1894 5551 comprovincia-

205 5564 254 5621 est,
276 5556 328 5627 qni
340 5554 472 5612 Cornelio
489 5557 619 5631 merope
637 5558 667 5614 in
685 5559 802 5615 mahein
819 5578 838 5615 a
851 5561 968 5617 erasum
982 5565 1042 5617 coi·
1063 5561 1126 5631 lem,
1145 5579 1195 5618 nec
1214 5563 1256 5616 ad
1275 5562 1433 5634 penernlem
1449 5579 1533 5632 porse
1550 5564 1708 5634 consoceri,
1727 5582 1778 5623 nee
1796 5566 1827 5622 in
1839 5566 1894 5622 eli·
