4020 6014
647 122 701 179 na
717 122 941 183 smuarfflo
958 121 1261 185 momsuamco.
1733 140 1792 198 225

102 292 163 330 non
184 283 295 348 peccat.
330 294 355 331 v.
377 281 427 334 tta
458 275 492 331 Si
519 276 583 346 pua
608 278 772 335 indecorum
801 280 939 349 existima
969 280 1011 333 sic
1033 282 1136 342 αηαίἰσν
1163 298 1220 336 non
1239 289 1334 353 potest
1349 299 1408 337 non
1423 284 1618 354 concerpisom
1631 288 1795 356 umatum,

103 376 192 430 asiper
210 362 319 430 cirpinc
335 381 403 432 sua,
427 363 455 417 si
471 363 509 417 cit
527 360 701 439 ὑπέρακμος,
726 367 812 420 etita
833 374 941 437 oportet
966 374 1065 422 contra
1089 368 1229 422 marculus
1254 387 1309 424 non
1330 377 1425 438 potest
1448 388 1505 425 non
1529 372 1612 436 africi
1627 388 1697 442 erpa
1709 373 1796 440 semi·

97 446 184 516 fieri,
202 451 280 516 quod
295 450 361 519 uult,
376 449 480 519 faciat,
497 468 554 504 non
566 461 675 520 peccat,
696 453 813 523 nubant,
832 453 941 508 scilicet
967 471 1039 507 narn.
1076 456 1153 509 Nam
1170 456 1222 508 hoc
1238 457 1358 525 undum,
1375 456 1489 511 creccitc
1512 465 1538 511 ct
1559 458 1796 527 multiplicamini,

104 534 177 589 tales
203 534 333 607 virgines.
373 535 449 608 Ergo
475 539 636 608 conjugium
659 556 714 594 non
742 549 784 596 est
808 539 940 596 ecclesiae
967 557 1022 593 non
1047 549 1086 593 est
1109 542 1154 594 lca
1176 558 1225 595 nec
1244 541 1439 612 pracceptum,
1466 545 1518 597 sed
1542 544 1632 598 riuum
1649 552 1674 597 ct
1692 545 1797 613 efficat

105 619 242 675 ministris
260 621 471 691 prohibendum.
508 624 572 680 Huc
588 626 716 696 pertinet,
735 628 810 698 quod
831 635 852 684 1.
868 627 939 680 Tim.
968 628 1027 679 Dei
1043 629 1167 694 cabum,
1198 629 1254 682 imo
1272 646 1341 699 opue
1359 631 1430 698 Dei,
1460 632 1537 698 quod
1558 648 1614 685 non
1637 631 1742 684 desinit
1766 630 1796 684 in

105 713 139 776 4,
159 724 185 764 v.
206 713 230 762 3.
251 709 409 777 prohibitio
427 712 602 765 matrimonii
618 713 691 766 inter
709 715 854 768 doctrinas
873 717 940 768 dae·
966 720 1072 767 natura
1089 731 1173 781 apere
1192 722 1219 767 ct
1236 716 1358 784 operari.
1398 715 1461 769 Hoc
1485 733 1554 786 opue
1574 717 1633 770 Dei
1658 716 1797 785 impedire

105 793 266 847 moniorum
284 796 410 852 refertur.
449 796 561 868 Excipit
579 797 773 868 Bellarminus,
805 803 830 855 1.
843 800 940 853 Eccle-
968 806 1018 852 aut
1035 801 1176 854 remorari
1191 802 1280 854 nihilo
1298 802 1388 870 mapis
1407 803 1437 854 in
1454 803 1534 855 nobie
1549 804 1633 855 sr'tum
1646 811 1695 870 est,
1713 819 1797 872 quam

106 880 180 932 stam
206 879 381 950 (Romanam)
408 902 463 938 non
487 885 637 954 probibere
661 888 868 940 matrimonium
892 895 941 941 aut
968 886 1019 938 hoc
1036 895 1093 954 cst,
1116 895 1146 940 ut
1163 896 1268 942 nosmet
1288 889 1364 958 ipsos
1381 888 1455 942 aliae
1475 888 1597 942 homines
1615 898 1663 942 aut
1681 889 1797 957 anpelos

107 983 208 1051 copore
227 967 317 1022 ulium
335 970 377 1022 ad
395 970 558 1025 coelibatum
578 973 704 1027 absolute
722 972 941 1042 suscipiendum,
967 972 1116 1032 faciamus.
1166 974 1291 1027 Perinde
1321 974 1407 1041 ipitur
1436 981 1518 1043 atque
1543 991 1576 1027 ea
1599 975 1667 1028 meir
1691 976 1797 1029 virilia

108 1054 161 1106 cell
185 1053 276 1107 solum
301 1055 445 1124 requirere
469 1072 531 1110 eam
555 1059 742 1113 conditionem
765 1059 796 1112 in
813 1060 863 1123 iis,
893 1061 943 1130 qui
968 1076 1023 1112 non
1052 1067 1105 1126 cet,
1129 1062 1183 1113 ced
1206 1077 1284 1113 mera
1305 1061 1411 1115 creatio
1435 1068 1461 1113 et
1489 1068 1608 1129 noima,
1642 1063 1797 1130 quodsum

108 1139 223 1192 initiari
243 1140 339 1194 colunt
363 1143 455 1197 sooria
472 1143 625 1212 mysteriis,
653 1163 737 1214 quam
755 1147 941 1200 conditionem
968 1146 1109 1199 marculus
1131 1155 1157 1200 et
1173 1147 1258 1216 liujus
1276 1147 1320 1200 oct
1339 1147 1419 1200 illius
1435 1165 1515 1201 aecus
1532 1148 1796 1217 mcmbruhabeamp

110 1226 137 1278 si
159 1225 222 1295 quic
251 1228 323 1280 nolit
350 1228 491 1298 accipere,
521 1237 614 1299 potest
638 1249 694 1285 non
717 1234 859 1301 accipere,
890 1234 942 1286 sed
967 1232 1009 1284 sic
1026 1250 1082 1286 non
1099 1249 1131 1285 σα
1148 1249 1191 1284 mc
1212 1240 1260 1301 ert,
1278 1235 1331 1287 scd
1347 1233 1434 1300 plane
1452 1234 1797 1304 innotumctinsculptum

111 1329 167 1366 non
186 1313 352 1382 initiabitur,
370 1317 602 1384 quamadmodum
615 1336 670 1371 non
685 1326 810 1372 censetur
824 1320 941 1374 ecclesia
968 1318 1105 1386 quiddam
1128 1328 1167 1373 ert
1191 1320 1261 1373 hacc
1281 1320 1454 1388 propapatio
1472 1337 1520 1373 seu
1534 1321 1688 1388 propeneio
1706 1330 1733 1374 ct
1750 1340 1796 1375 ar-

109 1398 256 1468 prohiberc
278 1401 396 1469 judicia
417 1403 567 1472 sorcneia,
593 1421 644 1458 noc
670 1406 796 1473 officium
819 1406 941 1474 tortorio,
968 1405 1022 1457 dor
1048 1407 1089 1459 ad
1112 1406 1340 1474 propapandum
1376 1406 1416 1457 Et
1439 1405 1518 1458 haud
1540 1406 1624 1460 aliter
1646 1414 1730 1475 atque
1755 1408 1796 1460 cic

110 1485 224 1539 etiarm
244 1487 317 1541 nolit
343 1488 415 1541 talia
440 1490 474 1542 ah
498 1489 696 1543 eccleciaeticis
707 1492 783 1560 fieri.
819 1491 941 1563 Respon-
968 1499 1064 1545 aeaco
1092 1500 1197 1545 natura
1220 1500 1272 1561 est,
1302 1499 1332 1544 ut
1357 1509 1412 1546 non
1431 1493 1522 1560 poscit
1547 1510 1642 1545 carere
1667 1494 1728 1547 cibo
1748 1501 1797 1546 asct

112 1571 223 1627 demus:
243 1572 370 1628 Ecclesia
387 1572 513 1629 Romana
530 1593 585 1630 non
602 1575 689 1631 habet
705 1582 941 1649 potestatempro·
966 1586 1036 1646 potu
1059 1584 1108 1631 aut
1132 1579 1200 1631 aliie
1226 1579 1393 1632 macaria
1410 1579 1504 1647 rebus,
1530 1581 1614 1632 itaet
1633 1587 1729 1633 acuta
1747 1588 1797 1644 ert,

111 1658 227 1713 bibendi
245 1661 407 1733 conjugium
424 1661 494 1730 illis,
522 1663 623 1734 quibus
646 1682 680 1720 ex
697 1663 752 1720 Dei
770 1666 942 1722 ordinatione
968 1673 998 1717 ut
1017 1683 1074 1718 non
1086 1666 1178 1734 parsit
1197 1684 1253 1720 non
1273 1675 1401 1720 aestuare
1421 1674 1446 1719 et
1459 1667 1588 1734 stuprare
1610 1667 1753 1720 desiderio
1773 1674 1799 1719 ct

112 1745 182 1800 illud
201 1752 244 1801 eat
262 1747 389 1819 liberum,
409 1749 475 1821 qnia
493 1752 626 1806 ecclesias
643 1758 767 1820 potestas
785 1771 840 1808 non
861 1753 944 1808 dehet
969 1754 1074 1805 ardore
1104 1768 1133 1804 se
1160 1753 1352 1820 propcpandi.
1408 1751 1602 1824 ”Gregorius
1627 1753 1662 1808 de
1687 1753 1796 1817 Valent

111 1850 171 1889 esee
200 1835 288 1906 major
316 1853 399 1907 quam
429 1838 590 1908 apostolica.
632 1838 687 1894 Sed
719 1841 859 1910 apostolus
887 1858 941 1896 non
967 1845 1031 1892 tom.
1049 1843 1073 1892 4.
1099 1854 1172 1908 oper.
1192 1837 1275 1892 theol.
1293 1838 1322 1892 in
1340 1837 1435 1894 Thom
1460 1857 1488 1909 p.
1508 1844 1584 1895 2236.
1609 1844 1707 1910 negat,
1733 1856 1797 1892 con·

111 1921 252 1992 arrogavit
278 1921 332 1976 sihi
359 1928 524 1994 potestatem
552 1924 694 1995 injiciendi
723 1926 852 1995 laqueum
877 1943 941 1980 con·
968 1941 1078 1977 aeneum
1104 1933 1255 1994 parentum
1277 1926 1307 1979 in
1330 1925 1437 1994 nuptiis
1456 1927 1585 1994 filiorum
1609 1942 1669 1979 ceco
1693 1927 1728 1978 dc
1750 1942 1796 1979 ne-

111 2007 234 2062 scientiis
260 2025 312 2079 per
334 2009 424 2081 legem
448 2009 602 2065 coelibatus
627 2021 647 2066 l.
664 2010 787 2066 Corinth.
808 2019 837 2080 7,
854 2031 880 2065 v.
900 2018 941 2068 ³5.
969 2011 1109 2074 cessitate,
1135 2019 1290 2080 propterea
1316 2013 1384 2080 quia
1409 2013 1550 2080 pertineat
1568 2013 1609 2066 ad
1624 2013 1797 2080 facultatem

112 2092 172 2149 Nec
200 2111 250 2164 per
277 2095 353 2151 illam
380 2096 591 2165 prohihitionem
624 2097 726 2152 donum
759 2098 942 2152 continentiae
968 2097 1125 2164 pencrandi
1143 2097 1310 2166 naturalem,
1330 2114 1402 2166 quae
1422 2098 1511 2152 solim
1524 2098 1587 2168 filii
1601 2099 1652 2167 ait,
1672 2116 1728 2152 non
1744 2114 1797 2165 pa·

112 2180 197 2235 datur
214 2181 284 2251 illis,
313 2182 414 2253 quibus
437 2183 567 2254 conjugio
591 2183 776 2248 interdicitur,
803 2184 852 2238 sed
872 2182 941 2238 illud
968 2183 1033 2241 tris,
1057 2199 1144 2252 eaque
1164 2191 1284 2255 propter
1301 2184 1396 2250 filium
1409 2201 1494 2253 posse
1512 2185 1573 2238 sinc
1591 2201 1726 2238 consentu
1744 2201 1798 2252 pa·

112 2272 203 2321 totum
224 2285 257 2323 er
274 2267 328 2323 Dei
346 2269 460 2325 arbitrio
480 2269 632 2340 dependet,
653 2270 713 2339 jam
731 2286 796 2324 vero
814 2270 861 2339 qui
879 2286 942 2323 con·
969 2270 1022 2324 tris
1039 2270 1135 2323 aalide
1155 2272 1191 2323 dc
1206 2287 1241 2323 ea
1261 2271 1417 2338 disponere,
1437 2271 1522 2339 idque
1537 2272 1642 2342 probat
1657 2287 1689 2324 ea
1704 2271 1799 2327 Thon.

112 2351 245 2409 tinentiae
270 2355 343 2410 dono
366 2355 494 2411 instructi
516 2373 573 2410 nou
596 2362 674 2423 sunt,
701 2354 757 2410 illis
783 2356 943 2427 conjugium
969 2359 996 2412 2.
1015 2359 1042 2411 2.
1061 2374 1105 2425 qu.
1125 2359 1185 2413 ror.
1204 2365 1257 2410 art.
1278 2361 1304 2411 5.
1324 2365 1350 2410 et
1368 2358 1481 2409 tandem
1499 2358 1596 2425 addit,
1620 2359 1697 2426 quod
1715 2365 1800 2425 pater

112 2456 169 2494 non
188 2442 276 2495 solnm
298 2448 342 2497 eat
359 2441 492 2505 liberum,
518 2442 567 2495 sed
587 2442 670 2496 etiam
688 2444 886 2511 necessarium,
910 2461 943 2498 er
968 2461 1024 2496 non
1041 2443 1071 2496 oi
1083 2444 1174 2513 poerit
1187 2443 1282 2512 filium
1295 2444 1412 2512 privare
1429 2444 1487 2496 vita
1499 2445 1714 2514 autprohibcre,
1732 2461 1800 2514 puo-

113 2545 169 2597 quo
184 2528 333 2599 colligitur,
348 2529 439 2601 legem
457 2528 609 2584 coelibatus
623 2545 687 2585 vere
702 2536 859 2602 θεομαχεῖν,
878 2530 944 2584 dum
970 2531 1060 2582 minus
1076 2538 1173 2582 utatur
1189 2530 1287 2598 aliqua
1304 2529 1444 2596 facultate
1464 2529 1609 2595 naturali,
1633 2539 1664 2582 ut
1681 2530 1802 2600 eacmpii

112 2613 196 2683 illud,
221 2615 295 2685 quod
317 2615 396 2670 Deus
414 2621 447 2670 ut
464 2615 583 2671 liberum
601 2615 744 2685 omnibus,
771 2624 803 2671 ut
820 2634 944 2672 necessa-
969 2617 1065 2683 pratia
1088 2632 1124 2668 ns
1150 2633 1274 2684 unquam
1298 2616 1405 2683 mdccc,
1429 2624 1478 2668 aut
1494 2632 1529 2668 ne
1547 2618 1682 2669 comedat.
1718 2617 1799 2671 Pers-

112 2699 185 2754 rium
202 2700 273 2765 illis,
295 2701 343 2771 qui
360 2707 492 2771 uruntur,
516 2702 674 2773 proposuit,
703 2709 779 2758 certo
804 2703 945 2758 hominum
970 2702 1026 2756 rius
1057 2700 1121 2755 libr.
1141 2708 1164 2757 8.
1194 2702 1230 2755 de
1260 2719 1355 2755 comm.
1388 2717 1480 2755 rerum
1506 2707 1563 2755 nat
1589 2702 1675 2771 princ.
1704 2719 1728 2757 c.
1757 2707 1798 2757 lo.

113 2786 208 2858 generi
233 2787 270 2842 ab
292 2787 447 2842 ustionibus
480 2788 695 2859 haudquaquam
720 2789 808 2845 libero
833 2790 944 2862 penitus
970 2807 996 2858 p.
1019 2793 1083 2842 teo:
1116 2788 1267 2859 Appetitur
1296 2789 1452 2857 pcnerondi
1478 2788 1589 2840 cudibet
1617 2789 1724 2841 homini
1760 2796 1801 2842 est

113 2872 263 2929 interdicit.
305 2873 410 2945 Magna
442 2874 527 2946 igitur
555 2875 702 2930 diversitas
728 2883 770 2932 est
797 2877 826 2930 in
852 2876 944 2930 allatis
969 2875 1139 2927 naturaliter
1164 2874 1266 2926 insitus
1287 2881 1314 2927 ct
1335 2877 1447 2943 penitae
1472 2875 1574 2938 intimis
1596 2875 1750 2928 acerrimus
1774 2883 1801 2928 ct

113 2959 256 3029 exemplis.
293 2959 408 3015 ludicia
424 2960 545 3016 forensia
563 2967 700 3030 tractae,
720 2961 842 3017 officium
859 2969 943 3017 torto·
970 2960 1182 3014 incitatissima
1199 2968 1254 3025 cet,
1284 2960 1385 3030 quique
1403 2968 1471 3029 port
1489 2961 1693 3028 labefactatam
1711 2961 1803 3030 primi

114 3045 152 3100 ris
176 3046 367 3102 administrare
391 3048 495 3118 pendet
519 3066 552 3104 ex
575 3049 718 3104 voluntate
738 3049 872 3117 humana,
896 3049 945 3104 sed
970 3048 1089 3101 hominis
1106 3048 1210 3101 scelere
1226 3048 1411 3116 intepritatem
1429 3055 1549 3100 naturae
1567 3047 1652 3101 multo
1664 3048 1802 3101 schemen·

114 3139 194 3187 entra
217 3133 377 3205 conjugium
401 3141 477 3189 casm
498 3134 604 3201 rivere,
629 3152 685 3190 non
710 3151 743 3189 ex
761 3135 873 3190 arbitrio
895 3135 945 3189 hu·
971 3135 1090 3188 mentior
1107 3142 1133 3187 ct
1152 3135 1318 3204 effrenatior
1329 3135 1474 3190 eastitit.**
1508 3136 1575 3188 Non
1588 3137 1736 3202 praecepit
1752 3152 1801 3188 un·

115 3234 206 3288 mano,
224 3237 319 3274 verum
338 3236 371 3274 ex
386 3219 520 3290 peculiari
539 3221 623 3274 solius
641 3221 694 3275 Dei
709 3221 782 3276 dono
799 3220 945 3291 dependet.
972 3239 1055 3291 quam
1071 3222 1152 3273 Deus
1170 3220 1233 3285 ulli,
1252 3229 1283 3273 ut
1301 3229 1370 3274 essa
1389 3222 1532 3274 marolus
1552 3229 1601 3274 aut
1616 3221 1733 3289 femina,
1752 3224 1804 3275 sed

115 3306 217 3361 Refero
243 3306 298 3360 huc
317 3306 408 3361 locum
426 3323 459 3361 ex
478 3307 548 3362 libro
563 3307 640 3362 lusti
655 3307 760 3372 lonae,
789 3324 871 3378 quem
889 3307 945 3362 Lu·
972 3308 1013 3361 cic
1033 3309 1150 3376 mecon,
1175 3308 1217 3361 cic
1234 3308 1314 3370 inuit
1333 3316 1360 3361 et
1377 3308 1518 3375 condidit,
1544 3316 1575 3360 ut
1594 3315 1684 3360 creent
1702 3324 1735 3360 σα
1752 3325 1803 3360 na·

116 3393 212 3447 therua
231 3408 400 3464 magnopere
418 3394 601 3460 commendat,
620 3393 649 3447 in
669 3411 724 3465 quo
742 3393 866 3449 defendit
883 3411 946 3449 con·
973 3402 1038 3447 tura
1057 3393 1200 3447 marcillus
1217 3400 1244 3446 ct
1258 3393 1384 3461 semina,·
1407 3394 1448 3446 sic
1473 3401 1499 3445 et
1517 3411 1572 3447 non
1586 3393 1747 3462 praecepit,
1771 3401 1802 3446 ut

115 3480 226 3551 jugium
251 3480 427 3535 sacerdotum
450 3480 582 3534 adverm
606 3479 741 3535 Fabrum:
772 3483 819 3534 Ea
847 3480 946 3535 Genea.
974 3487 1127 3537 crescerent
1144 3487 1170 3532 et
1187 3479 1458 3548 multiplicarentur,
1485 3480 1538 3532 ced
1560 3479 1611 3530 hoc
1632 3487 1751 3531 noemae
1776 3486 1803 3532 st

114 3567 210 3635 primo
231 3566 341 3637 (inquit)
360 3574 483 3636 constat,
507 3567 643 3620 hormnem
659 3584 715 3619 non
733 3567 824 3620 solum
841 3586 948 3622 maecu-
975 3567 1083 3639 pernino
1112 3567 1175 3618 huic
1201 3565 1281 3617 aemi
1303 3564 1402 3618 incenit
1429 3572 1455 3617 et
1476 3564 1596 3631 indidit,
1626 3571 1656 3616 ut
1677 3564 1750 3617 inter
1773 3578 1804 3617 sc

117 3655 177 3707 lum
205 3662 343 3722 creatum,
372 3655 424 3707 sed
453 3661 486 3716 etr
512 3653 656 3716 feminam.
701 3653 854 3708 Praeterea
888 3673 948 3708 cum
975 3663 1067 3709 mutuo
1093 3652 1259 3705 eaardcscut
1284 3657 1311 3704 ot
1332 3650 1429 3704 natica
1451 3651 1481 3702 oi
1503 3658 1586 3719 atquc
1603 3651 1708 3720 impetu
1724 3651 1803 3716 fera·

118 3750 241 3794 creacret
259 3743 339 3794 Deus
357 3740 511 3793 mamalum
527 3748 553 3792 ct
574 3740 725 3810 feminam,
749 3740 898 3794 benedicit·
909 3743 949 3794 cis
976 3749 1022 3794 tur
1039 3741 1080 3792 od
1096 3739 1275 3791 crescendum
1293 3745 1318 3789 et
1327 3738 1553 3805 propapandum.
1577 3737 1660 3790 Hunc
1672 3737 1804 3806 impetum

120 3829 264 3897 inquiens:
280 3828 402 3883 &ascite
421 3834 447 3879 ct
464 3826 697 3894 multiplicamini.
733 3829 780 3880 Ea
795 3828 847 3881 illo
863 3828 950 3895 ipitra
976 3828 1071 3895 ipitur,
1090 3825 1142 3877 hac
1155 3824 1289 3892 flammas
1307 3823 1348 3875 sic
1366 3822 1424 3891 ipsi
1436 3831 1556 3876 naturae
1567 3823 1668 3876 insitas
1680 3840 1715 3877 ac
1726 3823 1806 3876 sonui

121 3917 230 3968 clarum
249 3921 304 3983 cet,
328 3913 483 3966 mamalum
510 3920 536 3965 ct
557 3913 695 3978 feminam
717 3914 758 3966 cic
775 3923 895 3978 acatos,
919 3923 950 3967 ut
976 3920 1111 3968 cannatas
1134 3927 1191 3964 non
1214 3918 1254 3962 cst
1277 3917 1308 3963 ut
1331 3910 1393 3964 illis
1410 3909 1537 3962 humanis
1553 3917 1602 3962 aut
1620 3910 1709 3963 αἰίἰαα
1727 3926 1803 3963 crea

121 4003 343 4071 conjunpantur,
372 4008 498 4054 crescam
528 4008 553 4054 et
585 4000 814 4069 multiplicentur.
858 4002 950 4070 Atque
976 4009 1058 4053 turae
1078 3997 1184 4050 uiribus
1210 4001 1336 4050 coircere
1361 3996 1411 4049 aut
1426 3997 1580 4066 reprimere
1598 3997 1719 4060 coneric,
1747 3997 1806 4050 nici

120 4090 189 4141 haec
210 4089 295 4142 uerba
319 4089 379 4142 Dei
402 4096 459 4141 tam
479 4088 610 4157 potentia
629 4095 655 4141 ct
670 4089 802 4152 efficacia
819 4095 897 4154 runt,
920 4096 950 4141 ut
977 4091 1067 4164 Deus·
1083 4084 1210 4154 aliquam
1231 4084 1376 4154 pacidiari
1396 4083 1540 4137 vocatione
1563 4100 1597 4137 ac
1622 4085 1695 4137 dono
1719 4083 1805 4136 sulli-

57 4203 58 4207 =
112 4176 202 4229 nulla
218 4184 349 4230 creatrma
365 4191 453 4245 neque
469 4176 500 4228 in
517 4183 604 4241 terra,
619 4190 707 4242 neque
725 4175 754 4227 in
772 4175 849 4227 coclo
863 4175 951 4228 aliam
977 4174 1064 4227 miore
1095 4172 1206 4224 animat.
1250 4169 1329 4225 Haec
1359 4170 1413 4227 ills.
1455 4169 1510 4223 Res
1549 4168 1636 4240 igitur
1665 4187 1699 4224 eo
1726 4169 1806 4236 redit,

121 4263 193 4316 hanc
210 4271 341 4316 aduram
358 4263 457 4327 facore
470 4262 572 4330 possit,
585 4262 710 4330 proinde
728 4279 790 4314 cnm
806 4262 859 4315 hac
876 4263 949 4316 duae
978 4260 1045 4333 quia
1066 4258 1190 4329 pontifex
1214 4274 1264 4327 per
1281 4274 1359 4311 susm
1378 4256 1590 4327 prohibitionem
1611 4273 1742 4326 personas
1760 4271 1805 4308 sc·

121 4357 243 4403 naturae
265 4350 305 4402 sic
329 4367 348 4402 a
365 4350 428 4402 Deo
447 4354 558 4401 alatae
576 4348 633 4400 rint
650 4365 684 4400 ac
701 4348 811 4417 factae,
839 4356 870 4402 ut
887 4365 951 4402 con·
978 4345 1147 4403 clesiasticas
1173 4362 1227 4399 non
1257 4344 1352 4400 eximit
1377 4360 1429 4398 nec
1451 4344 1568 4399 eximere
1590 4348 1682 4413 potest
1706 4359 1739 4396 ex
1757 4356 1806 4395 nu·

116 4439 293 4507 junpantur,
327 4436 354 4489 ri
376 4435 416 4488 sic
438 4435 592 4502 mmculrcs,
616 4433 705 4486 nihilo
730 4434 820 4501 mapis
846 4434 876 4487 in
904 4443 951 4487 tua
978 4450 1053 4489 mero
1072 4431 1227 4493 hominum,
1253 4429 1401 4502 inquibus
1417 4429 1532 4484 verbum
1551 4428 1619 4495 Dei,
1642 4428 1757 4481 σσαεσίεσ
1781 4434 1808 4479 ct

119 4530 258 4591 poteritate
275 4522 358 4574 ritum
378 4529 431 4589 est,
457 4529 488 4575 ut
505 4537 604 4573 carcar
623 4520 753 4590 muliere,
776 4537 861 4589 quam
878 4520 954 4574 illud
978 4516 1223 4589 multiplicamini,
1243 4523 1285 4571 est
1302 4516 1415 4584 efficax,
1434 4533 1485 4571 nec
1503 4515 1636 4587 peculiari
1655 4513 1703 4567 illo
1722 4512 1808 4567 conti·

10 4617 55 4659 111.
64 4614 111 4658 aaa.
124 4619 178 4673 cet,
202 4617 232 4661 ut
253 4626 309 4662 non
331 4609 372 4662 sis
393 4609 470 4678 quod
486 4614 597 4661 creatus
614 4622 660 4671 cs,
687 4623 785 4676 nenipc
806 4607 953 4661 masculus.
980 4606 1091 4662 neniae
1117 4604 1189 4659 dono
1214 4619 1261 4657 eos
1285 4602 1411 4666 instruit,
1440 4601 1502 4656 ideo
1520 4599 1667 4671 prohibitio
1685 4599 1808 4670 conjugii

123 4697 153 4749 Ε
170 4697 280 4750 dianio
298 4695 326 4748 ri
342 4695 382 4747 sis
397 4694 514 4761 mulier,
539 4693 630 4746 nihilo
654 4692 744 4761 mupir
766 4692 796 4744 in
815 4701 864 4746 tua
876 4701 954 4763 pote·
980 4693 1090 4747 divinae
1107 4688 1275 4744 ordinationi
1295 4693 1438 4759 repugnat
1471 4687 1530 4743 Nec
1548 4685 1639 4750 refert,
1659 4683 1809 4754 quodcum

123 4790 193 4836 stam
215 4782 298 4834 situm
320 4789 373 4850 eat,
397 4789 427 4834 ut
448 4794 548 4833 coreas
570 4778 645 4848 viro,
670 4797 754 4848 qnam
776 4778 828 4831 ltoc
846 4786 901 4846 ert,
924 4787 955 4831 ut
981 4777 1138 4834 conditione
1165 4775 1315 4845 prohibitio
1343 4776 1462 4841 feratur,
1494 4772 1559 4825 dum
1587 4769 1660 4825 enim
1685 4769 1809 4840 pontifex

123 4887 181 4922 non
202 4869 243 4921 sis
266 4867 374 4923 mulier.
412 4866 500 4920 Illum
527 4881 594 4933 erpo
620 4865 757 4932 pcnialem
781 4864 911 4933 impetum
930 4872 956 4918 ct
980 4864 1118 4921 neminem
1142 4862 1227 4916 sacris
1251 4861 1354 4915 initiari
1372 4861 1401 4913 in
1418 4857 1568 4927 maj0rihus
1588 4855 1731 4910 ordinibus
1747 4869 1808 4924 per-

125 4962 245 5008 naturae
268 4954 437 5023 insculptum
461 4952 605 5020 affectum,
632 4968 687 5019 quo
705 4950 807 5004 mulier
825 4951 1079 5020 concupi-imitat,
1096 4948 1150 5003 uisi
1167 4952 1233 5003 roto
1252 4946 1405 5001 coelibatus
1422 4960 1481 4998 sese
1498 4943 1574 5012 prius
1590 4942 1759 5013 obstringat,
1777 4957 1809 4996 eo

126 5042 179 5094 scit
199 5040 354 5094 marculum
376 5048 402 5093 et
425 5036 566 5091 masculus
588 5037 739 5107 feminam,
767 5055 823 5092 non
850 5045 891 5091 eat
906 5055 955 5090 no-
982 5038 1043 5108 ipso
1068 5034 1272 5090 matrimonium
1296 5038 1371 5087 certo
1391 5029 1476 5083 alicui
1494 5028 1634 5083 hominum
1651 5028 1746 5100 generi
1762 5043 1808 5097 pe-

127 5137 249 5182 strarnm
266 5127 368 5181 sirium
386 5139 494 5180 curnem
514 5129 563 5175 aut
577 5137 698 5191 ponere,
722 5127 773 5178 scd
796 5125 837 5177 sic
854 5142 874 5177 a
893 5126 956 5178 Deo
981 5124 1056 5177 nitus
1080 5121 1230 5178 interdicit.
1266 5122 1292 5171 2.
1309 5116 1464 5186 Apostolua
1489 5116 1612 5184 loquitur
1632 5116 1667 5168 de
1688 5115 1736 5180 iic,
1762 5114 1812 5183 qui

129 5215 230 5278 menti,
257 5214 298 5267 sic
322 5213 394 5281 ticli,
422 5212 464 5265 cic
490 5207 598 5262 conditi
622 5223 724 5262 nemun
760 5211 849 5264 Haud
873 5211 957 5265 aliter
983 5208 1107 5263 absoluta
1137 5207 1251 5276 nuptias
1282 5206 1469 5270 damnarunt,
1502 5203 1600 5272 quales
1624 5203 1712 5268 fuero
1742 5200 1810 5254 olim

130 5318 195 5369 erpo
216 5308 300 5368 atquc
318 5299 392 5367 ipnie
410 5315 467 5351 non
488 5302 581 5365 potest
599 5311 656 5347 non
675 5295 782 5361 calme,
810 5315 886 5366 aqua
902 5315 958 5351 non
987 5295 1135 5363 Tatianuc,
1156 5294 1287 5346 Marcion
1305 5299 1330 5344 et
1344 5289 1538 5353 Manichacus,
1556 5287 1702 5350 Pontificii
1712 5286 1745 5339 id
1756 5304 1811 5340 non

127 5396 219 5457 poteet
238 5402 294 5439 non
310 5387 432 5452 madere,
450 5385 527 5453 meod
541 5391 686 5448 utrumque
705 5382 746 5432 εἰσ
763 5383 799 5434 sit
818 5392 957 5452 meatum,
983 5382 1103 5448 faciunt.
1151 5376 1377 5447 Respondemus:
1412 5374 1560 5439 Fatemur,
1593 5373 1662 5427 haec
1694 5371 1812 5443 apostoli

184 5481 283 5522 (lethardi
298 5478 339 5520 loci
372 5479 404 5520 Vl.
1449 5486 1475 5533 15
