4020 6014
206 247 266 306 284
783 242 905 299 Locus
925 240 1128 298 vlessussts
1146 242 1325 308 QUARTUS

205 396 308 450 servari
319 395 409 451 eidem
423 402 566 466 acceptum
579 397 667 452 fertur
678 397 784 453 auctori
803 397 948 468 eidemque
960 393 1102 476 prin-ltet
1124 413 1185 452 esse
1205 397 1326 468 aliquem
1351 397 1475 453 ordinem
1499 414 1533 452 ac
1555 397 1696 469 regimen,
1734 399 1851 469 proinde
1875 400 1898 452 si

205 480 285 552 cipio,
305 482 429 553 Scaliger
446 500 533 539 exerc.
552 490 592 540 31.
612 490 640 539 et
653 490 710 540 250.
741 484 830 555 Atqui
844 483 1036 555 magistratum
1063 481 1144 539 homo
1163 501 1213 553 per
1233 491 1357 538 naturam
1369 484 1406 538 ad
1419 483 1577 538 societatem
1589 484 1717 539 conditus
1730 491 1781 549 est,
1800 486 1898 556 ntique

206 567 351 637 politicum
370 569 448 623 Deus
468 587 518 624 sua
544 570 714 642 benignitate
732 587 765 625 ac
784 571 908 641 potentia
926 583 1036 623 conser·
1064 568 1146 623 etiarn
1159 569 1294 641 ¹regimen
1321 576 1436 625 naturae
1459 569 1516 640 juri
1536 571 1670 639 congruit.
1712 571 1830 640 insuper
1848 589 1897 626 na·

207 660 261 718 vat,
284 663 316 709 ut
334 656 488 710 monuimus
507 657 632 726 superius
651 664 679 710 et
703 663 819 727 apparet
845 673 877 710 ex
905 656 948 708 his
965 654 1035 710 Scri·
1063 660 1127 708 tura
1151 655 1272 709 humana
1295 655 1432 710 instructa
1455 662 1498 710 est
1520 656 1625 710 notitiis
1653 657 1784 727 practicis
1810 665 1839 713 et
1858 658 1899 713 di·

206 747 303 809 pturae
327 741 408 795 dictis
435 742 535 797 l‘salm.
555 747 602 804 21,
625 761 651 795 v.
672 749 699 797 1:
726 744 849 796 Domine
875 742 905 794 in
921 741 1035 806 fresion-
1065 741 1191 797 scrimine
1209 742 1385 796 honestorum
1404 759 1436 795 ac
1452 743 1592 812 turpium,
1617 750 1769 812 quaesunt
1786 743 1899 799 divinae

206 827 273 879 dine
288 837 338 881 too
358 847 407 881 ree
426 830 589 898 loetabitur,
608 830 658 885 hoe
677 836 719 884 est
736 830 803 901 quia
824 827 979 884 fortificasti
1003 844 1036 881 ac
1065 827 1208 898 imaginis,
1231 828 1267 882 ad
1286 846 1369 899 quam
1387 828 1468 883 homo
1488 829 1616 883 conditus
1633 835 1688 892 est,
1712 829 1833 901 ipsimae,
1853 848 1899 883 ru·

207 912 365 968 stabilirieti
385 932 475 969 meum
495 933 626 986 regnum,
654 916 716 970 ideo
740 933 773 970 ex
792 916 865 970 laeto
883 913 966 969 corde
984 912 1036 967 tibi
1065 913 1132 967 ders
1150 930 1183 967 ac
1202 914 1331 985 vestigia,
1359 924 1390 968 ut
1409 914 1639 986 quemadmodum
1659 916 1688 968 in
1705 915 1797 968 anima
1816 932 1899 985 supe-

206 1000 310 1070 gratius
328 1016 389 1071 ago.
426 1001 528 1058 Psalm.
549 1008 593 1064 311,
614 1020 639 1059 v.
659 1008 689 1059 8:
709 1003 829 1056 Domine
848 1003 879 1054 in
895 1001 1036 1053 volontate
1063 1000 1147 1054 riores
1163 1000 1234 1054 vires
1253 1005 1391 1070 imperant
1410 1000 1603 1064 inferioribus,
1622 1001 1662 1054 ita
1680 1001 1728 1071 qui
1746 1001 1775 1054 in
1794 1017 1899 1072 genere

206 1094 255 1138 tuo
283 1077 410 1162 3352'32,
436 1087 465 1142 in
490 1087 664 1158 beneplacito
689 1095 746 1155 tuo,
774 1097 849 1140 stare
877 1087 974 1152 sociata
1007 1088 1034 1139 in
1063 1085 1185 1140 humano
1204 1087 1266 1140 aliis
1284 1086 1420 1156 sapientia
1434 1094 1463 1140 et
1481 1087 1646 1140 auctoritate
1663 1094 1813 1156 praestant,
1835 1089 1898 1141 aliis
1970 1079 1973 1083 ⁴

206 1181 295 1225 monte
313 1190 371 1226 nreo
389 1174 599 1241 fortitudinem,
627 1175 680 1228 hoc
704 1180 746 1229 est
764 1173 922 1228 stabilivisti
942 1189 975 1226 ac
993 1189 1036 1226 ro·
1063 1172 1185 1241 praesint
1208 1189 1310 1242 eosque
1327 1178 1434 1242 regant,
1455 1189 1510 1242 quo
1529 1188 1611 1226 sensu
1632 1189 1664 1226 ac
1683 1180 1811 1242 respectu
1830 1173 1897 1231 Phi-

159 1290 160 1294 =
206 1258 310 1312 borasti
335 1277 426 1314 meum
452 1278 581 1331 reguum,
611 1270 642 1315 ut
666 1262 751 1315 monti
781 1259 895 1314 firmiter
914 1258 1037 1313 stabilito
1063 1257 1193 1329 losophus
1211 1258 1289 1325 dixit,
1308 1258 1469 1313 servitutem
1488 1274 1547 1312 esse
1565 1276 1583 1311 a
1600 1263 1708 1311 natura.

205 1362 239 1400 ac
256 1345 372 1401 fundato
389 1348 541 1417 comparari
560 1348 655 1418 possit
687 1347 758 1402 Dan.
776 1353 800 1410 2,
812 1365 837 1400 ν.
851 1352 898 1402 2οι
919 1345 1039 1399 Domini
1097 1350 1138 1399 46.
1174 1344 1297 1398 Tertiam
1328 1349 1555 1415 argumentorum
1589 1351 1746 1399 nostrorum
1778 1342 2008 1398 classemtl'rohr

207 1440 247 1484 eat
265 1435 406 1504 snpientia
431 1442 457 1486 et
476 1435 629 1497 fortitudo,
659 1451 684 1490 v.
703 1439 744 1489 21.
771 1434 829 1502 ipse
854 1421 973 1485 removet
995 1448 1037 1483 re·
1063 1430 1256 1484 constituimus
1267 1446 1301 1484 ex
1314 1430 1438 1500 probatis
1450 1430 1590 1500 exemplis,
1602 1446 1672 1500 quae
1685 1430 1780 1484 itidem
1791 1436 1898 1483 testan·
1912 1405 2008 1503 {25:¹⁸⁰

206 1535 263 1588 pes,
280 1519 341 1586 ipse
354 1528 431 1572 stare
446 1521 518 1579 fecit
531 1520 684 1573 destabilis
697 1502 890 1594 repsal'ssjt
902 1516 1036 1592 ²⁸17?er
1064 1523 1119 1584 tur,
1149 1517 1327 1588 magistratus
1358 1516 1490 1570 divinitus
1520 1514 1659 1570 constitui.
1698 1515 1743 1569 sio
1770 1515 1898 1570 videmus

205 1603 254 1658 uhi
273 1621 414 1661 removere
434 1613 463 1659 et
480 1605 602 1660 stabilire
628 1605 685 1660 sive
705 1622 868 1660 conservare
891 1603 943 1658 sibi
969 1604 1036 1656 invi·
1064 1603 1206 1660 Siraciden
1223 1619 1282 1673 cap.
1302 1608 1343 1670 44,
1361 1621 1386 1658 v.
1407 1610 1429 1658 3.
1447 1603 1518 1656 inter
1537 1602 1609 1656 viros
1622 1608 1732 1657 sanctos
1751 1607 1779 1655 et
1796 1602 1898 1672 glorio·

206 1707 265 1744 cem
290 1698 466 1761 opponuntur
489 1698 517 1746 ot
541 1699 688 1761 utrumque
712 1699 839 1762 respectu
869 1690 1037 1744 diversorum
1064 1706 1108 1743 sos
1127 1689 1229 1744 referre
1248 1705 1308 1754 eos,
1333 1691 1383 1759 qni
1407 1690 1549 1741 ‹irnninnti
1572 1697 1635 1741 erint
1659 1690 1688 1741 r'n
1711 1688 1899 1756 potestatibus

206 1776 377 1848 objectorum
405 1778 466 1832 Deo
492 1778 629 1834 tribuitur.
667 1778 753 1849 Hagg
791 1785 820 1841 2,
847 1796 872 1830 ν.
901 1782 942 1832 23.
970 1777 1038 1831 dicit
1063 1777 1121 1828 arsis
1137 1784 1162 1828 et
1182 1777 1357 1844 imperarant
1378 1776 1407 1828 in
1426 1776 1540 1844 popolo.
1580 1779 1720 1846 Agerero
1737 1791 1795 1828 rem
1813 1774 1898 1843 paulo

207 1863 357 1918 Dominus:
381 1866 444 1933 Epo
469 1864 624 1916 nrboerlam
651 1866 753 1917 aelisam
770 1881 919 1932 regnorum
936 1871 963 1916 st
981 1861 1037 1914 dis·
1064 1863 1146 1916 altius
1163 1878 1344 1918 arcessamus.
1372 1861 1517 1931 Specimen
1536 1879 1568 1915 ac
1587 1861 1762 1930 praeludium
1782 1860 1897 1931 aliquod

203 1952 324 2021 perdam
353 1951 551 2013 fortitudinem
580 1967 728 2017 regnorum
759 1952 895 2018 porru'nar,
925 1948 974 2003 sed
1001 1947 1037 2001 ad
1064 1948 1169 2018 politici
1187 1948 1366 2019 magistratus
1383 1948 1555 2017 propositum
1575 1947 1628 2001 init
1647 1946 1747 2001 tumlu
1766 1946 1898 2014 dominio,

206 2036 360 2091 Zerubabel
385 2036 454 2089 dicit
471 2054 497 2093 v.
518 2042 556 2092 21,
574 2055 682 2105 ponam
708 2046 734 2090 te
759 2038 831 2089 sient
854 2035 1037 2103 sipnaonlmn,
1065 2034 1140 2104 quod
1160 2033 1237 2088 Deus
1255 2034 1343 2104 primo
1362 2033 1465 2087 bomini
1485 2034 1622 2088 concessit
1639 2033 1668 2087 in
1686 2038 1788 2088 cuncta
1806 2039 1899 2087 terrae

206 2121 257 2175 hoc
278 2128 319 2175 est
337 2123 476 2177 stabiliam
501 2127 580 2176 thum
602 2123 797 2193 principatum.
835 2122 969 2177 Diabolus
986 2121 1038 2174 Dei
1066 2121 1226 2185 animantia,
1244 2126 1302 2174 tum
1322 2121 1351 2173 in
1371 2127 1508 2189 potestate
1525 2121 1623 2190 patria,
1643 2137 1725 2190 quam
1743 2126 1808 2174 ante
1827 2120 1896 2173 dilu-

135 2268 139 2279 ,
207 2214 236 2262 et
252 2208 365 2262 humani
383 2209 492 2281 generis
510 2209 597 2265 hostis
616 2208 761 2269 donandos
783 2206 846 2263 odio
866 2209 975 2262 divinae
995 2224 1038 2260 or·
1064 2208 1138 2261 vium
1162 2208 1200 2277 pii
1228 2206 1403 2277 patriarchae
1428 2207 1456 2259 in
1482 2206 1538 2260 suis
1569 2206 1681 2260 familiis
1707 2214 1897 2260 exercuerunt.

209 2294 357 2349 dinationis
377 2304 405 2349 et
424 2297 535 2364 salutis,
563 2313 634 2368 quae
653 2313 703 2366 per
724 2313 783 2351 eant
803 2296 898 2366 generi
917 2295 1038 2348 humano
1065 2294 1168 2348 Molina
1196 2294 1241 2348 lib.
1268 2302 1365 2348 contra
1392 2293 1497 2347 abusus
1526 2310 1620 2363 papas.
1649 2311 1676 2363 p.
1706 2298 1762 2348 128.
1786 2293 1898 2347 demon·

81 2397 195 2439 nsanos.
209 2379 358 2450 confertur,
376 2381 499 2452 quotidie
518 2383 620 2437 excitat
636 2382 812 2436 confusiones
829 2390 857 2436 et
874 2381 984 2447 turbas,
1005 2397 1037 2433 ac
1067 2388 1154 2435 strare
1181 2387 1310 2449 conatur,
1333 2380 1518 2448 pratriorchos
1540 2389 1564 2431 et
1585 2381 1700 2447 jndices
1718 2387 1782 2434 ante
1800 2396 1898 2450 regum

206 2473 307 2521 natura
324 2467 444 2522 humana
463 2477 576 2539 propter
593 2469 795 2540 corruptionem
814 2467 976 2539 originalem
997 2473 1040 2521 est
1068 2467 1231 2522 electionem
1251 2472 1389 2537 potestate
1415 2466 1494 2538 regia
1515 2483 1579 2519 usos
1603 2466 1702 2529 fuisse,
1729 2466 1798 2519 alias
1824 2465 1897 2519 enim

207 2550 325 2620 infirma,
342 2554 378 2607 ad
393 2552 508 2616 ἀταξίαν
525 2563 552 2609 et
570 2553 774 2608 drnraomolnv
792 2555 980 2624 propendens,
1000 2553 1037 2607 le·
1068 2571 1119 2608 nee
1137 2553 1211 2609 bella
1228 2570 1333 2625 gerere,
1350 2570 1401 2608 nec
1427 2553 1457 2608 in
1475 2553 1643 2607 facinorosos
1661 2552 1754 2623 gladio
1776 2551 1898 2605 animad-

207 2655 274 2709 gum
294 2647 390 2695 contra
409 2657 441 2695 ac
456 2641 617 2711 disciplinae
631 2642 740 2696 vincula
759 2657 907 2709 aversans3
928 2639 1037 2693 divinae
1065 2646 1172 2695 vertere
1195 2641 1362 2710 potuissent,
1396 2656 1512 2711 quorum
1537 2644 1629 2693 tamen
1654 2639 1730 2709 prius
1755 2639 1791 2693 ah
1809 2638 1898 2692 Abra·

208 2743 273 2797 ergo
290 2725 406 2781 bonitati
429 2734 457 2781 et
475 2729 615 2798 potentiae
629 2733 774 2798 acceptum
792 2726 945 2794 ferendum,
964 2725 1038 2797 quod
1065 2725 1161 2790 harno,
1191 2727 1328 2797 posterius
1359 2745 1377 2780 a
1406 2726 1505 2797 Moyse
1532 2725 1636 2779 factum
1665 2724 1750 2778 fuisse
1782 2730 1897 2778 constat.

207 2812 236 2866 in
260 2817 339 2866 tanta
365 2819 481 2868 naturae
508 2813 645 2868 humanae
672 2813 831 2869 infirmitate
848 2813 932 2883 inque
952 2812 1039 2866 tantis
1068 2813 1166 2866 Statim
1194 2830 1313 2883 namque
1339 2819 1400 2881 post
1430 2811 1563 2865 dilnvium
1590 2828 1656 2864 usus
1682 2811 1777 2878 pladii
1802 2818 1898 2864 contra

208 2898 312 2953 diaboli
344 2899 483 2954 furoribus
517 2901 650 2955 honestae
685 2900 799 2970 politiae
833 2904 1038 2954 conservantur.
1065 2899 1217 2952 homicidas
1244 2905 1272 2953 et
1293 2897 1462 2952 facinorosos
1491 2897 1594 2950 homini
1616 2897 1745 2965 traditur,
1784 2895 1854 2951 Gen.
1873 2902 1899 2963 9,

207 2984 271 3038 Huc
299 2985 433 3055 pertinet,
462 2985 535 3056 quod
561 2986 637 3041 Deus
661 2986 798 3055 judicium
825 3003 906 3039 suum
934 2992 1042 3040 exercet
1066 2991 1126 3040 ab
1153 2985 1227 3039 unde
1245 2983 1342 3054 procul
1361 2984 1446 3038 dubio
1464 3001 1497 3038 ex
1516 2984 1563 3036 illo
1591 2991 1714 3053 tempore
1738 2989 1831 3052 patres
1856 2982 1895 3036 fu·

208 3071 341 3125 adversus
359 3072 515 3126 turbatores
535 3089 567 3125 ac
584 3072 739 3140 seditiosos,
757 3072 804 3142 qui
821 3089 944 3126 eversum
963 3068 1039 3139 cupi·
1066 3071 1202 3125 miliarum
1220 3089 1283 3125 cum
1305 3078 1441 3141 potestate
1465 3071 1556 3140 patria
1579 3071 1662 3124 etiarn
1690 3070 1830 3138 politicam
1847 3087 1897 3139 gu·

209 3163 260 3211 unt
288 3157 360 3211 hunc
391 3157 514 3211 ordinem
542 3158 675 3212 divinitus
692 3159 856 3215 institutum.
888 3157 968 3211 Prov.
999 3162 1040 3224 21,
1066 3157 1253 3212 bernationem
1271 3162 1459 3211 exercuerunt.
1492 3155 1560 3210 Gen.
1586 3162 1630 3224 14,
1660 3175 1686 3212 s.
1716 3163 1755 3210 14.
1774 3161 1802 3209 et
1821 3172 1897 3226 seqq.

208 3262 235 3299 v.
263 3250 309 3298 21:
343 3244 422 3296 Time
442 3245 583 3299 donuinam
609 3254 743 3312 strepens
772 3254 797 3298 et
818 3263 879 3298 eom
899 3245 1042 3297 seditiosis
1067 3243 1208 3299 Abraham
1231 3243 1432 3313 expeditionem
1450 3242 1568 3312 suscipit
1587 3250 1683 3316 eontra
1700 3259 1788 3312 reges,
1806 3243 1896 3313 aqui-

209 3347 244 3382 ne
271 3330 390 3383 misceas
419 3338 452 3400 te,
476 3349 502 3385 v.
531 3335 572 3386 22.
599 3333 731 3400 quoniam
758 3339 871 3400 repente
897 3339 1041 3397 consurget
1067 3330 1120 3384 bus
1147 3330 1254 3385 Lothus
1282 3329 1369 3400 ipsius
1391 3346 1424 3384 ex
1446 3329 1532 3383 fratre
1557 3344 1641 3397 nepos
1661 3328 1764 3398 injuria
1780 3329 1897 3384 affectus

208 3416 321 3470 esitium
342 3435 443 3471 eorum.
480 3417 578 3472 Matth.
600 3423 640 3482 26,
659 3435 684 3471 v.
706 3423 752 3473 52:
774 3417 830 3479 oris
848 3418 976 3484 gladium
995 3435 1040 3471 ae-
1067 3423 1137 3485 erat,
1155 3418 1242 3487 gessit
1258 3433 1324 3488 ergo
1344 3416 1438 3470 divina
1457 3415 1623 3470 auctoritate
1646 3423 1674 3468 ot
1691 3414 1822 3468 mandato
1842 3432 1898 3468 non

208 3504 313 3570 caperit
334 3509 387 3557 ete.-
1066 3503 1269 3557 oecouomicum
1293 3504 1395 3566 solum,
1422 3501 1471 3556 sed
1495 3501 1578 3555 etiam
1602 3501 1743 3571 politicum
1766 3500 1896 3565 officium,

231 3594 283 3649 ,45.
325 3594 347 3644 8.
374 3589 537 3660 Quicunque
567 3595 655 3644 status
680 3590 738 3659 juri
762 3597 878 3645 naturae
904 3589 1039 3660 congruit,
1065 3592 1144 3660 cujus
1163 3589 1268 3644 ratione
1286 3589 1383 3658 arripit
1401 3605 1477 3642 arma
1496 3606 1551 3642 uon
1570 3585 1765 3658 πολιορκητικὰ
1786 3587 1823 3640 ad
1840 3587 1895 3640 vim

207 3673 254 3745 ille
270 3674 353 3728 etiam
375 3682 417 3730 est
432 3676 502 3745 juris
520 3675 607 3729 divini
625 3683 653 3729 et
671 3693 719 3744 per
744 3693 914 3746 consequens
942 3675 1037 3729 aDeo
1066 3675 1250 3743 inferendam,
1276 3675 1324 3729 sed
1349 3673 1505 3746 riporrsjpso
1523 3674 1558 3727 ad
1585 3673 1713 3742 injuriam
1732 3673 1895 3743 propulsan-

210 3761 361 3815 ordiuutus.
396 3762 575 3832 Magistratus
597 3760 718 3815 officinm
744 3780 776 3817 ac
801 3768 890 3817 status
911 3762 1039 3834 congruit
1065 3763 1144 3830 darn,
1168 3769 1196 3816 et
1214 3761 1280 3832 quia
1300 3760 1401 3815 dicitur
1425 3775 1544 3813 armasse
1562 3762 1681 3834 witi„
1695 3761 1820 3813 initr’oeos
1846 3761 1895 3812 do-

206 3847 264 3917 juri
285 3853 408 3902 naturae.
442 3847 527 3918 Ergo.
570 3849 751 3917 Assumptum
778 3849 924 3919 probatur:
968 3850 1038 3904 Cum
1065 3865 1125 3901 mus
1142 3864 1217 3914 neos,
1236 3864 1268 3902 ex
1288 3862 1320 3900 eo
1337 3846 1509 3916 intelligitur,
1527 3846 1602 3916 quod
1618 3863 1717 3899 vertras
1738 3863 1801 3901 suos
1820 3845 1848 3898 in
1867 3863 1896 3899 re

208 3940 266 3988 tota
293 3950 383 3986 rerum
408 3933 587 3987 universitate
612 3933 669 3987 sive
702 3941 801 3988 natura
830 3935 977 3990 universali
1000 3937 1040 3991 ita
1065 3933 1178 3988 militari
1197 3932 1367 3996 informavit,
1394 3939 1511 3986 testatur
1532 3933 1615 3987 etiam
1633 3939 1748 3987 eventus
1768 3939 1795 3985 ct
1814 3932 1896 3988 bene·
1911 3936 2008 3979 1111254

207 4027 396 4089 comparatum
416 4026 472 4083 est,
502 4024 533 4071 ut
553 4018 656 4073 babeat
674 4027 806 4075 rectorem
826 4028 855 4076 et
872 4022 1039 4093 gubernato·
1067 4020 1150 4074 dictio
1180 4019 1387 4086 Melchisedeci‚
1413 4019 1517 4073 bellum
1546 4019 1616 4072 illud
1640 4019 1740 4072 divinis
1764 4020 1896 4090 auspiciis

207 4121 264 4160 rem
279 4105 368 4159 Deum
387 4104 529 4176 Optimum
553 4105 712 4174 Maximum,
736 4106 842 4176 absque
866 4109 946 4176 cujus
969 4109 1038 4163 dire·
1065 4106 1149 4160 luisse
1174 4113 1289 4176 gestum.
1325 4105 1476 4175 Josephum
1503 4106 1598 4159 divina
1629 4106 1801 4176 providentia
1832 4123 1896 4160 con-

207 4190 298 4245 atione
315 4191 337 4244 si
354 4197 438 4256 esset,
464 4207 498 4245 ne
518 4190 629 4258 quidem
649 4191 685 4244 ad
706 4199 872 4247 momentum
893 4195 1038 4264 persistere
1065 4193 1192 4247 stitutum
1211 4192 1296 4248 irrisae
1316 4193 1400 4247 totius
1420 4191 1543 4263 Aegypti
1569 4192 1709 4245 dominum
1737 4208 1770 4246 ac
1790 4194 1896 4263 praese·

207 4285 307 4348 posset.
344 4278 524 4332 Particularia
544 4279 627 4332 etiam
647 4286 748 4332 natura
765 4281 897 4349 ostendit,
916 4281 944 4335 in
964 4283 1038 4336 omni
1065 4284 1141 4334 ctum
1159 4278 1258 4334 Genea.
1279 4287 1327 4347 41,
1352 4297 1377 4336 v.
1398 4286 1438 4333 43.
1459 4294 1520 4348 cap.
1540 4284 1585 4345 42,
1603 4296 1627 4330 r.
1647 4286 1669 4333 6.
1689 4285 1806 4333 testatur
1825 4279 1896 4348 ipse·
1987 4343 1988 4346 Ἴ

208 4373 289 4420 coetu
312 4382 346 4418 ac
365 4365 496 4419 societate
521 4365 706 4418 necessarium
725 4382 798 4432 esse,
831 4373 863 4420 ut
886 4368 985 4439 aliquis
1003 4370 1039 4424 sit
1065 4372 1129 4431 met,
1150 4366 1262 4435 quaudo
1281 4363 1373 4419 Genea
1399 4371 1441 4426 45,
1460 4381 1486 4421 v.
1508 4369 1531 4419 8.
1552 4363 1588 4418 ad
1607 4363 1705 4419 iratres
1725 4382 1789 4418 suos
1810 4366 1894 4420 dicit:

209 4459 300 4508 rector
318 4469 351 4505 ac
371 4422 483 4520 ductor',
509 4452 557 4521 qui
574 4451 686 4520 reliquis
702 4449 806 4521 praesit
832 4469 934 4525 eosque
952 4463 1039 4526 regat.
1066 4453 1131 4505 Non
1148 4471 1196 4505 vos
1217 4468 1256 4505 me
1276 4452 1391 4505 misisn'a
1408 4451 1468 4514 larse,
1486 4453 1538 4504 sed
1551 4453 1630 4504 Deus
1651 4460 1676 4504 et
1691 4454 1788 4520 posuit
1806 4471 1849 4506 me
1867 4455 1897 4505 in

208 4539 254 4595 Sic
272 4540 344 4594 inter
364 4556 429 4609 apes
447 4545 475 4593 et
494 4555 576 4610 grues
594 4555 666 4591 unns
679 4543 811 4610 tanquam
828 4557 875 4593 rer
893 4549 922 4595 et
942 4542 1039 4597 ductor·
1060 4548 1174 4607 patrem
1195 4540 1311 4593 Phorco
1330 4548 1356 4592 et
1374 4540 1403 4590 in
1423 4539 1564 4591 domimini
1578 4540 1675 4593 ‹Mmai
1691 4540 1751 4607 ejus
1772 4548 1796 4592 et
1810 4542 1898 4594 domi-

208 4627 322 4697 reliquis
339 4626 453 4689 eminet,
475 4625 522 4695 qui
542 4625 672 4679 ducatum
693 4625 748 4678 illis
767 4633 898 4695 praestat.
932 4626 965 4680 ln
982 4644 1037 4682 om·
1065 4635 1191 4679 notorem
1212 4627 1240 4678 in
1259 4627 1430 4678 omniserunt
1453 4626 1580 4693 Aegypti.
1608 4644 1624 4678 v
1653 4631 1677 4681 9.
1697 4625 1799 4680 referre
1814 4627 1898 4696 jubet

209 4713 291 4767 nibus
310 4712 405 4765 mundi
425 4710 551 4785 partibus
570 4710 723 4779 imperandi
743 4720 771 4767 et
788 4713 903 4780 parendi
922 4714 1037 4770 diversi·
1066 4713 1102 4765 ad
1121 4718 1240 4781 patrem,
1269 4711 1342 4781 quod
1361 4709 1437 4765 Deus
1454 4711 1544 4781 ipsum
1562 4711 1684 4780 posuerit
1703 4712 1732 4763 in
1754 4713 1897 4766 donuinam

208 4806 293 4854 utem
312 4797 518 4868 deprehendere
535 4797 614 4863 licet,
644 4804 675 4851 ut
701 4798 822 4853 ostendit
839 4798 927 4854 Casus
946 4800 992 4855 lib
1019 4809 1037 4854 1.
1066 4800 1142 4852 orani
1162 4801 1296 4867 Aegypto.
1334 4798 1445 4869 Moyses
1458 4798 1552 4851 divina
1566 4797 1706 4851 voluntate
1719 4798 1896 4852 constituitur

206 4885 311 4955 politic.
336 4902 358 4939 c.
386 4892 408 4939 5.
428 4901 461 4937 ac
488 4884 586 4939 Cicero
611 4884 702 4954 inquit
720 4884 768 4941 lib.
789 4891 812 4938 2.
833 4886 866 4939 do
884 4895 939 4942 nat
965 4887 1037 4942 Deo·
1065 4887 1235 4957 gubernator
1264 4885 1359 4955 populi
1390 4884 1548 4954 Israelitici,
1588 4900 1670 4955 quern
1701 4902 1733 4938 ex
1764 4883 1896 4956 Aegypto

206 4989 277 5026 sum:
300 4972 413 5024 Ornaem
433 4979 582 5034 notorem,
609 4989 756 5040 euoenon
776 4981 816 5025 est
834 4972 967 5039 nirnplen,
986 4976 1040 5026 sed
1066 4973 1196 5043 auspiciis
1224 4971 1388 5028 felicissimis
1412 4973 1506 5027 educit
1530 4989 1562 5026 ac
1582 4973 1658 5043 leges
1685 4979 1712 5024 et
1732 4976 1838 5025 statuta
1856 4974 1896 5028 illi

206 5075 268 5110 oum
286 5057 346 5111 olio
364 5073 496 5124 connexu,
514 5073 624 5110 necesse
643 5059 799 5111 esthabere
817 5058 940 5126 olr'quem
959 5059 989 5110 in
1007 5077 1038 5111 se
1065 5058 1236 5129 praescribit.
1269 5058 1337 5112 Post
1355 5066 1470 5113 mortem
1489 5060 1594 5129 Moysis
1610 5058 1700 5112 dosua
1719 5059 1897 5114 constituitur

205 5144 405 5212 principalem.
442 5141 505 5196 Juri
523 5159 588 5213 ergo
608 5150 722 5198 naturae
748 5162 900 5215 congruum
924 5151 979 5204 est,
1006 5149 1039 5198 ut
1065 5146 1120 5199 dux
1138 5144 1248 5215 populi,
1277 5147 1509 5213 quemadmodum
1527 5144 1582 5212 fui
1600 5161 1661 5194 cnm
1680 5145 1796 5212 Moysa;
1827 5145 1896 5199 dicit

207 5230 279 5285 inter
298 5229 423 5283 homines
441 5227 523 5283 etiam
541 5229 578 5282 sit
596 5229 660 5282 talis
678 5230 754 5288 ordo.
782 5230 930 5284 Praeterea
948 5231 1035 5284 sanio·
1063 5232 1099 5286 ad
1119 5250 1179 5286 eum
1199 5230 1335 5285 Dominus
1351 5230 1409 5284 dos.
1430 5237 1452 5292 1,
1472 5247 1497 5285 v.
1518 5236 1548 5283 5:
1569 5230 1615 5281 Ito
1633 5246 1680 5282 ero
1698 5240 1804 5296 teersm,·
1821 5231 1896 5285 idem

207 5332 250 5370 res
272 5316 376 5371 ethuici
393 5332 426 5371 ex
444 5320 560 5368 naturae
580 5315 682 5369 lumine
699 5324 881 5387 agnoverunt,
900 5315 1037 5372 hominem
1065 5319 1146 5374 etiam
1160 5316 1291 5371 mandato
1303 5316 1357 5370 Dei
1375 5316 1480 5386 proelia
1496 5313 1569 5385 gerit
1580 5320 1677 5369 contra
1695 5316 1787 5371 hostes
1807 5318 1895 5371 Israe-

192 5418 268 5457 .esse
287 5405 355 5465 ζῶον
367 5399 509 5456 πολιτικὸν
520 5404 551 5472 τῇ
566 5398 661 5472 odori.
683 5402 847 5458 Aristoteles
860 5402 908 5458 lib.
924 5409 944 5457 1.
960 5405 1037 5473 polit.
1065 5405 1133 5459 litici
1152 5403 1261 5474 populi,
1287 5416 1453 5472 quocunque
1479 5399 1537 5453 abit
1559 5399 1702 5455 victoriam
1726 5403 1833 5458 habens
1851 5422 1895 5459 eo·

207 5505 267 5558 cap.
288 5494 311 5543 2.
329 5488 394 5543 lam
412 5504 477 5544 vero
494 5487 543 5542 ubi
560 5487 678 5542 societas
694 5495 751 5558 est,
771 5488 810 5545 ibi
829 5506 938 5561 quoque
957 5506 1036 5560 opor·
1065 5491 1165 5545 mitem.
1201 5489 1310 5545 Mortuo
1327 5485 1414 5540 Josua
1426 5485 1569 5539 israelitae
1581 5495 1718 5556 quaerunt
1730 5487 1894 5545 Dominum:
