4006 6022
611 141 663 196 DE
682 139 905 202 MINIS'I'ERIO
925 132 1227 202 manauco,
1704 150 1761 209 1211

59 291 169 347 Manes
179 294 319 367 Baptista
332 302 358 349 et
370 294 500 351 Eseahiel
514 297 680 351 6166166111
693 297 899 369 prophetarum
927 304 981 366 tur,
999 305 1026 351 et
1042 299 1189 353 Johcnnes
1209 297 1396 366 11661οοί1116
1413 312 1476 351 cum
1493 297 1588 352 adhue
1605 303 1678 352 61161
1692 298 1764 361 ado·

60 395 118 431 non
135 379 266 448 lepunnsr
284 386 349 434 6116
368 382 419 436 hoc
437 392 544 455 tempus
556 385 741 453 prophetasse
759 384 804 437 uel
815 399 901 452 prae·
927 383 1032 438 16161116
1051 387 1207 439 aDomina
1219 386 1250 438 in
1264 386 1421 454 apostolum
1446 384 1549 439 electus
1569 392 1596 439 et
1615 401 1677 437 cum
1694 383 1763 435 aliis

61 466 183 521 dieasse.
222 467 257 521 In
274 468 352 523 auth.
370 469 576 540 Presbyterum.
612 487 636 527 c.
662 471 697 525 de
721 470 843 540 episcop.
874 475 902 522 et
927 473 969 523 ad
982 473 1214 540 praedicandam
1229 473 1331 524 misnae
1350 471 1506 540 inuenitur,
1528 471 1638 524 Paulus
1656 484 1764 539 qaoque

60 551 152 606 cleric.
171 552 237 606 tulis
255 560 346 608 exstat
366 554 491 624 imperat.
510 556 684 610 constitutio:
704 557 901 623 Presbyterum
927 558 1072 625 apostolus
1091 560 1120 610 in
1141 558 1332 611 adolescentia
1353 576 1371 610 6
1390 557 1516 610 Domino
1535 558 1638 610 electus
1670 563 1696 609 et
1723 555 1764 606 ad

60 637 199 690 minorem
217 642 255 691 36
272 640 356 693 annis
371 642 441 709 fieri
454 658 510 693 non
523 643 719 710 permittimus,
738 644 790 694 sed
815 658 901 709 noque
923 644 1151 711 praedicandum
1179 645 1277 697 missus
1303 643 1441 696 6116111111
1447 663 1459 706 ,·
1486 643 1605 696 ecclesia
1633 640 1764 694 similiter

61 726 215 777 6116661661
234 725 278 778 nel
298 727 498 779 subdiaconum
515 728 651 781 minorem
671 731 708 781 25
727 728 830 787 6111111,
851 705 1086 788 neclnecessitote
1105 729 1227 796 enipente
1247 728 1399 782 nonnullos
1423 735 1486 781 ante
1510 731 1549 781 30
1572 744 1661 781 annos
1685 726 1763 778 ordi-

61 810 196 865 lectorem
216 813 352 865 minorem
369 813 452 864 annis
472 815 512 867 18.
545 812 616 865 Item
635 814 796 882 episcopum
814 813 900 865 mino·
927 832 997 868 nare
1015 817 1161 869 emanat.
1197 814 1399 868 ”Ambrosius
1418 814 1453 868 de
1471 812 1602 868 Acholio:
1633 815 1702 867 Vere
1722 828 1762 865 se·

61 912 122 947 rem
139 898 224 951 annis
241 900 280 951 35
297 898 431 951 ordinari
438 898 624 966 prohibemus.
654 898 792 953 Postuleri
809 906 900 952 tameo
927 908 1022 953 nectus
1047 901 1103 954 illa
1128 901 1296 954 uenerabilis
1324 909 1381 962 est.
1412 916 1484 969 quae
1507 918 1564 954 non
1589 902 1681 964 canis,
1711 901 1763 952 sed

61 983 166 1052 poterit
185 983 346 1053 episeopus,
372 983 420 1053 qui
444 988 485 1038 27.
509 983 609 1037 aetatis
633 1000 737 1037 annum
755 984 851 1054 attigit
868 1001 900 1039 ex
928 987 1035 1039 meritis
1058 986 1180 1040 albescit.
1224 989 1272 1039 Ec
1297 994 1337 1039 est
1361 987 1434 1038 enim
1459 988 1614 1039 reverenda
1638 986 1763 1053 canities,

60 1067 664 1125 eomdtutionelohannisXXll.c.unic.de
676 1070 861 1139 postulatione
873 1071 900 1122 in
928 1080 1059 1139 quaeest
1078 1074 1195 1125 canities
1214 1074 1326 1125 animae
1343 1073 1373 1124 in
1395 1073 1474 1125 canis
1498 1073 1712 1140 copimtionihus
1738 1078 1763 1123 et

60 1154 216 1226 Exbarag,
237 1171 375 1210 commun.
411 1155 514 1211 Nostra
523 1155 593 1209 haec
608 1162 651 1210 est
662 1155 806 1223 sententia,
826 1155 900 1225 quod
930 1158 1062 1225 operibus
1081 1159 1225 1226 affulpens.
1268 1158 1346 1218 Quae
1361 1165 1400 1210 est
1418 1158 1491 1210 enim
1510 1165 1763 1211 66166616116116-

61 1242 99 1296 de
127 1247 223 1297 aetate
243 1241 432 1312 eligendorum
460 1240 497 1294 ad
521 1241 702 1296 ministerium
734 1259 789 1295 non
815 1241 902 1311 possit
928 1244 1025 1309 etatis,
1059 1243 1117 1295 nisi
1138 1244 1196 1296 uita
1220 1244 1411 1310 immaculata,
1435 1259 1507 1310 quae
1524 1260 1581 1296 non
1597 1242 1696 1295 diebnss
1714 1248 1763 1293 aut

61 1328 202 1398 generalia
220 1327 357 1397 quaedam
376 1327 474 1398 regula
493 1329 580 1391 tradi,
602 1328 652 1383 sed
676 1328 751 1398 quod
775 1325 901 1395 ἱκανότης
927 1331 1079 1398 mensibus,
1108 1333 1159 1382 sed
1177 1331 1280 1383 seculis
1293 1338 1488 1399 prapcpatur,
1517 1331 1599 1397 eujus
1623 1329 1683 1381 sinc
1707 1328 1762 1388 tine

62 1414 109 1468 hic
128 1415 165 1469 sit
180 1414 371 1484 respicienda,
402 1431 475 1485 quae
503 1415 531 1468 in
556 1414 723 1485 quibusdam
743 1415 839 1483 citius,
872 1415 900 1467 in
926 1422 967 1467 est
982 1415 1162 1482 diuturnitas,
1175 1416 1234 1469 sina
1247 1415 1634 1484 debilitalelonpaeoitast**
1664 1412 1762 1483 Neque

63 1500 232 1571 quibusdem
255 1500 362 1554 tardius
389 1501 624 1556 animadvertitur.
663 1507 685 1556 1.
707 1500 848 1555 Statutum
865 1500 901 1554 de
929 1507 1022 1555 tamen
1040 1500 1152 1570 probari
1171 1502 1250 1556 nobis
1270 1507 1376 1571 potest,
1400 1500 1474 1570 quod
1494 1499 1630 1554 referente
1646 1498 1762 1552 Erasmo

63 1602 136 1639 anno
155 1586 300 1657 trigesimo
317 1587 395 1665 prius
414 1587 615 1655 exspectando,
642 1592 790 1657 antequam
816 1586 901 1640 116111
928 1586 956 1639 in
985 1593 1092 1656 papatu
1118 1587 1229 1657 saepius
1255 1587 1394 1658 eligantur
1419 1587 1454 1640 ad
1483 1585 1618 1641 beneficia
1634 1582 1760 1638 ecclesia·

64 1671 224 1726 ministeriis
244 1671 307 1741 quis
324 1668 510 1727 adhibeatur·⁸
534 1672 589 1725 fuit
605 1670 768 1734 Leviticum‚
784 1672 900 1742 ideoque
928 1672 1000 1726 stica
1010 1672 1093 1726 ctiam
1107 1681 1206 1725 cirrata
1218 1673 1261 1742 (ut
1275 1673 1444 1744 loquuntur),
1457 1671 1508 1727 hoc
1524 1677 1567 1726 est
1584 1686 1656 1741 quae
1666 1685 1761 1724 euram

64 1773 113 1809 nos
146 1758 176 1810 in
206 1758 241 1812 N.
267 1756 301 1813 T.
328 1756 544 1827 haudquaquam
572 1756 687 1827 obligat.
726 1765 749 1812 2.
776 1757 900 1810 Christus
928 1757 1080 1812 animarum
1112 1759 1289 1828 conjunctam
1320 1749 1436 1825 habent,
1469 1759 1516 1829 qui
1548 1763 1640 1812 aetate
1671 1756 1761 1810 adhuc

64 1845 147 1897 etiam
166 1859 218 1897 suo
237 1842 362 1912 exemplo
386 1842 475 1896 noluit
496 1848 601 1895 certam
625 1843 751 1913 regulam
769 1843 900 1914 praeseri·
928 1851 993 1897 sunt
1012 1843 1166 1898 immatura.

64 1930 130 1984 bere
152 1935 182 1984 et
204 1935 309 1984 certum
333 1943 465 1982 annorum
487 1944 632 1982 numerum
656 1929 686 1982 in
706 1929 843 2000 eligendis
865 1929 900 1983 ad
965 1935 1022 1984 186.
1043 1928 1190 1992 Quaeritur
1216 1935 1239 1983 3.
1255 1947 1292 1982 an
1309 1931 1396 1983 etiam
1406 1930 1536 1997 feminae
1564 1932 1606 1982 cd
1631 1927 1840 1982 acclama-atu

65 2014 248 2070 ministerium
265 2014 455 2069 determinare.
484 2015 587 2071 11111.
603 2016 744 2085 apostolus
762 2017 791 2069 in
806 2017 901 2079 forme,
927 2017 999 2068 stica
1029 2016 1129 2083 officia
1163 2016 1362 2069 adhibendae?
1396 2015 1440 2071 De
1473 2017 1643 2085 Pepunicnis
1678 2013 1763 2068 refert
1774 1993 1874 2084 iffi„

61 2105 143 2172 juxta
171 2118 258 2172 quam
286 2100 406 2171 eligendi
440 2107 506 2156 sunt
534 2102 665 2166 ministri,
696 2102 781 2157 ullam
810 2108 902 2157 certae
928 2098 1102 2170 Augustinus
1123 2101 1155 2171 in
1177 2100 1225 2156 lib.
1246 2101 1280 2155 de
1306 2101 1438 2157 haeresib.
1464 2102 1500 2155 ad
1537 2100 1761 2164 Quodvultdeum
1774 2094 1883 2187 affl·

66 2187 166 2242 aetatis
191 2186 360 2242 mentionem
382 2188 463 2250 facit,
495 2204 558 2241 cum
586 2193 680 2243 tamen
703 2189 737 2242 de
761 2188 846 2242 vidua
865 2189 901 2241 ad
928 2204 951 2241 c.
972 2193 1014 2242 27.
1034 2189 1228 2255 quadrantem
1242 2189 1371 2241 dederint
1389 2188 1552 2241 mulieribus
1560 2187 1762 2257 principatum,
1775 2196 1885 2237 sistun-

66 2281 155 2328 certas
167 2272 560 2344 quasdamoperaseeclesiue
573 2274 755 2344 praestandas
772 2273 902 2344 eligenda
928 2281 958 2326 ut
982 2275 1142 2326 1666166116
1167 2291 1274 2342 quoque
1301 2276 1380 2343 apud
1403 2292 1449 2328 eos
1467 2275 1645 2327 honorentur.
1681 2272 1761 2326 Dice·
1774 2247 1885 2341 iffi,

65 2369 94 2414 et
114 2359 252 2414 sumtibus
272 2359 405 2414 ccclesiae
423 2359 524 2414 alenda
542 2359 619 2414 dicta
639 2366 660 2414 1.
679 2360 751 2414 Tim.
770 2368 801 2423 5,
828 2379 853 2413 v.
873 2366 901 2413 9:
928 2358 997 2412 bant
1015 2360 1101 2427 enim,
1136 2359 1288 2421 Quintillae
1317 2368 1342 2413 et
1361 2360 1513 2413 Priscillae
1536 2361 1566 2412 in
1585 2359 1697 2411 ciuitate
1715 2360 1762 2410 de·
1775 2350 1833 2392 ‘¹⁸⁸²

72 2448 164 2499 Vidua
183 2448 307 2514 stipatur
324 2464 381 2500 non
399 2447 491 2500 minor
507 2448 655 2514 senapinta
671 2448 762 2499 annis.
801 2453 825 2501 1.
846 2445 901 2501 Sed
928 2455 1004 2498 serta
1024 2448 1139 2515 Pepuea
1164 2447 1303 2501 Christum
1325 2449 1417 2516 specie
1449 2448 1574 2511 feminae
1603 2446 1762 2499 revelatum.

68 2533 101 2587 de
117 2532 266 2586 Timotheo
285 2531 414 2602 episcopo
433 2531 502 2586 dicit
524 2538 547 2586 1.
566 2532 638 2588 Tim.
656 2540 680 2601 4,
699 2551 723 2584 v.
750 2538 793 2587 12:
814 2534 901 2585 Nemo
928 2531 1006 2585 Idem
1040 2532 1074 2586 de
1104 2533 1272 2603 Pepurianis
1302 2541 1330 2588 61
1363 2531 1560 2603 Collyridianis
1589 2530 1763 2603 Epiphanius

68 2618 285 2672 dalmantiam
293 2626 544 2685 tuamcontemnot,
559 2635 631 2689 quae
645 2619 730 2674 verba
744 2618 902 2689 expendens
927 2618 1031 2671 haeres.
1051 2623 1088 2673 19.
1105 2625 1132 2672 61
1148 2625 1187 2674 te.
1203 2619 1296 2674 refert.
1325 2619 1380 2674 Sed
1394 2619 1534 2689 apostolus
1547 2618 1653 2672 Paulus
1668 2634 1763 2671 sexum

68 2703 283 2774 Chrysostomus
307 2703 400 2759 homil.
430 2711 467 2759 10.
493 2704 523 2757 in
553 2710 574 2759 1.
593 2703 665 2758 Tim.
692 2710 716 2758 3.
735 2704 774 2758 sic
793 2704 901 2758 scribit:
927 2704 1076 2758 femineum
1110 2722 1128 2759 a
1161 2705 1275 2776 publico
1306 2706 1334 2758 in
1364 2705 1480 2761 ecclesia
1507 2704 1624 2760 docendi
1652 2719 1765 2757 munere

71 2792 244 2860 Neophutum
265 2791 902 2859 66616666666116111661166161161161616
929 2790 1594 2855 1161111161ὴί1166161611061,11,1.31;
1626 2789 1763 2842 Mulieres

70 2877 277 2932 adolescentiae
309 2881 360 2931 etc.
386 2895 453 2930 nam
473 2879 606 2945 profecto
632 2879 659 2928 si
684 2877 902 2929 adolescentiam
929 2878 958 2928 in
979 2878 1103 2930 eeclesiis
1122 2885 1245 2946 taceant,
1266 2895 1322 2930 non
1340 2879 1410 2931 enim
1428 2877 1600 2946 permittitur·
1620 2876 1661 2928 eis
1678 2875 1763 2942 loqui,

71 2966 181 3032 1161616
199 2962 342 3030 1611111161,
362 2963 435 3016 nihil
453 2963 548 3016 dicere
564 2962 740 3031 prohibebat,
760 2980 815 3016 non
833 2963 902 3016 ado·
928 2964 980 3015 sed
998 2964 1127 3016 strbditcs
1146 2980 1211 3031 esse,
1229 2964 1300 3017 sicat
1320 2973 1346 3017 et
1365 2964 1410 3018 len
1428 2964 1513 3033 dieit;
1543 2981 1569 3019 v.
1591 2967 1632 3016 ³5.
1650 2958 1765 3028 siquid

70 3052 223 3104 lescentern.
256 3048 493 3118 Ncipsequidem
507 3065 569 3101 cram
587 3050 628 3101 ad
643 3048 815 3102 Timotheum
834 3047 902 3100 scri·
930 3056 1021 3101 ornem
1040 3050 1135 3103 troluat
1153 3049 1276 3114 discere,
1307 3051 1383 3104 dorni
1400 3051 1477 3104 uiros
1497 3067 1563 3103 suos
1586 3049 1764 3114 intes-repent,

70 3138 151 3205 beret,
171 3143 293 3189 66161661
311 3136 342 3188 in
362 3136 495 3206 episcopo
513 3152 685 3204 summopere
704 3136 902 3205 inquirendam
930 3143 1009 3204 turpe
1029 3144 1070 3188 est
1087 3136 1160 3188 enim
1171 3137 1286 3190 mulieri
1296 3137 1376 3206 loqui
1386 3138 1416 3190 in
1429 3137 1557 3191 ecclesia.
1577 3132 1764 3195 61111611,

72 3224 185 3292 nonum,
214 3240 277 3276 essm
294 3221 377 3289 111611,
406 3237 485 3276 nemo
509 3221 727 3276 adolescentiam
744 3230 820 3275 tuam
839 3240 902 3275 con·
930 3240 955 3274 v.
979 3226 1025 3275 12:
1048 3224 1157 3275 Docere
1172 3224 1286 3276 mulieri
1302 3241 1357 3276 non
1371 3224 1505 3291 permitto
1520 3238 1607 3289 neque
1621 3218 1766 3272 dominari

72 3316 179 3365 1611161.
219 3306 384 3362 Ambrosius
402 3307 432 3360 in
451 3324 547 3361 comm.
573 3307 677 3362 1.Tim.
696 3315 725 3363 4:
744 3310 903 3362 Timotheus
931 3308 959 3359 in
978 3307 1077 3375 vinem,
1105 3310 1158 3360 sed
1181 3324 1239 3362 6116
1266 3310 1294 3361 in
1314 3308 1434 3362 silentio.
1452 3325 1478 3363 v.
1501 3311 1539 3361 13.
1573 3307 1670 3359 Adam
1689 3304 1763 3356 enim

72 3405 201 3464 mantum
219 3393 262 3448 ad
275 3401 392 3446 aetatem
407 3394 541 3461 pertinet,
556 3395 670 3462 juvenis
682 3403 750 3464 erat,
770 3405 903 3463 quamam
924 3393 1035 3461 primus
1052 3395 1195 3457 formatus
1215 3402 1270 3461 est,
1297 3395 1400 3447 deinde
1417 3395 1502 3460 Erc;
1519 3410 1545 3445 r.
1567 3397 1606 3448 14.
1627 3391 1763 3444 6111616111

73 3485 110 3534 od
125 3499 218 3536 mores
237 3486 264 3533 et
282 3481 520 3534 conversationem
539 3480 634 3533 senior
653 3487 679 3532 et
698 3481 803 3550 prauis,
823 3498 903 3549 quem
928 3498 984 3532 non
1003 3486 1044 3532 est
1060 3481 1198 3545 seductas,
1216 3481 1317 3534 tundier
1331 3488 1423 3534 antem
1435 3481 1550 3532 seducta
1568 3479 1625 3543 11111
1637 3477 1665 3529 in
1677 3491 1765 3546 prae·

73 3570 133 3622 11166
152 3569 195 3620 sic
210 3573 315 3634 monet,
342 3572 374 3618 at
387 3566 535 3634 profectus
550 3568 612 3635 ejus
629 3583 682 3634 per
699 3568 794 3620 omnia
814 3584 904 3621 erem·
928 3567 1109 3621 66116611616.
1146 3566 1319 3620 ”Redones
1343 3572 1407 3620 sunt
1436 3572 1457 3620 1.
1486 3565 1552 3637 quia
1575 3570 1672 3618 666111
1691 3561 1763 3617 ordi-

10 3684 14 3697 ·
70 3654 145 3722 plum
162 3660 236 3706 esset
253 3653 386 3704 honorum
399 3667 521 3720 operum,
539 3653 611 3705 utin
626 3653 803 3706 adolescente
819 3655 903 3707 mirc-
929 3671 992 3708 nem
1004 3657 1125 3708 naturae
1144 3657 1187 3707 est
1207 3659 1235 3708 61
1252 3652 1322 3723 legis
1343 3651 1413 3707 Gen.
1439 3656 1468 3715 3,
1492 3670 1517 3704 v.
1540 3656 1577 3706 16.
1603 3649 1680 3704 utin
1700 3664 1765 3702 con·

73 3739 313 3803 1611166611,
339 3745 365 3790 el
383 3738 478 3806 prauis
496 3737 664 3806 disciplina,
683 3747 713 3791 nt
740 3747 820 3792 actus
840 3741 902 3807 ejus
932 3745 1029 3810 speetu
1060 3739 1180 3793 virorum
1216 3737 1335 3794 feminae
1373 3738 1412 3793 ais
1448 3736 1576 3792 subditae
1607 3735 1765 3806 loquantur,

74 3832 232 3880 mearent
250 3831 378 3892 66161611,
399 3831 424 3877 61
441 3841 496 3877 non
513 3825 598 3892 qnasi
609 3824 733 3893 juvenis,
753 3827 805 3878 sed
822 3826 905 3893 quusi
931 3825 1004 3895 quod
1034 3824 1191 3880 observavit
1223 3823 1401 3891 Ambrosium
1438 3828 1461 3878 2.
1492 3823 1558 3894 quia
1588 3827 1630 3877 est
1655 3828 1765 3891 praeter

74 3913 162 3965 senior
179 3910 329 3964 haberetur
345 3917 372 3962 et
388 3909 580 3963 embescsrent
601 3911 725 3978 majores
743 3919 825 3980 natu,
846 3913 905 3966 nisi
930 3927 1023 3965 earum
1042 3911 1238 3966 verecundiam
1257 3916 1285 3964 61
1301 3909 1500 3978 humilitatem
1523 3914 1546 3964 3.
1566 3908 1632 3980 quia
1648 3908 1691 3961 rir
1710 3923 1764 3962 me·

73 4016 99 4051 se
117 3997 301 4051 exhibuissent
313 3995 398 4064 jueta
409 3997 541 4064 formam
553 3996 638 4066 hujus
650 3999 860 4051 conuersatione
879 4007 903 4051 et
929 3995 1005 4051 lionis
1023 4002 1066 4051 est
1081 3995 1197 4066 judicii,
1224 3995 1397 4051 discretionis
1415 4001 1443 4050 et
1462 3995 1603 4049 discursus
1624 4010 1707 4064 quam
1725 3991 1764 4046 fe·

74 4085 192 4137 moribus
209 4097 320 4152 616661,
333 4084 452 4150 juvenes
471 4091 562 4137 autem
579 4100 710 4138 66666611
724 4101 803 4137 suum
822 4085 903 4137 habe·
930 4083 1013 4139 mina.
1049 4083 1190 4136 Muliebre
1217 4099 1303 4151 penas
1329 4082 1480 4145 lubricum,
1512 4096 1656 4133 erroneum
1681 4086 1765 4147 atque

75 4177 132 4222 rent
159 4171 332 4237 mapistrum
375 4166 440 4222 Huc
468 4167 643 4224 referendum
669 4169 753 4224 etiam
781 4169 903 4223 divinum
930 4169 1072 4222 intellectu
1082 4168 1182 4221 humili
1191 4169 1365 4237 praestitam,
1378 4166 1418 4220 ait
1426 4163 1597 4236 Epiphanius
1606 4164 1710 4220 haeres.
1722 4169 1763 4218 79.

76 4255 211 4309 ommium
229 4252 368 4309 sereniss
387 4253 538 4324 prophetae
553 4255 649 4309 datum
667 4256 769 4310 Jerem.
794 4261 814 4320 1,
829 4273 853 4310 v.
872 4262 902 4309 t:
930 4259 955 4311 t.
967 4257 1036 4323 jure
1058 4262 1151 4309 tacere
1166 4255 1283 4323 jubetur
1303 4253 1425 4320 femina,
1448 4253 1488 4305 ait
1508 4250 1670 4319 Anselmus,
1692 4265 1776 4318 quae,

76 4342 456 4410 assumpseramus
472 4343 582 4410 omnia,
600 4344 642 4396 ad
657 4359 729 4412 6666
743 4344 850 4395 mittam
869 4350 903 4410 te,
930 4359 992 4395 cum
1012 4342 1181 4410 loqueretur,
1204 4341 1265 4393 uiro
1283 4357 1333 4392 suo
1352 4339 1443 4392 suasit
1462 4345 1627 4406 peecatum,
1656 4335 1764 4405 5.qu

76 4428 124 4481 abis
146 4436 173 4480 et
197 4427 341 4490 universa,
370 4443 441 4495 qaae
464 4428 645 4496 praecipiam
674 4429 738 4492 tibi,
770 4428 903 4496 loqueris.
930 4427 1039 4481 henum
1068 4425 1250 4497 injiciendum
1276 4430 1320 4479 est
1349 4423 1526 4495 loquacitati,
1558 4439 1630 4491 quae
1656 4423 1685 4474 in
1712 4421 1763 4474 hoc

75 4512 149 4577 Quod
166 4511 240 4568 euim
259 4511 346 4566 aetati
360 4511 477 4582 juvenili
496 4513 589 4582 (16611,
613 4512 692 4568 senili
716 4529 823 4566 morum
839 4531 902 4584 gre·
929 4531 996 4567 sera
1012 4516 1075 4577 fere
1093 4514 1181 4566 nimia
1203 4506 1763 4581 611,(116·116116616611661.6.11161.111

76 4598 154 4654 ritate
177 4603 373 4669 compensatur
395 4598 424 4651 in
447 4598 514 4667 illis,
545 4598 593 4668 qui
612 4606 704 4653 mente
726 4599 802 4669 prius
823 4616 902 4654 cane·
929 4598 1154 4654 Extraordinarie
1184 4597 1297 4669 quidem
1324 4596 1434 4667 aliquae
1462 4596 1581 4652 feminae
1613 4594 1641 4647 in
1667 4591 1702 4648 V.
1735 4598 1764 4648 et

76 4693 150 4738 scunt
165 4701 249 4755 quam
269 4690 369 4739 manto.
403 4683 582 4738 Bemhardue
607 4685 636 4737 in
656 4685 736 4755 epist.
760 4687 797 4739 ad
813 4686 903 4741 Theo·
929 4685 963 4742 N.
983 4685 1016 4739 T.
1036 4685 1108 4739 dono
1125 4682 1288 4754 prophetiae
1305 4682 1382 4737 fuere
1403 4683 1554 4736 instructae
1577 4697 1608 4735 ac
1636 4679 1764 4734 nundum

75 4769 196 4826 baldum:
232 4771 343 4825 ordros
379 4771 504 4824 uidemus
533 4771 683 4839 juniorum
711 4789 795 4840 super
824 4789 903 4826 senes
928 4769 1136 4827 resurrectionis
1167 4771 1298 4827 mandato
1324 4769 1425 4825 Christi
1453 4767 1570 4823 feminae
1594 4767 1630 4821 ad
1654 4773 1763 4838 aposto·

76 4857 211 4912 intendere
231 4858 354 4912 moribus
373 4858 449 4925 dies,
474 4857 653 4925 antiquorum
675 4864 802 4926 tempora
817 4875 901 4928 prae·
930 4857 970 4912 los
988 4856 1149 4926 retulerunt,
1168 4857 1266 4912 Matth.
1289 4862 1330 4927 18,
1350 4854 1510 4911 6161611.
1531 4860 1571 4923 20,
1590 4870 1615 4908 r.
1637 4860 1676 4909 l'l.
1696 4851 1764 4924 quin

76 4945 160 4997 uenire
180 4944 287 4999 nnita
304 4950 330 4998 et
354 4945 431 5012 quod
448 4945 525 4996 deest
544 4945 645 5012 661611,
665 4945 811 4998 uirtutibus
830 4962 901 4997 com·
929 4949 956 4997 et
976 4940 1131 4996 Priscillam
1145 4943 1289 5012 apostolus
1300 4947 1380 4995 vocat
1392 4957 1472 4994 suam
1489 4940 1520 4992 in
1538 4939 1662 4992 Domino
1680 4939 1763 5007 adju·

51 5040 66 5082 a
72 5045 193 5095 pensare.
212 5046 237 5086 6.
255 5027 410 5099 Presbyter
426 5027 488 5083 dist.
510 5034 557 5084 ts:
587 5031 731 5097 Repulare
755 5038 807 5094 est,
827 5032 904 5098 quod
929 5030 1026 5082 tricem
1045 5027 1123 5082 Rom.
1148 5034 1187 5095 16,
1206 5047 1231 5083 v.
1250 5035 1273 5082 3.
1291 5027 1340 5081 sed
1360 5044 1392 5080 ex
1411 5043 1443 5081 eo
1456 5024 1552 5081 inferri
1563 5025 1671 5096 nequit,
1688 5023 1763 5095 quod

74 5117 209 5185 presbyter
226 5124 293 5170 ante
318 5117 358 5166 30
375 5132 514 5168 annorum
533 5122 652 5168 aetatem
670 5133 726 5168 non
746 5117 903 5180 ordinetur,
930 5115 1109 5169 ordinarium
1127 5114 1155 5167 in
1172 5111 1288 5168 eeclesia
1305 5109 1416 5182 publice
1435 5109 1553 5165 docendi
1572 5128 1672 5166 munus
1687 5115 1764 5164 extra

75 5216 161 5254 661611
179 5203 248 5271 quia
264 5201 409 5254 Jeremics
421 5208 446 5253 et
459 5201 568 5254 Daniel
580 5208 644 5253 ante
655 5201 812 5267 juvenilem
826 5211 902 5257 acta·
928 5200 1102 5254 necessitatis
1122 5216 1217 5254 casum
1234 5197 1301 5267 ipsis
1319 5197 1354 5250 sit
1372 5196 1605 5252 committendum.
1629 5197 1708 5250 Rom.
1723 5199 1763 5264 16,

75 5294 122 5336 un
139 5288 268 5356 spiritum
282 5286 455 5356 prophetiae
473 5286 613 5353 accepisse
634 5286 777 5355 lepuntur,
803 5289 905 5342 Dauid
930 5304 953 5339 v.
977 5291 998 5340 1.
1018 5285 1131 5339 Phoebe
1142 5290 1256 5338 vocatur
1274 5283 1407 5336 ecclesiae
1420 5282 1615 5338 Cenchreeruis
1634 5281 1764 5340 trinovae

75 5388 172 5442 quoque
187 5382 212 5428 et
232 5373 420 5430 Solomonia
440 5372 632 5425 adolescentia
655 5373 734 5426 uncti
757 5373 901 5428 inveniun-
930 5371 988 5425 sive
1006 5372 1150 5439 ministra,
1173 5385 1222 5440 per
1239 5386 1323 5439 quem
1342 5367 1446 5425 Paulus
1466 5371 1609 5441 epistolam
1631 5384 1708 5423 suam
1726 5366 1762 5420 ad
