4020 6014
213 350 274 412 sse
785 331 1324 429 mousucsemusousarns

213 518 267 555 nae
287 501 356 571 ieqss
375 501 525 570 inopinam
540 511 648 571 peram,
665 497 757 572 inquit
773 490 956 571 Augustinus.
986 496 1047 551 Non
1074 502 1136 567 pter
1152 497 1267 551 nimium
1284 512 1378 552 earum
1396 498 1514 569 rigorem
1533 494 1638 551 dictum
1655 495 1724 563 aas,
1757 494 1834 566 quod
1861 494 1916 548 sint

214 587 287 643 mim
302 588 368 659 jura
393 585 512 642 dicenda
531 593 596 642 sunt
620 587 666 642 vel
691 587 815 658 putanda
842 584 938 657 iniqua
962 580 1048 638 homi·
1075 584 1211 652 sanquine
1230 585 1363 654 sareptae.
1402 582 1459 645 Qui
1468 583 1584 637 nisniam
1599 583 1727 650 anunpit,
1746 581 1914 649 sanquinem

215 691 282 728 num
308 672 472 742 constituta,
503 689 566 728 cum
588 672 658 727 illud
685 672 767 728 etiam
797 671 851 743 ipsi
875 668 977 725 ethnici
997 668 1050 737 jos
1076 671 1189 725 tandem
1216 671 1317 727 elicere
1339 662 1485 740 proverbio
1513 670 1630 740 dicitur;
1662 668 1702 725 sic
1731 667 1914 739 magistratus

216 776 277 814 esse
295 761 399 828 dicant,
418 761 496 830 meod
507 759 681 829 (injustitiae
699 762 781 825 fonte
798 758 922 811 manavit
939 755 988 811 lib.
1010 760 1050 811 19.
1076 756 1162 812 nimia
1179 758 1272 829 legum
1290 757 1436 813 severitate
1466 755 1593 811 subditos
1616 771 1744 827 premens
1770 755 1807 810 ud
1827 754 1914 824 impa-

218 845 253 901 de
277 846 329 898 civ.
357 844 410 900 Dei
433 862 495 917 cap.
520 850 562 902 nt.
588 845 653 899 inde
677 846 760 900 etiam
785 843 881 901 Cicero
907 842 954 897 lib.
980 848 998 897 l.
1014 841 1049 895 de
1077 843 1203 898 tientiam
1224 861 1270 898 eos
1289 842 1419 897 solicitat.
1458 846 1482 896 4.
1500 843 1556 896 Les
1570 842 1692 911 positivo
1717 857 1816 895 carere
1836 841 2007 894 assem-¹

216 931 300 1004 legib.
313 933 366 1001 jus
387 938 414 986 et
430 933 517 1002 leqem
536 933 776 1003 nonpopalorum
787 932 889 1002 jussis,
909 929 1049 998 necprin·
1078 931 1155 984 omni
1178 935 1407 999 consarcinata.
1449 928 1688 994 Quemadmodum
1707 928 1751 982 lex
1778 926 1916 983 naturalis

222 1019 314 1088 cipum
343 1019 477 1083 deman,
520 1037 571 1074 nec
597 1020 742 1073 sententiis
762 1018 895 1088 judicum
920 1013 1053 1069 sensatus·
1078 1015 1185 1086 absque
1202 1017 1259 1072 ullo
1278 1033 1458 1088 personarum
1476 1022 1605 1087 respectu
1621 1014 1787 1086 aequalibus
1813 1030 1914 1085 aequa-

219 1104 301 1174 dioit,
330 1108 382 1159 sed
399 1114 517 1160 naturae
535 1124 643 1159 norma.
661 1105 708 1160 lib.
736 1109 760 1162 2.
789 1105 824 1159 de
847 1103 971 1175 legibus:
995 1102 1053 1154 La
1078 1101 1117 1155 lia
1135 1101 1274 1173 assignat,
1302 1102 1342 1157 ita
1360 1117 1470 1174 quoque
1495 1101 1597 1173 alege
1623 1100 1753 1173 positiva,
1783 1116 1856 1171 quae
1874 1106 1917 1155 ess

220 1200 260 1245 est
270 1192 414 1261 justorum
433 1193 652 1262 injustorumque
679 1191 822 1246 distinctio
845 1192 885 1243 ad
904 1189 984 1243 iliam
1003 1204 1052 1239 an·
1079 1189 1214 1244 naturalis
1234 1188 1305 1260 legis
1325 1187 1521 1261 ἀπεικόνισμα,
1536 1195 1715 1263 praepostera
1732 1193 1915 1260 speraretq-

220 1277 405 1347 tiquissimam
428 1287 453 1332 et
478 1297 570 1332 rerum
593 1279 714 1333 omniurn
734 1278 893 1350 principem
921 1290 1051 1345 supressa
1080 1281 1133 1344 pto
1159 1275 1282 1330 exsulare
1306 1275 1404 1343 debet,
1432 1286 1510 1329 secus
1535 1274 1558 1329 si
1582 1273 1645 1338 fiat,
1676 1290 1694 1327 a
1714 1273 1844 1343 justitiae
1861 1279 1917 1327 tra·

220 1371 366 1433 natricum,
401 1366 442 1418 aci
477 1382 560 1435 psam
595 1365 668 1432 ieqes
703 1365 845 1418 bominum
880 1337 1147 1429 itaquetentantes
1177 1358 1314 1418 receditur
1337 1367 1366 1417 et
1385 1361 1601 1416 dissensionibus
1628 1360 1736 1415 occasio
1757 1358 1917 1430 praebetur,

220 1447 371 1505 Restitutio
390 1456 418 1505 et
432 1451 543 1520 justitia
560 1457 602 1506 est
619 1450 689 1523 legis
707 1450 786 1522 quasi
799 1449 900 1516 amma,
912 1449 973 1519 jam
989 1462 1054 1500 vero
1081 1449 1146 1505 inde
1166 1447 1304 1520 Ulpianus
1322 1448 1414 1520 inquit
1432 1448 1450 1505 l.
1473 1447 1545 1504 Jura
1569 1453 1592 1503 8.
1611 1447 1640 1503 ff.
1658 1447 1693 1502 de
1711 1445 1810 1518 legib:
1839 1447 1917 1499 mera

178 1588 180 1593 ,
221 1537 266 1592 lox
291 1554 345 1592 non
368 1543 542 1608 potestesse
566 1545 656 1605 recta,
688 1537 742 1592 nisi
767 1553 830 1592 eum
852 1537 916 1607 jure
939 1538 1055 1588 namne
1080 1538 1182 1591 nonin
1202 1535 1330 1604 sinpulas
1346 1551 1499 1604 personas,
1522 1536 1575 1587 sea
1596 1533 1767 1601 generaliter
1784 1534 1919 1587 constitu-

221 1624 310 1680 o'mnis
334 1623 507 1679 rectitudinis
526 1624 602 1680 fonte
624 1630 767 1696 congruet.
804 1622 860 1679 Ubi
885 1626 978 1676 amen
998 1619 1055 1673 duo
1080 1631 1179 1690 antur,
1198 1628 1227 1676 et
1244 1620 1415 1694 Papinianus
1434 1620 1481 1676 lib.
1503 1628 1526 1677 1.
1547 1620 1576 1674 ff.
1597 1621 1633 1674 de
1651 1619 1736 1692 legib.
1757 1621 1849 1691 legem
1871 1636 1919 1674 ro·

221 1717 287 1766 sunt
300 1711 435 1783 potanda,
453 1711 541 1781 primo
555 1712 607 1780 jtts
626 1711 758 1765 mimia
777 1728 832 1763 non
850 1707 1055 1761 aestimandum
1082 1716 1127 1764 cat
1143 1725 1313 1764 communem
1332 1709 1503 1779 reigmblicae
1521 1709 1705 1778 sponsionem,

222 1814 280 1852 esse
305 1815 336 1850 ea
360 1798 537 1866 quorundam
565 1804 697 1867 corrupto
716 1797 845 1866 judicio,
876 1795 929 1848 sed
941 1809 975 1846 ca
992 1808 1055 1846 con·
1117 1801 1175 1851 ael.
1212 1793 1255 1851 De
1282 1793 1372 1851 forma
1398 1794 1468 1867 legis
1499 1804 1613 1848 catana
1642 1790 1758 1848 notandi
1791 1798 1858 1847 sunt
1888 1791 1918 1846 hi
1940 1801 1965 1829 ¹³·

219 1883 367 1948 formitate
386 1901 448 1937 cum
467 1884 526 1951 legs
545 1883 655 1952 divina,
674 1899 747 1955 quae
767 1888 809 1937 est
826 1881 916 1936 omnis
928 1878 1056 1950 justitiae
1082 1897 1213 1938 moues:
1233 1886 1257 1936 t.
1277 1883 1335 1936 Lea
1350 1882 1473 1951 positiva
1492 1882 1581 1935 cabis
1601 1880 1689 1934 clares
1714 1887 1742 1934 et
1758 1879 1920 1949 perspicuis

221 1969 332 2043 regula,
357 1969 479 2024 Secundo
506 1987 593 2041 aeuus
621 1969 733 2038 anatem
746 1968 934 2036 positivorum
962 1965 1055 2034 aqum
1080 1968 1206 2039 proponi
1223 1970 1308 2022 deba.
1345 1967 1444 2024 Visum
1464 1967 1574 2039 quidem
1592 1965 1733 2038 aliquibus
1751 1964 1814 2033 fuit,
1842 1965 1919 2035 leges

223 2072 256 2111 sa
274 2063 392 2109 actiaco
408 2055 535 2120 fontibus
551 2055 684 2124 deriuari
703 2055 822 2124 speciem
843 2062 935 2106 tcmcn
952 2069 986 2105 cc
1007 2053 1056 2104 de·
1082 2072 1208 2110 samone
1226 2073 1329 2125 parum
1353 2055 1456 2108 usitato
1487 2071 1536 2107 nec
1557 2055 1587 2106 in
1611 2054 1711 2122 cariquc
1743 2060 1809 2105 noto
1827 2047 1919 2106 couci-

223 2142 442 2218 seminationem
461 2141 530 2209 legis
551 2158 583 2195 es
599 2142 720 2195 homin-is
737 2142 847 2193 ratione
875 2139 1055 2192 eircrmstan·
1084 2141 1198 2213 piandus
1220 2146 1248 2195 et
1265 2140 1455 2211 proferendas,
1475 2145 1507 2194 nt
1520 2138 1638 2194 subditis
1651 2139 1707 2192 sint
1721 2137 1812 2209 magle
1829 2134 1917 2190 admi·

222 2227 277 2282 tias
297 2229 394 2281 uarias
414 2236 440 2281 ct
458 2228 644 2281 conditionem
658 2226 762 2299 populi
776 2227 972 2279 considerante
986 2240 1056 2293 pro·
1084 2228 1198 2292 rationi,
1227 2226 1352 2284 Salmuth
1370 2226 1399 2280 in
1419 2226 1491 2281 notis
1511 2225 1548 2280 ad
1570 2224 1707 2279 Pancirol.
1733 2224 1768 2279 de
1786 2222 1843 2279 reb.
1862 2238 1919 2277 me·

222 2314 323 2369 venire.
360 2313 527 2370 Savonarola
543 2312 592 2367 lib.
612 2318 635 2367 3.
656 2313 691 2367 de
711 2313 786 2368 serit.
800 2311 847 2366 fid.
866 2328 889 2367 c.
908 2316 931 2366 8.
951 2327 979 2380 p.
992 2313 1056 2364 203:
1084 2313 1207 2369 morabil.
1230 2331 1257 2384 p.
1279 2318 1336 2368 att.
1354 2312 1404 2366 sed
1423 2312 1525 2367 rectius
1544 2312 1683 2372 statuitur,
1700 2312 1776 2381 leges
1793 2325 1920 2366 semona

226 2398 370 2463 Quidam
394 2400 468 2470 lecet
494 2417 512 2451 α
530 2400 719 2453 comsnunitue
741 2399 900 2468 principiis
916 2397 989 2465 lepis
1006 2414 1058 2448 ne·
1084 2400 1230 2473 perspicuo
1251 2404 1280 2455 et
1299 2398 1426 2454 omnibus
1451 2404 1517 2453 noto
1535 2413 1595 2452 esse
1619 2396 1849 2463 conscribendas,
1872 2396 1920 2452 de·

224 2493 305 2541 iuras
318 2503 372 2556 per
391 2487 503 2539 modum
521 2485 709 2539 conclusionis
730 2486 875 2553 leobardus,
902 2491 933 2536 nt
952 2483 987 2535 ab
1006 2483 1058 2536 lsoc
1084 2487 1152 2542 bent
1170 2488 1243 2542 enim
1261 2503 1321 2542 esse
1341 2485 1459 2540 subditis
1471 2485 1598 2539 amnibus
1612 2500 1667 2554 pro
1680 2502 1781 2538 norma
1798 2483 1919 2547 meandi,

220 2580 382 2642 praecepto,
400 2589 456 2626 non
469 2573 587 2634 occisas,
607 2571 790 2641 olisipona,
804 2570 911 2623 nemini
924 2584 1057 2623 cementum
1086 2574 1252 2629 mutieribus
1271 2581 1297 2629 et
1311 2574 1418 2643 poeria
1437 2578 1469 2627 ut
1487 2572 1545 2628 Leo
1564 2573 1712 2643 imperator
1732 2570 1808 2627 dicit.
1835 2569 1920 2625 Finis

225 2675 283 2712 esse
321 2659 465 2722 dandum
499 2659 638 2728 mecedem
668 2672 810 2726 seraper
837 2657 949 2711 modum
968 2657 1058 2708 eeser-
1087 2663 1176 2730 ispum
1194 2669 1251 2724 est,
1277 2659 1374 2715 scabit
1392 2659 1631 2716 Piccolominaeus
1656 2657 1746 2732 gradu
1774 2661 1919 2715 10.c.ts.

223 2744 400 2812 mancionis,
428 2744 471 2797 sie
498 2745 542 2798 tes
565 2751 683 2797 naturae
702 2743 799 2813 jactet,
829 2750 860 2795 ut
882 2743 930 2812 qui
947 2748 1056 2812 peccat,
1084 2756 1115 2802 ns
1132 2748 1236 2802 anam
1257 2747 1381 2802 omnibns
1398 2754 1644 2818 tenpmmnorma
1658 2753 1849 2818 proponatur,
1863 2761 1920 2813 per

219 2832 373 2901 puericiam,
401 2832 454 2884 sed
476 2833 553 2901 quod
571 2830 624 2885 illa
647 2831 690 2885 cel
721 2830 784 2884 alia
798 2844 893 2900 poena
908 2829 1058 2898 plectatur,
1084 2850 1167 2904 qnam
1193 2841 1374 2903 conparantes·
1399 2848 1429 2886 ne
1464 2842 1565 2905 parent
1591 2840 1719 2903 rectamne
1751 2848 1819 2900 erpa
1843 2831 1918 2884 alias

224 2928 280 2972 non
308 2919 339 2983 fit
364 2918 515 2972 secundum
543 2917 798 2971 determinatio-nem
833 2916 904 2986 lepis
928 2923 1057 2979 naturas,
1084 2922 1243 2992 αίφοῃαηι,
1261 2938 1329 2991 erpo
1348 2937 1380 2975 ee
1397 2921 1534 2975 semones
1551 2936 1652 2989 penore
1666 2920 1795 2990 proponi
1811 2919 1918 2981 debeat,

224 3005 343 3074 ideoque
362 3006 414 3058 boe
428 3007 603 3075 prudentum
621 3004 741 3058 arbitrio
762 3004 906 3071 relictum,
933 3010 964 3055 ut
980 3001 1057 3055 scrii-
1084 3009 1134 3078 qni
1151 3008 1187 3060 ab
1205 3007 1329 3062 omnibns
1349 3006 1538 3076 instigatur,
1563 3023 1598 3061 ne
1617 3008 1810 3074 ignorantiam
1826 3014 1919 3059 nans-

225 3098 267 3145 cet
290 3092 323 3144 iol
346 3091 544 3160 determinent,
576 3093 654 3160 aaa
678 3092 747 3144 tono
771 3087 1059 3144 communicaverint
1083 3095 1224 3164 presss'oni
1236 3101 1404 3163 praeterere
1417 3093 1535 3166 possint.
1554 3093 1572 3147 l.
1591 3093 1667 3164 leges
1685 3099 1709 3149 9.
1722 3091 1753 3151 0.
1768 3091 1917 3165 delegit:

225 3177 364 3247 impedire.
402 3182 424 3234 2.
450 3177 508 3232 [tex
526 3178 652 3246 positiva
674 3179 715 3230 ad
737 3176 925 3230 conditionem
947 3173 1057 3243 popuii,
1084 3179 1175 3251 Lege!
1206 3180 1430 3249 summittimus,
1460 3195 1532 3249 qnae
1560 3180 1753 3247 conaminpunt
1778 3179 1919 3233 hominum

225 3264 272 3317 cui
288 3263 474 3334 proponitur,
499 3271 523 3315 et
547 3265 588 3316 ad
607 3271 708 3316 statum
729 3265 864 3332 cujusque
885 3257 1058 3330 reipublicae
1083 3267 1163 3330 citas,
1181 3267 1306 3332 inteliiqi
1325 3267 1361 3319 ab
1380 3268 1505 3321 omnibus
1524 3267 1631 3320 (leberti.
1670 3266 1821 3321 Praeterea
1840 3265 1919 3336 leges

225 3352 262 3404 sit
283 3351 503 3404 accommodata.
542 3347 640 3403 Cicero
664 3349 842 3419 reprehendit
861 3347 996 3402 Catonem
1012 3346 1057 3416 ju·
1083 3352 1258 3408 inferioribu.
1277 3352 1486 3424 magistratibus
1499 3370 1549 3422 pro
1569 3371 1667 3406 norma
1679 3352 1790 3423 judieii
1805 3351 1919 3406 tradun-

168 3496 173 3511 ,
225 3438 330 3492 olorem
354 3435 513 3493 Uticenwm
537 3435 656 3498 dictum,
693 3434 767 3505 quod
791 3433 917 3505 exemplO
945 3430 1059 3487 0⁸i01li⁸
1084 3446 1144 3505 tur,
1163 3440 1240 3510 atqui
1258 3454 1354 3492 norma
1375 3455 1431 3492 non
1450 3439 1534 3494 debet
1551 3455 1611 3494 esse
1630 3438 1774 3507 flexibilis,
1799 3437 1918 3493 obscura

226 3524 356 3586 senioris,
383 3523 431 3594 qui
450 3522 597 3578 Censorius
615 3521 732 3586 dicitur,
761 3525 912 3575 sententias
929 3521 959 3572 in
976 3534 1059 3587 repu-
1086 3530 1114 3580 et
1133 3524 1227 3579 dubia.
1262 3524 1362 3579 Petrus
1381 3522 1533 3595 Gregorius
1551 3525 1601 3581 lib.
1625 3531 1662 3581 to.
1684 3525 1720 3580 ds
1735 3541 1794 3595 rep.
1812 3541 1870 3595 cap.
1892 3531 1917 3582 5.

227 3610 301 3664 blica
320 3609 450 3663 Romana
469 3610 572 3662 dicerit
592 3617 725 3678 tanquam
753 3609 782 3660 in
794 3607 901 3677 politia
920 3605 1059 3672 Paeona,
1085 3629 1132 3667 nu,
1153 3616 1193 3666 22,
1211 3611 1285 3666 unde
1303 3609 1397 3665 Saloni
1418 3610 1486 3665 vitio
1504 3612 1617 3680 datum,
1637 3611 1710 3682 quod
1729 3611 1868 3682 quaedam
1888 3610 1918 3664 in

227 3712 282 3749 non
300 3703 434 3764 tanquam
452 3695 559 3758 insece
577 3693 700 3749 Romuli.
735 3694 813 3749 Idem
830 3692 866 3747 ad
885 3690 1058 3747 nomothetus
1084 3697 1193 3770 legibue
1213 3696 1270 3751 suis
1296 3696 1440 3752 obscurius
1463 3697 1668 3767 proposuisset,
1694 3696 1862 3752 Plutarchus
1888 3695 1918 3751 in

231 3781 433 3836 accommodari
454 3785 559 3850 potest,
584 3781 656 3851 quod
681 3798 735 3835 non
753 3781 788 3836 ad
809 3781 900 3835 ideam
919 3778 1059 3850 quandam
1084 3784 1143 3837 vita
1163 3783 1254 3840 Solon.
1293 3788 1320 3838 2.
1343 3786 1399 3836 Len
1413 3783 1539 3853 positiva
1558 3799 1683 3837 sermone
1703 3784 1771 3848 tali,
1794 3784 1844 3852 qui
1860 3801 1919 3835 sna-

227 3868 349 3939 cptimae
361 3867 538 3937 reipublicae,
551 3867 599 3921 sed
613 3867 640 3921 in
653 3867 743 3937 specie
756 3867 790 3921 ad
801 3872 903 3921 statum
920 3864 1003 3931 illius,
1016 3864 1060 3918 oui
1083 3871 1211 3938 jestotcm
1238 3877 1264 3922 ct
1292 3870 1484 3923 auctoritatem
1509 3886 1584 3940 prce
1610 3886 1640 3924 ss
1663 3872 1757 3937 fact,
1789 3876 1920 3924 constes-c

227 3954 304 4026 leges
321 3954 526 4024 praescribunt,
549 3955 686 4025 respicere
710 3953 837 4009 debeant.
877 3952 967 4024 Leges
993 3959 1059 4005 sunt
1086 3958 1175 4010 most.
1209 3955 1307 4028 Neque
1324 3957 1397 4011 enim
1415 3956 1608 4028 persuadendi,
1629 3956 1678 4011 sed
1695 3955 1814 4029 jubendi
1834 3973 1920 4010 causa

226 4041 312 4096 veluti
332 4039 485 4095 medicinae
503 4041 639 4111 quaedam
655 4039 928 4112 rerumpublicarum.
957 4039 1057 4105 Quem·
1085 4044 1213 4098 feruntur
1230 4044 1315 4115 leges.
1351 4044 1432 4098 Plato
1450 4044 1564 4115 quidem
1581 4044 1643 4100 libr.
1661 4050 1685 4099 t.
1706 4043 1742 4098 de
1760 4044 1843 4115 legib.
1861 4059 1919 4095 mo-

227 4127 377 4181 admodum
395 4126 480 4197 igitur
498 4141 532 4180 ox
546 4126 725 4196 Hippocratis
750 4126 921 4196 praescripto
936 4125 1059 4180 medicus
1085 4137 1144 4200 net,
1173 4130 1241 4184 duas
1265 4130 1368 4186 debere
1396 4148 1455 4186 esee
1480 4137 1574 4203 partes
1599 4131 1682 4203 legis,
1707 4129 1920 4202 praefationem

228 4233 312 4268 uniam
331 4214 440 4268 celsium
459 4216 501 4266 ari
515 4221 668 4285 praecepta
687 4213 773 4280 artis,
797 4213 915 4265 alternam
935 4229 1000 4265 aero
1018 4212 1061 4264 ad
1084 4218 1191 4271 sedicet
1210 4224 1235 4270 et
1252 4218 1339 4286 legem
1358 4219 1465 4288 ipram
1495 4217 1631 4288 praefatio
1650 4216 1733 4271 affert
1749 4232 1861 4270 eausam
1881 4215 1920 4268 le-

119 4296 144 4329 ·’
180 4296 184 4305 ’
226 4307 328 4356 statum
349 4308 374 4355 et
392 4301 578 4354 conditionem
595 4299 706 4366 aegroti
728 4299 864 4354 intentum
885 4298 984 4367 habet3
1019 4298 1061 4352 its
1085 4304 1129 4376 gis
1152 4303 1357 4374 promulgatae,
1387 4304 1430 4358 lex
1456 4310 1635 4374 praeceptum
1663 4303 1753 4374 ipsum
1779 4302 1918 4368 contiuet3

228 4385 370 4460 legislator
387 4403 442 4442 uno
459 4386 540 4441 oculo
558 4385 647 4441 ideam
665 4386 751 4455 juris,
776 4386 864 4441 altero
881 4401 946 4440 tero
963 4385 1059 4440 condi·
1085 4389 1193 4445 interim
1210 4396 1304 4444 tamen
1321 4389 1370 4444 illa
1386 4390 1447 4460 ipsa
1464 4391 1520 4463 legi
1539 4391 1636 4446 addita
1661 4391 1732 4445 ratio
1764 4389 1821 4443 sive
1840 4405 1918 4459 prae-

226 4473 329 4530 tionem
355 4474 451 4545 populi
478 4473 615 4544 respicere
647 4473 736 4528 debet.
793 4473 827 4527 Ut
857 4475 971 4528 (linaro
995 4480 1060 4526 aunt
1084 4477 1152 4531 fatie
1183 4493 1238 4530 non
1270 4476 1412 4531 rhetoricis
1438 4477 1676 4547 persuasionibus,
1709 4476 1757 4530 sed
1787 4475 1917 4530 brevibus

227 4577 375 4631 corporum
395 4567 612 4631 temperamento
631 4579 649 4613 c
668 4560 783 4614 ‹tinerso
800 4563 934 4625 materia,
961 4561 1002 4614 sic
1020 4561 1060 4613 is·
1085 4570 1309 4634 argumentorum
1339 4563 1430 4617 nervis
1460 4568 1489 4618 et
1515 4563 1660 4632 majestate
1689 4561 1822 4616 sermonis
1854 4578 1918 4615 con·

222 4663 273 4716 pes
306 4649 439 4719 ‹liffesunt
465 4665 484 4701 a
512 4648 635 4717 pennum
658 4649 780 4702 maribam
803 4656 828 4702 et
852 4649 1059 4702 concinionibus
1085 4655 1160 4703 stare
1188 4650 1278 4705 debet.
1313 4648 1357 4703 Dc
1387 4648 1490 4703 tabulis
1519 4649 1748 4705 decemviralibus
1774 4648 1851 4703 testis
1878 4656 1920 4702 est

228 4733 295 4786 obis
312 4744 394 4802 atque
410 4736 486 4799 aliis,
506 4734 596 4806 inquit
616 4733 748 4790 Simlerns
768 4736 797 4789 in
818 4741 957 4790 comment
973 4751 998 4791 c.
1017 4740 1059 4791 20.
1086 4736 1183 4792 Cicero
1200 4735 1248 4791 lib.
1270 4743 1292 4791 ³.
1312 4736 1348 4790 de
1363 4735 1482 4807 legibus,
1503 4737 1577 4808 quod
1591 4754 1678 4808 genus
1694 4736 1804 4791 dicendi
1824 4740 1913 4788 aucto-

227 4817 315 4893 sxoq.
338 4820 418 4874 Plato
437 4821 465 4874 in
484 4821 577 4891 polit:
602 4823 690 4890 Lepos
713 4839 768 4890 pro
786 4823 869 4876 naria
886 4822 1059 4891 reipublicae
1085 4823 1167 4877 ritate
1193 4823 1380 4877 venerandum
1406 4824 1574 4894 usurparint.
1620 4822 1696 4878 Deus
1722 4823 1782 4894 ipse
1805 4821 1833 4876 in
1858 4822 1921 4892 lege

226 4907 323 4973 forma
340 4914 404 4958 sant
424 4909 633 4961 constituendae
651 4908 789 4975 diuersae,
804 4925 858 4976 per
878 4909 974 4960 omnia
987 4909 1060 4961 enim
1087 4925 1139 4963 sua
1156 4908 1262 4978 populo
1279 4908 1432 4964 lsreiilitico
1450 4910 1625 4981 promulgata
1648 4909 1725 4964 brevi
1747 4908 1921 4979 praefatione

228 4994 343 5046 scama
357 5008 482 5049 necnon
496 5002 622 5062 possunt.
657 4994 899 5065 anapestum
916 5011 966 5049 nec
984 4995 1059 5063 juno
1085 4996 1145 5050 loeo
1171 4994 1354 5065 plurimorum
1380 5003 1605 5067 argumentorum
1632 5002 1661 5050 et
1687 5011 1811 5050 sermone
1837 4996 1921 5066 maje-

228 5081 266 5134 sit
285 5081 383 5155 ῑεπίρτ,
406 5094 456 5130 nec
482 5081 613 5136 severior.
649 5081 743 5138 Nimia
768 5082 866 5136 leuitas
885 5082 959 5152 parit
976 5081 1060 5136 liceu-
1087 5082 1186 5135 statice
1203 5080 1299 5136 utitur.
1329 5083 1392 5152 Epo
1415 5083 1553 5137 Dominus
1576 5085 1653 5136 Deus
1673 5090 1748 5150 tures,
1768 5083 1818 5152 qui
1836 5083 1922 5138 man

228 5167 304 5230 tiam,
321 5169 491 5220 contemtum
510 5167 702 5237 magistratus,
722 5167 957 5223 conculcationem
978 5168 1059 5222 disoi·
1086 5176 1112 5222 te
1126 5169 1163 5221 ds
1175 5175 1254 5222 terra
1266 5170 1394 5241 Aepypti.
1419 5169 1655 5226 Pulchreomnino
1665 5171 1772 5226 Seneca
1784 5171 1863 5241 epist.
1873 5176 1921 5225 59:

227 5252 320 5323 plinae
338 5258 366 5306 et
384 5251 545 5308 honestatis.
586 5252 674 5324 Leges
694 5260 758 5309 sunt
776 5254 855 5325 quasi
875 5253 1059 5324 sepimentum
1087 5255 1186 5324 Lepcm
1205 5256 1311 5311 brenen
1329 5274 1388 5311 esse
1406 5265 1522 5327 oportet,
1541 5274 1595 5326 quo
1611 5258 1731 5323 focatius
1751 5257 1788 5309 ab
1808 5256 1920 5324 imperi-

228 5355 261 5392 no
280 5337 383 5393 vadum
402 5337 541 5410 quoddam
560 5339 743 5409 reipublicae,
768 5339 866 5410 quodsi
892 5354 959 5411 ergo
983 5342 1061 5396 sura
1085 5343 1122 5395 tis
1141 5350 1275 5408 teneatur,
1295 5345 1370 5400 catut
1388 5343 1489 5396 emim
1507 5343 1642 5397 diuinitus
1659 5360 1712 5397 cos
1730 5344 1775 5398 sit.
1808 5343 1922 5410 Jubeat,

228 5423 313 5479 debet
332 5439 392 5478 esse
409 5424 579 5494 respublica,
606 5425 788 5494 sepimentum
808 5424 876 5479 illud
900 5423 987 5495 probe
1014 5427 1058 5483 fir·
1086 5446 1142 5482 non
1165 5430 1301 5501 disputet,
1333 5430 1407 5483 niis'l
1430 5429 1502 5482 neiis·
1525 5430 1639 5482 sidetm
1667 5427 1820 5500 sripidiua
1848 5429 1921 5483 aiiii

229 5509 360 5564 mondum
382 5527 415 5565 ao
438 5509 626 5566 muniendum.
662 5509 792 5568 Vicissim
814 5509 900 5567 nimia
921 5510 992 5585 legis
1015 5528 1058 5570 se·
1085 5516 1208 5586 ineptius
1241 5532 1325 5585 qnam
1352 5515 1401 5570 ios
1432 5530 1492 5569 cum
1526 5514 1682 5584 psalmia·
1709 5516 1919 5590 proispomsao.

228 5590 332 5650 veritas
355 5597 428 5667 parit
450 5596 605 5653 seditiones.
637 5593 683 5651 De
701 5592 837 5652 Draconis
861 5595 971 5670 legibus
994 5610 1061 5672 pro:
1084 5607 1110 5660 3.
1127 5602 1201 5671 Inopi
1209 5600 1350 5672 pannos
1364 5601 1504 5654 addes&
1518 5609 1563 5656 ost
1572 5602 1753 5658 osannam
1762 5618 1921 5674 pomarum
