4020 6014
643 187 695 243 Du
713 185 938 244 lssNISTERlO
958 187 1263 247 uccfflsus'flcu
1739 202 1799 261 rte

105 343 221 415 possint,
246 343 288 397 uti
312 343 406 413 praxis
430 346 585 397 nostrarum
614 342 791 398 ecclesiarum
811 349 937 398 testatur.
952 341 955 403 l
970 342 1029 397 Iseo
1046 343 1097 397 tx.
1122 343 1152 398 in
1175 360 1218 414 ep.
1242 343 1279 398 ad
1297 343 1426 402 Michael.
1449 362 1471 401 c.
1491 350 1532 400 st.
1555 362 1619 400 cum
1638 363 1694 417 quo
1711 347 1800 402 affini·

55 440 94 521 :r
104 434 125 487 8.
153 429 238 492 Quod
260 438 427 498 perpetuum
458 429 574 482 illorum
603 430 733 482 ordinum
765 431 794 481 in
820 428 1051 482 eoelesiu'tatem
1077 429 1217 499 quandam
1244 428 1341 498 habat,
1368 431 1442 500 quod
1466 432 1623 488 Hostiensis
1650 434 1801 501 contendit,

55 533 83 573 u·
103 517 294 571 secusdutem
312 523 428 584 arpent,
455 533 518 570 cum
538 521 632 569 mmen
651 533 683 569 ex
702 515 790 570 libero
808 508 1120 571 ecclesiaeicardiuales
1146 514 1280 586 figuratos
1307 532 1368 571 esse
1396 517 1425 570 in
1452 518 1543 573 verbis
1574 525 1596 574 t.
1616 519 1690 575 Sam.
1718 527 1746 587 t,
1770 526 1801 576 8:

55 586 80 625 ¹*
103 600 229 656 instituto
261 618 312 671 pro
335 601 441 656 ratione
472 602 739 655 circumstantiarum
773 601 939 671 quaudoque
953 634 955 653 .
968 601 1088 652 Domini
1109 610 1173 654 sunt
1197 603 1331 655 cardines
1358 611 1450 658 terrae
1476 613 1502 657 et
1524 607 1620 673 posuit
1643 623 1729 676 cuper
1755 625 1802 660 eos

101 688 242 758 pluribus,
273 688 441 758 quandoque
471 687 648 756 paucioribus
677 686 843 752 ministeria,
868 658 1066 756 quaciorbem.
1116 687 1250 741 Batonius
1282 686 1401 758 figuram
1430 691 1613 746 cardinalium
1640 693 1749 764 quaerit
1773 694 1802 747 in

101 773 247 828 ordinibus
265 772 321 828 illis
341 772 423 828 hodie
436 772 567 827 distincte
586 773 773 844 assignantur,
792 774 939 841 conjuncte
966 771 1070 825 visione
1101 773 1264 842 prophetica
1296 772 1361 827 Esa.
1387 779 1416 841 6,
1452 793 1477 828 v.
1503 783 1534 831 t:
1570 776 1713 832 Commota
1738 787 1802 832 aaut

100 858 205 914 iueriut
234 859 300 912 olim
332 858 505 914 demandata.
555 858 652 914 Noluit
682 866 756 912 certe
787 858 881 927 purior
912 848 1198 925 erimpertuninnrin
1216 861 1378 927 cardinum,
1404 878 1488 930 quem
1507 861 1608 918 Veneti
1627 864 1656 917 in
1674 881 1745 935 resp.
1765 865 1802 920 ad

100 945 242 1016 antiquior
272 944 389 999 ecclesia
415 944 504 1016 legem
534 944 656 1015 aliqua·
686 944 859 998 necessitatis
886 942 1052 1010 hac·ipsius
1075 960 1216 1013 paraenes.
1241 945 1295 999 hoc
1319 947 1430 1000 nomine
1454 947 1527 1003 salse
1553 948 1677 1003 irrident
1725 952 1802 1005 Sutia

101 1031 130 1084 iu
146 1048 177 1085 re
198 1046 317 1101 ponere,
342 1029 390 1085 sed
409 1036 523 1099 propter
542 1028 749 1084 multitudinem
768 1027 891 1081 fidelium
912 1035 941 1081 et
965 1030 1073 1098 lepide,
1100 1030 1228 1101 inquiunt
1252 1047 1315 1102 pag.
1341 1038 1381 1087 ts.
1406 1041 1436 1085 ut
1463 1050 1520 1087 uon
1537 1035 1629 1089 atinus
1645 1039 1803 1105 perinuose

102 1116 309 1172 ecclesiasticae
333 1114 447 1185 politiae
472 1112 680 1187 εὐσχημοσύνην
698 1113 760 1168 illos
777 1113 939 1168 clericorum
953 1117 1129 1169 'cardinales
1147 1125 1209 1171 tuus
1228 1135 1246 1169 u
1266 1119 1530 1185 superliminaribus
1547 1122 1712 1185 cardinum,
1736 1140 1801 1191 qusu-

102 1202 213 1257 ordines
233 1201 322 1256 libera
341 1200 521 1274 dispositione
534 1200 667 1255 distinxit.
687 1208 718 1254 ut
738 1200 831 1253 omnia
843 1198 941 1253 fierent
952 1206 954 1277 l
965 1220 1025 1253 rum
1038 1204 1183 1270 propheta
1196 1204 1326 1263 meminit,
1345 1205 1473 1258 arcessis.
1504 1206 1619 1258 Numeri
1636 1210 1732 1260 demus
1743 1208 1802 1271 tibi,

103 1290 205 1341 ordine
237 1305 271 1340 ue
297 1289 428 1340 decenter
455 1291 483 1341 et
514 1287 542 1339 in
575 1286 751 1340 inferioribus
783 1283 1129 1341 ministeriisiuaticinium
1154 1291 1263 1342 Esaiae
1285 1289 1315 1340 iu
1338 1290 1389 1342 boc
1406 1291 1549 1357 pontificis
1563 1292 1678 1359 judicio
1696 1298 1803 1360 (conus

104 1390 198 1430 eorum
216 1372 338 1428 fidelitas
359 1378 388 1427 et
406 1372 543 1427 industria
559 1372 635 1442 prius
650 1373 822 1441 probaretur,
840 1369 888 1440 qui
904 1369 940 1421 ad
953 1374 955 1439 l
966 1372 1098 1431 Venetos)
1122 1374 1264 1442 impletum
1283 1391 1356 1437 esse,
1374 1384 1405 1427 tu
1422 1378 1544 1429 uicissim
1561 1378 1640 1430 uobis
1659 1379 1802 1448 turpioris,

104 1461 249 1532 superiora
276 1458 440 1514 admovendi
468 1464 555 1514 erant.
600 1461 624 1511 9.
654 1458 737 1520 Quod
763 1457 858 1509 titulos
880 1444 955 1541 sinui
962 1459 1091 1526 jamjam
1106 1460 1280 1526 implendum
1298 1477 1357 1514 csse
1375 1462 1460 1530 illud,
1481 1465 1557 1531 quod
1569 1466 1801 1533 Amosscrsptum

104 1564 136 1600 re
152 1555 302 1618 usurpant.
339 1545 498 1600 Exercistue
513 1545 585 1599 enim
605 1545 783 1610 ordinantur,
802 1541 850 1613 qui
869 1541 1083 1612 donoreliquit
1107 1562 1129 1599 c.
1148 1550 1180 1613 9,
1206 1565 1231 1601 u.
1259 1551 1291 1599 1:
1319 1549 1437 1601 Percute
1463 1551 1608 1603 cardinem
1633 1559 1658 1603 et
1684 1569 1801 1605 commo·

61 1635 71 1707 ζ
105 1631 263 1703 expellendi
282 1633 430 1685 daemonas
451 1648 506 1684 non
528 1636 593 1683 sunt
610 1629 752 1696 instructi;
777 1628 894 1682 lectores
914 1633 943 1681 et
967 1640 1083 1683 couritur
1110 1632 1354 1698 superliminaria.
1394 1636 1527 1688 ,lauritiu
1557 1638 1630 1690 enim
1658 1639 1802 1708 incapite

104 1723 232 1773 cantores
250 1718 387 1784 dicuntur,
406 1716 452 1787 qui
470 1716 498 1769 iu
517 1715 633 1771 ecclesia
653 1733 706 1770 non
725 1715 837 1784 legunt3
853 1718 1103 1795 sacer-*omnium
1132 1727 1157 1770 et
1182 1720 1361 1771 nouusimum
1387 1736 1482 1773 eorum
1506 1723 1606 1790 plodio
1626 1725 1801 1790 interficiam.

104 1804 184 1859 dotes
205 1812 233 1859 et
250 1802 373 1874 episcopi
388 1803 526 1865 dicuntur,
547 1804 593 1873 qui
613 1820 630 1856 a
647 1800 765 1856 docendi
782 1816 815 1853 ac
832 1799 940 1868 praedi·
953 1800 956 1889 l
967 1801 1004 1855 Et
1021 1810 1119 1871 postea
1137 1820 1164 1872 p.
1183 1809 1230 1857 45:
1251 1803 1368 1856 caurus
1386 1807 1503 1866 ferrarea
1522 1809 1647 1876 Buroni,
1665 1813 1692 1861 ai
1708 1811 1803 1863 curdi-

103 1889 186 1945 candi
216 1906 343 1958 munere,
373 1888 447 1959 quod
476 1889 547 1942 inter
577 1887 764 1941 ecclesiastica
790 1884 1047 1941 ministerianules
1067 1898 1128 1942 tuos
1151 1890 1195 1942 uel
1213 1908 1232 1942 u
1255 1893 1351 1958 scupis
1369 1894 1565 1947 cardinalibus
1585 1895 1705 1949 Vitruuii
1721 1898 1766 1950 uei
1784 1915 1803 1949 u

103 1975 265 2046 primarium
285 1980 340 2038 est,
365 1979 424 2027 toto
442 1974 517 2028 vitas
544 1979 669 2042 tempore
686 1971 827 2026 abstinent
844 1976 942 2024 contra
967 1983 1087 2027 usurum
1115 1977 1306 2029 Romanorum
1336 1979 1392 2030 dua
1424 1980 1538 2032 Corsica
1565 1982 1694 2034 derivare
1721 2000 1803 2050 msam

102 2062 231 2134 proprios
248 2061 371 2131 ipsorum
385 2075 520 2125 canones,
540 2076 609 2128 quos
628 2057 743 2111 inferius
762 2056 941 2110 adducemus.
967 2060 1059 2113 instar
1073 2061 1191 2114 bubonis
1211 2071 1269 2114 tum
1288 2063 1381 2115 dirum
1401 2081 1480 2118 omen
1499 2066 1616 2132 collepis
1635 2069 1689 2120 uria
1708 2086 1802 2122 occen-

57 2158 93 2187 η·
106 2151 149 2202 10.
173 2147 257 2209 Quod
276 2163 375 2202 numen
389 2154 415 2199 et
429 2146 594 2214 dipnitutem
606 2143 778 2196 sacramenti
795 2141 941 2195 ordinibus
953 2166 956 2223 q
967 2155 1028 2200 tare
1046 2148 1202 2215 nralrss'esoe,
1222 2164 1336 2215 cumque
1356 2149 1385 2199 in
1400 2151 1499 2216 prisea
1519 2151 1727 2207 ecclesiasticus
1746 2154 1803 2208 hie·

56 2259 79 2289 s·
105 2235 167 2288 iilia
190 2234 328 2300 tribuunt,
351 2249 414 2286 cum
437 2229 571 2301 requisita
593 2229 758 2282 sacramenti
768 2228 890 2301 ¹propria
911 2226 1098 2303 inlrurcbiue
1119 2234 1309 2287 delineatione
1327 2251 1361 2285 ne
1379 2236 1483 2288 neuntio
1505 2237 1617 2304 quidem
1630 2239 1687 2304 fiat
1709 2241 1801 2294 cardi-

55 2313 72 2342 ¹·
105 2320 161 2374 illis
177 2326 330 2374 monstrare
342 2323 497 2389 nequeant,
516 2333 618 2388 magna
629 2325 723 2369 tamen
734 2315 780 2368 hic
794 2308 1084 2409 occurrunt'natr'um,
1103 2323 1206 2372 randum
1223 2321 1301 2373 locus
1321 2328 1370 2372 aru
1389 2322 1473 2375 erario
1492 2323 1633 2390 aliquas„
1652 2325 1801 2380 militamt,

104 2406 177 2461 inter
202 2406 277 2475 ipsos
306 2404 505 2459 sententiarum
526 2402 660 2469 divortia,
684 2401 839 2471 dequibus
860 2415 938 2468 supe·
952 2407 1100 2459 *ecclesiae
1119 2406 1218 2458 castris
1238 2407 1296 2472 apsi
1314 2406 1481 2474 aesipnetur,
1500 2425 1555 2460 non
1573 2409 1711 2464 immerito
1728 2413 1802 2465 iuter

55 2483 90 2564 2,
105 2493 170 2548 rius.
208 2496 247 2545 11.
271 2491 355 2552 Qrsod
370 2492 557 2560 praecipuum
577 2507 611 2541 uc
627 2487 789 2557 principale
807 2488 939 2538 socerdo-
967 2493 1167 2559 impodimenta
1186 2492 1341 2559 rejiciendi
1364 2501 1445 2545 erunt
1470 2501 1522 2547 etc.
1561 2492 1691 2548 Officium
1710 2499 1800 2552 cardi-

55 2608 76 2668 's
104 2588 163 2632 tum
186 2597 304 2646 munia,
329 2579 370 2629 ad
390 2579 467 2646 quud
489 2577 662 2644 reliquorum
684 2575 815 2627 ordinum
841 2574 939 2633 <ustitia
967 2577 1070 2630 ualium
1084 2584 1197 2632 revocat
1215 2577 1401 2632 Bellarminus
1418 2578 1468 2634 lib.
1493 2579 1527 2632 de
1552 2580 1643 2635 cleric.
1662 2598 1685 2635 c.
1706 2588 1745 2639 lb.
1764 2582 1801 2638 ad

55 2692 74 2718 ιιι
105 2674 260 2736 ruopertum
277 2665 406 2731 habeant,
425 2672 550 2717 statuunt
568 2664 667 2732 offerre
688 2660 858 2728 sumiJicium
875 2660 940 2710 mu·
967 2664 1021 2716 tria
1049 2664 1156 2733 capita,
1183 2665 1309 2732 primum
1337 2674 1378 2718 est
1402 2682 1543 2718 commune
1566 2685 1628 2719 cum
1653 2669 1802 2738 episcopis,

59 2793 93 2822 re·
106 2753 224 2805 ratitum
245 2768 302 2821 pto
327 2751 397 2803 uivie
417 2766 451 2802 ae
469 2749 600 2814 motivis,
617 2764 680 2801 cum
700 2757 793 2800 tamen
814 2744 940 2798 Christus
964 2750 1135 2818 presbyteris
1160 2757 1186 2801 ct
1210 2749 1340 2802 <liaconis
1365 2752 1477 2817 ceteris,
1504 2769 1597 2804 omisca
1613 2753 1687 2805 enim
1706 2756 1800 2807 curdi—

55 2843 81 2873 u
106 2840 135 2893 in
151 2838 185 2895 N.
207 2838 241 2893 Τ.
260 2836 393 2892 ecclesiae
418 2835 557 2889 ministros
583 2851 638 2887 uon
659 2832 836 2886 constituerit
853 2830 940 2884 missi·
966 2837 1046 2889 natea
1059 2845 1109 2888 uut
1121 2837 1290 2904 episcopale,
1311 2845 1360 2889 out
1369 2838 1573 2905 presbyterale,
1586 2847 1636 2892 uut
1648 2839 1801 2894 diaconale

61 2922 185 2992 dbfieee,
210 2923 260 2977 sed
287 2921 424 2992 evangelii
443 2936 594 2990 praecones
613 2928 642 2972 et
660 2916 854 2988 mysteriorum
872 2916 940 2969 divi·
966 2923 1092 2986 officium
1126 2922 1240 2985 (sabaim
1273 2922 1391 2975 alterum
1430 2922 1552 2976 officium
1593 2928 1636 2977 est
1666 2943 1802 2979 nummum

104 3027 201 3064 uorum
218 3008 422 3078 dispensatores
447 3013 467 3062 1.
487 3006 551 3061 Cor.
570 3012 595 3071 4,
614 3022 640 3059 v.
664 3010 685 3058 l.
704 3008 756 3058 etc.
964 3009 1123 3076 pontificem
1141 3009 1260 3076 elipere3
1286 3014 1456 3077 postremum
1481 3011 1572 3063 eidem
1587 3012 1719 3079 pontifici
1732 3029 1802 3079 per-

55 3115 64 3125 ·
140 3101 198 3151 246.
235 3093 417 3150 Sacerdotum
435 3092 493 3147 sive
518 3091 745 3163 presbyterorum
765 3090 889 3143 ordinem
908 3105 940 3142 eo
963 3103 1049 3163 petuo
1063 3095 1327 3162 creaturarumque
1347 3095 1522 3162 inrepente
1540 3097 1802 3153 uniueruuecciesiu

56 3158 90 3228 ·⁵⁸'
103 3183 185 3236 modo
212 3181 409 3249 subdividunt,
439 3185 471 3232 ut
499 3178 633 3250 quosdam
667 3182 792 3230 statuant
809 3176 940 3243 majores,
966 3180 1128 3234 concilicet
1147 3180 1289 3233 industria
1309 3181 1457 3250 adjuvare.
1494 3181 1618 3253 Operose
1637 3189 1731 3238 autem
1751 3185 1802 3239 ihi-

104 3269 192 3323 dictos
215 3268 373 3338 episcopua,
401 3265 535 3336 quosdam
560 3281 624 3318 vero
647 3265 768 3317 minores
794 3262 851 3317 sive
876 3262 940 3316 sim·
967 3268 1030 3322 dem
1049 3266 1183 3336 disputat,
1203 3285 1241 3319 un
1258 3268 1453 3333 cardinalitia,
1472 3285 1509 3321 un
1524 3270 1696 3339 epriscopuiis
1708 3271 1801 3337 dipni-

104 3356 190 3424 plicas
216 3353 382 3408 sacerdotes.
421 3351 607 3406 Bellarminus
632 3349 680 3405 lib.
708 3350 743 3403 do
762 3365 878 3403 sacram
898 3366 939 3401 or·
965 3363 1011 3408 eae
1040 3354 1134 3421 major
1160 3355 1210 3418 sit,
1237 3359 1270 3407 ut
1296 3353 1430 3423 suspicari
1458 3354 1559 3424 aliquis
1584 3356 1684 3423 possit,
1710 3356 1801 3424 ipsum

105 3442 160 3497 din.
178 3458 202 3497 c.
222 3448 246 3495 5.
282 3438 358 3494 Ordo
377 3438 570 3507 episcoporum
589 3436 657 3505 ipsis
674 3436 795 3490 vicissim
812 3443 855 3490 est
872 3452 939 3506 qua·
966 3439 1124 3495 interfuisse
1143 3439 1338 3508 disceptationi
1357 3439 1546 3509 apostolorum
1564 3440 1633 3496 Luc.
1654 3446 1694 3504 tt,
1712 3457 1739 3494 v.
1758 3447 1800 3496 tt.

104 3527 268 3598 dripartitus
281 3527 310 3577 in
326 3524 511 3593 patriurchis,
530 3523 760 3591 archiepiscopis,
780 3523 939 3590 metropoli·
951 3530 954 3541 '
966 3529 1060 3596 ecquis
1074 3544 1170 3580 corium
1188 3526 1331 3578 uideretur
1351 3525 1453 3592 major.
1483 3542 1504 3580 c.
1529 3532 1568 3580 li.
1586 3527 1646 3594 opit
1665 3529 1700 3580 de
1719 3527 1800 3580 chor·

104 3615 177 3668 tarsu
194 3621 221 3665 et
240 3611 388 3680 episcopis.
407 3626 431 3665 c.
453 3609 548 3664 clerus.
574 3609 637 3666 dist.
657 3614 698 3664 21.
719 3626 752 3663 ex
771 3607 869 3663 Isidor.
889 3606 939 3661 ubi
965 3613 1119 3684 episcopis,
1142 3628 1258 3681 quorum
1283 3626 1382 3664 nomen
1409 3617 1438 3665 et
1462 3611 1584 3666 officium
1606 3612 1671 3665 olim
1698 3612 1726 3666 in
1747 3629 1801 3668 usu

104 3698 275 3769 singulorum
309 3695 380 3750 tales
411 3694 514 3749 dantur
544 3693 731 3749 definitiones:
765 3694 938 3746 Putriurclru
965 3699 1059 3766 fuisse,
1077 3714 1151 3751 nunc
1168 3701 1261 3750 autem
1279 3711 1369 3765 paene
1387 3695 1524 3751 interiisse
1542 3697 1679 3754 videatur.
1715 3698 1800 3753 Obor-

103 3803 223 3840 summua
249 3792 365 3852 patrum
389 3783 605 3851 interpretatur,
636 3782 705 3850 quia
725 3781 850 3851 primum
873 3789 939 3847 post
965 3785 1090 3854 episcopi
1107 3783 1217 3853 (inquit)
1239 3783 1307 3836 olim
1325 3783 1489 3835 dicebantur
1506 3785 1800 3855 mabutmquim,

101 3871 288 3941 apostolicum
308 3875 379 3921 tenet
397 3869 489 3922 locum
501 3876 527 3921 et
545 3869 618 3935 ideo,
637 3868 704 3936 quia
716 3868 938 3921 srsrnmobouoru
965 3872 1015 3940 qui
1038 3873 1068 3923 in
1084 3870 1170 3939 papia
1193 3877 1242 3922 out
1261 3869 1407 3936 oppidulis
1432 3887 1528 3922 curum
1547 3872 1707 3926 animarum
1725 3889 1801 3940 perc

97 3959 247 4026 funpitur,
265 3956 321 4009 tuli
338 3955 449 4008 nomine
466 3963 600 4010 cuneatum,
618 3954 689 4006 sicut
707 3955 867 4020 licinianus,
883 3959 938 4006 Aa·
965 3960 1029 4010 bunt
1053 3957 1115 4010 loco
1137 3956 1344 4024 episcoporum,
1370 3955 1413 4007 oet
1431 3956 1517 4022 juata
1535 3958 1695 4010 Damasum
1720 3960 1804 4026 quusi

101 4039 728 4109 meteunadlsuuadrinua.Arebiepiscopua
738 4039 938 4092 &succintor-
964 4044 1098 4096 oiiiurum
1120 4042 1260 4111 episcopi,
1285 4059 1350 4094 narn
1363 4037 1444 4113 χώρα
1474 4039 1584 4095 Graece
1607 4045 1743 4112 oppidum
1768 4062 1802 4098 uc

101 4138 229 4199 pretatur
252 4127 399 4189 uocabulo,
424 4127 501 4194 quod
525 4126 563 4177 sit
589 4141 712 4176 sanemus
736 4124 1802 4199 episcoporum,,reqionumsipniticut,veljuctuconciliumNeocuesuriense

102 4217 134 4269 id
151 4225 193 4269 est
206 4216 327 4283 primus,
346 4220 418 4266 tenet
434 4228 495 4264 eum
512 4211 598 4264 uicem
616 4209 802 4278 apomelicum
815 4217 841 4262 et
850 4228 936 4279 prue-
965 4216 1049 4285 quusi
1060 4215 1163 4267 vicarii
1173 4215 1381 4282 episcopor-mn,
1393 4228 1441 4264 seu
1454 4211 1517 4266 loco
1531 4213 1726 4281 episcoporum
1738 4233 1802 4268 con-

103 4305 176 4356 sedet
211 4311 267 4354 tum
298 4297 521 4367 metropolitanis
556 4315 640 4365 quum
665 4298 765 4349 ceteris
789 4297 938 4365 episcopis.
964 4303 1066 4369 statuti,
1089 4300 1168 4370 χώρα
1191 4300 1265 4351 enim
1289 4299 1382 4352 lucum
1405 4299 1492 4351 etium
1519 4299 1680 4367 aipniticure
1701 4309 1802 4367 puteat.

101 4387 322 4457 Metropolitum
339 4393 430 4439 uuum
448 4404 466 4437 a
488 4400 618 4438 mensura
636 4382 778 4435 ciuitatum
796 4390 937 4450 cocuntur,
950 4389 1066 4445 iPostea
1085 4387 1140 4440 duc
1158 4385 1257 4439 statuit
1273 4383 1532 4452 chorepiscoporum
1549 4400 1666 4453 genera,
1685 4387 1802 4454 quidam

101 4472 675 4545 titudittnimprovt'w'itltwttmt'utmr
689 4488 807 4538 (luorum
815 4450 1028 4539 auctori-iocre
1058 4472 1245 4542 episcopalem
1277 4470 1513 4523 consecrationem
1540 4479 1720 4538 acceperunt,
1751 4472 1800 4525 ssd

103 4563 155 4614 tati
182 4570 208 4615 et
238 4561 385 4613 doctrinae
417 4560 505 4612 ceteri
535 4559 696 4611 sucudotes
723 4556 841 4623 subjecti
865 4559 1128 4635 sunt‚,diccbantur
1139 4556 1337 4626 chorepiscopi,
1357 4555 1431 4624 quod
1445 4572 1500 4609 non
1514 4554 1649 4609 haberent
1661 4556 1800 4626 propriam

102 4649 163 4701 siut
195 4646 295 4714 quibus
324 4646 398 4698 nibil
429 4646 548 4713 reliquia
581 4661 667 4712 auore
696 4644 761 4696 licet
791 4643 1119 4711 episcopisnscclesiam,
1138 4642 1189 4696 sed
1207 4643 1236 4696 in
1249 4641 1341 4696 aliena
1352 4641 1471 4695 dioecesi
1490 4640 1685 4705 ministrarent,
1704 4642 1801 4709 qrsuies

102 4734 254 4788 solicitudo
287 4733 361 4785 enim
398 4732 482 4784 totius
516 4731 680 4800 prouinciae
718 4714 1078 4800 archiepiscopisilinquitl
1099 4731 1150 4783 boc
1169 4737 1292 4796 ternpore
1306 4735 1369 4781 sunt
1387 4727 1513 4796 episcopi
1528 4726 1644 4794 quidum
1662 4728 1801 4796 titularet,

104 4820 250 4874 commissu
278 4827 327 4874 cst.
382 4821 483 4872 Omnes
513 4827 606 4869 uatem
635 4817 767 4884 superius
797 4815 1014 4885 desipnutilqui
1032 4825 1057 4869 ct
1075 4817 1252 4885 suffrupunei
1270 4815 1330 4868 dici
1345 4815 1450 4875 solent;
1467 4811 1515 4865 alii
1532 4828 1597 4866 vero
1609 4812 1801 4884 chorepiscopi
1814 4826 1915 4870 matt

104 4906 220 4959 ordines
231 4922 286 4957 mro
298 4907 448 4973 eodemque
461 4903 596 4956 uocabulo
611 4902 738 4972 episcopi
751 4901 939 4968 rrorninuntur,
950 4896 952 4901 ’
964 4903 1042 4957 fuare
1060 4901 1195 4955 duntaxat
1210 4899 1377 4969 presbyteri,
1398 4897 1446 4968 qui
1467 4897 1496 4951 in
1515 4896 1595 4968 pagis
1615 4914 1649 4952 ac
1666 4899 1740 4953 villis
1752 4916 1801 4953 seu

104 4993 156 5045 sed
180 4992 246 5042 ideo
267 4989 383 5056 priuato
406 4989 518 5043 nomine
539 4990 656 5055 quidum
680 4995 796 5041 utamur
817 4974 1049 5054 propterietiam
1073 4986 1215 5057 oppidulis
1242 4985 1402 5054 episcopum
1421 4982 1516 5053 aliquo
1540 4984 1622 5038 modo
1641 5002 1801 5055 repraesen-

104 5075 312 5131 distinctionem
325 5083 503 5144 potestatum,
524 5090 608 5141 quum
625 5074 810 5141 sirrprduriter
827 5090 938 5141 occepe-
950 5058 953 5151 ἴ
964 5074 1063 5128 tabant
1102 5072 1157 5127 Sed
1175 5072 1209 5126 de
1225 5071 1268 5125 his
1281 5069 1441 5124 titularibus
1454 5069 1591 5139 episcopis
1604 5071 1698 5124 multis
1716 5086 1801 5140 agere

104 5170 178 5216 runt.
210 5160 290 5214 Haec
308 5161 438 5216 Isidorus.
464 5157 741 5223 RomaniPontificis
760 5157 892 5213 electores
912 5154 1066 5239 etssoperae
1084 5159 1155 5212 foret
1172 5157 1255 5226 plane
1272 5153 1461 5224 infrugiferas.

105 5245 257 5301 consiliarii
275 5235 400 5316 perpitui
421 5246 552 5300 dicuntur
563 5243 727 5311 cardinales,
747 5242 954 5314 quodsummo'
1002 5250 1059 5299 247.
1104 5244 1233 5297 Ceterum
1259 5246 1318 5294 tota
1346 5237 1395 5292 illa
1419 5239 1574 5295 hierarchia
1600 5240 1801 5309 episcoporum,
1815 5248 1906 5288 uterer-

104 5330 231 5403 pontifici
255 5333 377 5397 proxime
401 5331 588 5397 adhaereant,
619 5330 668 5399 qui
688 5337 730 5384 est
755 5328 833 5383 velut
851 5332 940 5384 cardo
952 5288 956 5411 i,
968 5328 1254 5398 metropolitanorum,
1274 5324 1557 5395 archiepiscoporum,
1582 5325 1801 5394 patriarcharum
1814 5300 1929 5402 {iiffm

103 5419 191 5472 totius
215 5414 364 5483 ecclcsiae,
392 5434 477 5489 quam
506 5415 642 5471 rationem
669 5414 789 5469 nominis
811 5416 955 5486 proponit!
970 5416 1006 5470 ad
1034 5412 1232 5469 stabiliendum
1260 5410 1378 5465 Romani
1401 5411 1545 5466 Pontificis
1573 5411 1742 5466 dominatum
1769 5428 1803 5465 ac

1419 5513 1471 5568 ll*
