4020 6014
213 346 252 404 ss
455 394 456 397 Ν
796 330 919 390 nouus
937 329 1142 389 nummus
1159 327 1324 387 ammos

211 492 327 548 concilia
351 497 380 546 et
401 490 547 563 pontifices
575 496 710 544 statutum
733 506 806 552 esse,
837 506 909 561 quae
942 493 1047 542 statuta
1074 487 1151 551 tium,
1162 486 1226 553 suit
1242 493 1336 540 erdem
1353 486 1436 541 trsrba
1455 486 1485 539 in
1501 501 1565 540 uno.
1601 485 1661 538 Nec
1678 484 1730 539 lroc
1750 484 1780 537 in
1800 484 1908 554 episco-

211 577 267 647 juri
289 577 383 632 divino
409 595 443 633 cx
466 575 614 647 hypothesi
640 574 799 631 Bellarmini
825 574 1046 648 aequiparantur.
1073 590 1135 625 rum
1168 581 1276 626 tantam
1307 579 1333 626 et
1362 573 1554 640 sacerdotum,
1584 573 1636 625 sed
1662 571 1693 624 in
1721 572 1910 625 diaconorum

213 665 240 720 2.
259 664 296 718 In
320 664 364 718 bis
388 665 514 719 comibus
536 681 592 716 uno
614 663 657 717 uel
679 663 770 716 altero
795 663 913 732 acceptia
938 661 1047 715 niellam
1073 659 1300 714 ordinationibus
1313 657 1911 727 obaerorusaapostolooanimadvertimus,-

212 751 276 814 fieri
290 752 456 804 mentionem
479 750 635 817 electionis,
665 751 717 802 sed
737 749 827 802 solum
844 747 1047 821 postulationis
1074 746 1109 799 de
1134 762 1188 815 quo
1212 752 1237 798 et
1261 747 1324 815 ipso
1350 747 1380 798 in
1397 746 1479 799 Actis
1497 743 1689 813 apostolorum
1705 744 1841 813 scriptum
1860 749 1909 797 est.

212 837 256 890 uel
272 838 432 894 testimonii.
469 836 692 907 Respondemus:
715 853 770 890 non
790 834 939 891 testimonii
959 833 1046 888 solum
1074 833 1114 886 Et
1124 839 1354 899 convocaverunt,
1365 831 1465 899 inquit,
1483 829 1532 885 illi
1541 830 1689 883 duodecim
1704 837 1791 884 totam
1798 829 1910 899 plebem

213 927 242 977 et
259 924 473 994 postulationis,
492 924 540 978 sed
559 922 642 978 etiam
661 938 819 989 consensus,
840 919 1047 991 approbationis
1074 918 1279 987 discipulorum
1297 926 1323 972 et
1343 919 1475 972 dicerunt
1491 916 1566 984 illis,
1592 919 1668 986 qssod
1685 917 1780 985 utique
1798 917 1911 972 idcirco

213 1015 241 1064 et
259 1010 403 1065 electionis
420 1012 551 1066 disertam
569 1008 677 1064 iaciunt
688 1007 870 1073 mentionem,
888 1006 961 1061 adde
974 1006 1048 1078 quod
1073 1013 1132 1058 tam
1150 1004 1300 1072 dilipenter
1325 1012 1352 1057 at
1377 1012 1458 1058 caute
1476 1011 1628 1058 convocata
1649 1003 1730 1072 plebe
1754 1010 1813 1056 tota
1830 1018 1911 1073 pere·
1924 1028 1937 1055 s

213 1097 316 1168 populo
335 1114 390 1152 nou
416 1098 505 1152 solum
530 1097 644 1163 electio,
673 1095 722 1150 sed
751 1093 833 1149 etism
852 1093 1002 1165 postulatio
1022 1097 1051 1148 et
1076 1093 1166 1155 batur,
1186 1109 1221 1144 ne
1239 1092 1301 1160 quis
1321 1093 1362 1146 ad
1379 1091 1483 1144 altaris
1500 1090 1687 1144 ministerium
1705 1089 1803 1145 saled
1816 1106 1912 1143 sacer·

214 1182 400 1238 testimonium
417 1183 446 1237 in
464 1201 552 1256 regno
570 1199 659 1253 papae
686 1182 760 1236 circa
783 1179 954 1235 vocationem
970 1178 1048 1233 mini·
1076 1179 1201 1233 dotalem
1225 1178 1315 1231 locam
1340 1177 1474 1246 indipnus
1492 1176 1642 1245 obreperet.
1680 1176 1822 1230 Ordinari
1839 1177 1913 1230 enim

213 1273 331 1323 atrorum
359 1269 520 1340 denegatur.
555 1272 582 1321 3.
607 1269 698 1334 Rapsa
728 1274 754 1319 et
778 1265 903 1338 populos
921 1265 974 1334 jus
1000 1263 1049 1316 ali·
1074 1281 1271 1333 nonnunquam
1296 1265 1440 1332 indipnos,
1477 1281 1534 1317 noa
1557 1265 1709 1344 occandum
1739 1263 1798 1316 Dei
1815 1263 1912 1317 volun·

212 1354 300 1423 pendi
325 1355 454 1408 babuisse
478 1372 511 1407 aa
534 1350 708 1407 concessione
729 1353 910 1420 pontificum.
935 1369 990 1404 non
1016 1366 1049 1402 er
1074 1356 1170 1418 tatem,
1200 1351 1251 1404 sed
1275 1351 1427 1403 secundum
1445 1350 1595 1402 humanam
1618 1350 1857 1418 praesumtionem
1887 1356 1914 1402 et

165 1430 167 1434 ’
212 1441 275 1508 jure
302 1441 405 1495 divino.
442 1439 665 1509 Respondemus:
696 1438 751 1492 imo
777 1455 842 1494 vero
872 1437 968 1508 populi
993 1434 1048 1490 sui·
1074 1436 1143 1488 baec
1161 1437 1225 1490 Deo
1243 1435 1411 1505 displicere,
1433 1451 1506 1504 quae
1530 1453 1587 1488 non
1607 1435 1719 1489 ueniant
1736 1451 1768 1488 ca
1786 1435 1915 1507 lepitima

214 1525 304 1597 fragia
330 1526 359 1580 in
383 1525 528 1588 vocatione
553 1523 741 1578 ministrorum
766 1522 899 1593 requisita
927 1524 1049 1589 fuerunt,
1075 1528 1100 1574 et
1121 1523 1205 1591 justa
1236 1521 1433 1589 ordinatione,
1465 1523 1546 1574 Deus
1579 1522 1639 1591 ipae
1667 1522 1832 1586 manifestat
1858 1539 1914 1591 par

214 1621 363 1683 autequam
388 1611 511 1682 episcopi
537 1609 656 1665 Romani
685 1609 813 1681 papalem
842 1608 918 1663 illam
943 1607 1049 1678 praeci·
1077 1607 1176 1661 Oseam
1189 1608 1359 1678 proplietam
1378 1608 1485 1660 dicens:
1521 1606 1637 1661 Sibimet
1659 1608 1716 1676 ipsi
1730 1623 1825 1675 repam
1848 1624 1913 1660 eon·

215 1698 318 1769 piendi,
338 1695 487 1762 statuendi,
506 1695 694 1765 dispensandi,
713 1694 882 1750 concedendi
899 1699 952 1748 ete.
972 1699 1048 1763 pote·
1075 1678 1237 1761 stidsmunt,
1254 1701 1282 1747 et
1298 1712 1353 1747 non
1367 1711 1422 1763 per
1441 1710 1493 1753 me.
1527 1695 1649 1763 Propter
1667 1697 1744 1763 quod
1762 1693 1915 1761 dilipenter

215 1792 313 1839 statem
333 1786 499 1838 exercerent.
536 1782 577 1834 At
600 1781 623 1834 si
643 1786 838 1836 concesserunt
856 1780 886 1835 id
903 1779 1049 1850 pontificos
1077 1783 1112 1834 de
1137 1781 1292 1834 traditione
1319 1781 1418 1834 diuina
1445 1789 1471 1834 et
1500 1782 1692 1850 apostolorum
1722 1780 1914 1834 observatione

214 1876 280 1926 tuno
308 1866 453 1937 temporis,
484 1884 534 1921 cur
561 1867 643 1922 hodie
675 1867 749 1922 idem
781 1884 837 1920 non
873 1863 1049 1921 concedunt?
1076 1869 1247 1922 seruandum
1265 1875 1291 1921 et
1311 1870 1459 1921 tenendum
1477 1875 1527 1937 est,
1548 1870 1626 1937 quod
1644 1868 1786 1937 apadnos
1804 1883 1914 1936 ortoque

214 1954 362 2010 Concessio
382 1953 431 2007 illa
447 1958 497 2008 aut
513 1952 568 2007 init
581 1952 639 2022 juri
658 1952 751 2006 divino
770 1968 901 2023 congrua,
918 1957 967 2005 aut
985 1967 1050 2005 con·
1078 1962 1103 2006 et
1121 1955 1184 2017 sere
1196 1971 1251 2022 per
1268 1954 1431 2022 prouincias
1449 1955 1595 2008 uniuersos
1610 1960 1734 2016 tenetur,
1757 1961 1788 2005 ut
1806 1955 1849 2007 ad
1866 1971 1913 2006 or·

212 2041 305 2097 traria.
342 2040 371 2093 Si
391 2039 483 2110 prius,
511 2040 604 2095 adhuc
622 2040 715 2111 vigere
736 2039 832 2104 debet3
860 2040 884 2093 si
905 2039 1050 2110 posterius,
1077 2041 1237 2094 directiones
1268 2041 1324 2093 rite
1351 2039 1534 2093 celebrandae
1564 2041 1605 2093 ad
1633 2055 1694 2092 eam
1718 2039 1840 2108 plebem,
1867 2039 1917 2092 cui

213 2125 372 2197 gravissime
400 2133 526 2181 arrarum
549 2126 709 2196 pontifices,
741 2126 815 2201 quod
845 2124 912 2180 alibi
944 2124 1049 2179 Bellar·
1073 2126 1255 2194 praepositus
1273 2127 1437 2193 ordinatur,
1459 2126 1590 2194 episcopi
1612 2126 1737 2194 ejusdem
1747 2126 1914 2194 prouinciae

214 2211 302 2265 minus
325 2210 384 2266 fieri
404 2228 484 2281 posse
508 2217 599 2283 negat.
635 2210 765 2282 Denique
791 2212 893 2266 nullius
917 2211 961 2266 vel
985 2227 1049 2265 con·
1075 2213 1199 2279 mouns·
1224 2212 1324 2280 quique
1351 2213 1515 2273 conveniant
1545 2219 1571 2265 ct
1598 2212 1745 2280 episcopus
1770 2212 1914 2280 delipatur

214 2297 361 2365 cessionis,
387 2297 431 2352 vel
455 2296 648 2352 conniventiae
678 2297 786 2366 papalis
813 2298 858 2367 (ut
880 2297 963 2367 paulo
987 2303 1050 2367 post
1075 2298 1156 2367 plebe
1170 2306 1335 2367 praesente,
1361 2315 1433 2366 quae
1455 2297 1629 2365 simpulorum
1646 2298 1732 2350 vitam
1744 2297 1914 2366 plenissima

214 2383 396 2438 Bellarminus
427 2399 488 2437 eam
514 2381 650 2453 appellat)
679 2384 707 2436 in
747 2383 801 2437 illis
836 2382 988 2438 canonibus
1019 2381 1051 2436 tit
1076 2385 1151 2437 nouit
1169 2392 1194 2438 et
1212 2383 1428 2453 uniuscujusque
1453 2391 1543 2436 actum
1570 2385 1605 2436 de
1629 2383 1690 2452 qius
1704 2384 1913 2439 ennoematicae

214 2469 330 2536 mentio,
358 2470 408 2523 sed
428 2470 524 2540 populi
549 2486 699 2524 consensus
725 2477 753 2524 et
772 2469 936 2540 suffragium
956 2477 987 2524 ut
1004 2487 1049 2523 nc·
1075 2472 1223 2540 perspexit.
1259 2471 1333 2536 Quid
1363 2487 1465 2542 quaeso
1489 2469 1611 2539 apertius
1639 2474 1668 2524 et
1693 2469 1836 2523 nervosius
1862 2488 1913 2540 pro

215 2556 368 2610 cessarium
396 2556 432 2609 ad
461 2556 613 2627 legitimam
639 2556 802 2610 electionem
829 2556 990 2626 requiritur,
1019 2556 1048 2610 id
1077 2565 1171 2611 nostra
1194 2557 1330 2611 sententia
1355 2556 1410 2610 dici
1429 2554 1583 2626 potuisset?
1610 2554 1689 2610 Idem
1712 2554 1761 2610 lib.
1781 2561 1805 2610 l.
1825 2572 1867 2626 ep.
1888 2562 1912 2612 2.

216 2642 290 2712 quod
309 2659 341 2696 ex
359 2643 426 2711 ipsis
444 2642 535 2698 verbis
555 2643 736 2698 manifestum
1076 2649 1206 2710 testatur,
1230 2641 1392 2696 Cornelium
1407 2660 1519 2712 papam
1543 2643 1658 2696 electum
1676 2641 1769 2705 fuisse
1787 2660 1805 2695 a
1821 2644 1912 2711 pluri·

252 2734 292 2783 96.
319 2731 346 2784 2.
366 2729 486 2782 Petrum
504 2731 582 2783 dicta
603 2734 631 2784 et
654 2729 774 2800 plurima
790 2734 818 2783 et
835 2728 976 2784 luculenta
993 2729 1049 2783 huc
1076 2730 1127 2781 mm
1145 2729 1286 2798 episcopis
1305 2731 1340 2782 de
1360 2729 1517 2782 testimonio
1536 2735 1561 2781 et
1576 2727 1722 2798 suffrapiis
1740 2728 1823 2781 totius
1842 2728 1914 2783 cleri

216 2812 310 2867 afferri
332 2820 456 2883 possunt.
492 2813 680 2870 Tertullianus
704 2814 733 2869 in
751 2814 824 2884 apol.
844 2831 867 2868 c.
888 2819 934 2871 39:
961 2816 1048 2868 Prae·
1076 2825 1101 2870 ct
1122 2816 1233 2886 populi.
1275 2816 1460 2871 Bellarminus
1487 2822 1581 2871 tamen
1610 2814 1675 2870 solis
1704 2813 1797 2870 lumen
1825 2814 1911 2886 pallio

214 2908 278 2953 sunt
296 2901 413 2969 probati
439 2900 540 2968 quique
570 2900 695 2953 seniores
721 2900 854 2954 bonoram
883 2901 966 2954 istum
993 2919 1049 2956 non
1077 2909 1169 2974 tegere
1186 2908 1302 2956 conatus
1321 2901 1456 2969 obtendit,
1477 2906 1501 2957 1.
1524 2901 1694 2970 Cypriorum
1711 2901 1849 2956 nonoelle
1868 2901 1911 2954 di·

116 3046 123 3067 ,
212 2987 320 3054 pretio,
351 2987 402 3038 sed
435 2986 591 3041 testimonio
618 2987 722 3055 adepti.
765 2986 921 3057 Cyprianus
946 2987 993 3042 lib.
1027 2993 1048 3042 l.
1076 3005 1146 3052 cere,
1164 2990 1331 3042 descendere
1349 3006 1381 3042 aa
1393 2989 1462 3058 jure
1480 2989 1590 3056 divino,
1608 2995 1639 3041 ut
1659 2987 1806 3061 episcopus
1826 3005 1846 3040 a
1862 3005 1910 3056 po·

215 3072 292 3142 epist.
316 3077 340 3126 l.
365 3071 401 3125 ad
425 3071 547 3126 Felicem
568 3072 759 3142 presbyterum
784 3080 811 3128 et
835 3072 930 3143 plebes
948 3074 1049 3128 multus
1074 3075 1143 3142 pulo
1163 3075 1299 3145 stipatur,
1327 3077 1379 3128 sed
1396 3075 1431 3126 ab
1447 3074 1581 3143 exemplis
1599 3074 1717 3141 diuinis,
1744 3091 1805 3127 cum
1823 3075 1912 3128 tribus

215 3158 304 3212 estin
326 3156 497 3212 adstruenda
516 3164 610 3210 nostra
628 3159 778 3212 sententias
800 3160 866 3212 Non
884 3160 1050 3213 blandiatur
1077 3163 1216 3214 duntaxat
1239 3161 1369 3230 exemplis
1384 3162 1492 3229 probet,
1511 3160 1561 3213 boc
1574 3163 1609 3214 de
1626 3160 1724 3214 divina
1743 3161 1911 3215 auctoritate

215 3246 270 3297 sibi
282 3244 365 3312 plebs
382 3243 506 3316 (inquit),
530 3246 613 3312 qrcasi
631 3247 760 3298 marannis
778 3264 797 3298 a
816 3247 980 3313 contapiona
1002 3248 1049 3299 de·
1077 3249 1258 3316 descendere,
1282 3248 1347 3316 jam
1373 3263 1437 3298 aero
1464 3248 1589 3316 exempla
1619 3247 1830 3317 scripturarum
1855 3266 1910 3300 non

214 3331 277 3383 licts'
295 3346 352 3383 esse
366 3332 472 3398 possit,
497 3349 558 3384 cum
572 3335 715 3388 sacerdote
731 3341 881 3401 peccatore
902 3334 1050 3387 communi·
1075 3335 1196 3402 faciunt,
1214 3352 1272 3387 rem
1289 3351 1347 3387 essa
1367 3335 1402 3386 de
1414 3334 1482 3401 jure
1498 3334 1605 3402 dicimo,
1622 3336 1675 3388 sed
1687 3343 1843 3403 praecepta
1854 3335 1913 3388 Dei

213 3433 282 3469 eane
300 3423 326 3468 at
345 3417 387 3469 ad
411 3416 545 3484 injustum
572 3424 654 3486 atque
677 3419 807 3474 illicitum
828 3421 991 3488 praepositi
1006 3419 1053 3473 sui
1077 3428 1153 3483 sunt,
1185 3437 1257 3490 quae
1285 3420 1335 3473 boc
1360 3420 1483 3483 faciunt.
1520 3426 1544 3475 2.
1574 3422 1745 3490 Cyprianum
1771 3421 1823 3474 boc
1847 3420 1911 3476 loco

216 3502 406 3569 episcopatum
423 3517 585 3555 consensum
602 3522 681 3557 suum
700 3507 879 3559 commodans
897 3512 947 3560 ete.
964 3523 1050 3575 prop·
1078 3507 1150 3559 nibil
1174 3508 1296 3560 tribucre
1319 3507 1428 3577 populo
1454 3509 1531 3561 circa
1553 3508 1700 3561 electiones
1726 3509 1911 3576 sacerdotum,

215 3595 257 3639 ter
278 3588 356 3655 quod
376 3587 457 3656 plebs
477 3589 627 3660 obsequens
647 3593 811 3661 praeceptis
837 3592 999 3645 Dominicis
1026 3601 1051 3645 et
1077 3593 1135 3646 nisi
1151 3602 1180 3647 ut
1192 3595 1297 3661 serant
1317 3594 1503 3646 testimonium
1522 3596 1557 3647 de
1576 3596 1635 3649 uita
1655 3602 1681 3647 et
1693 3595 1817 3648 moribus
1836 3594 1912 3650 ordi·

216 3674 309 3725 Deum
327 3680 447 3726 metuens
463 3692 482 3727 a
499 3683 649 3743 peccatore
668 3678 835 3745 praeposito
864 3693 1001 3745 separare
1021 3693 1050 3730 se
1077 3680 1251 3744 mandorum,
1281 3680 1357 3746 quod
1385 3679 1468 3731 etium
1487 3698 1559 3733 nunc
1588 3686 1716 3734 ansatur
1733 3681 1764 3733 in
1792 3681 1911 3735 ecclesia

216 3758 303 3825 debet,
324 3774 375 3811 uec
396 3775 425 3812 se
446 3761 488 3812 od
510 3761 646 3828 sacrilapi
662 3762 820 3815 sacerdotis
840 3763 984 3831 samptcio
1002 3763 1051 3814 mi·
1078 3765 1226 3832 catbolica,
1246 3772 1276 3818 ut
1292 3766 1334 3817 sic
1345 3766 1471 3834 populus
1489 3765 1589 3819 babeat
1602 3773 1771 3834 potestatem
1790 3766 1913 3836 elipandi

214 3860 299 3911 scere,
312 3844 446 3912 cumipse
458 3847 576 3899 manime
591 3847 916 3916 babeatpotestotamual
929 3849 1052 3915 elipandi
1078 3857 1104 3903 et
1122 3851 1304 3920 suffrapandi
1317 3867 1372 3920 per
1391 3852 1590 3918 testimouium,
1608 3870 1665 3905 noa
1684 3869 1740 3921 per
1765 3851 1911 3915 odedum,

215 3932 316 3999 dipsas
332 3932 499 3999 sacerdotes,
518 3933 562 3985 uel
579 3933 711 4002 indipnos
728 3935 888 3988 recusandi.
925 3934 1007 3996 Quod
1027 3945 1052 3989 et
1079 3954 1153 3990 more
1175 3938 1266 4007 tastis,
1289 3955 1345 3990 non
1357 3938 1478 4006 judicis.
1512 3937 1737 4008 Respondemus:
1759 3936 1911 4009 l.Cypria-

216 4017 308 4084 ipsum
327 4017 453 4070 uidemus
472 4019 507 4070 de
526 4018 625 4073 diuina
645 4021 811 4073 auctoritate
829 4024 1004 4088 descendere,
1021 4031 1051 4075 ut
1078 4041 1140 4079 mus
1164 4041 1292 4094 expresse
1317 4022 1390 4078 hunc
1415 4042 1518 4079 morem
1544 4025 1665 4096 eligendi
1692 4024 1849 4080 sacerdotes
1876 4027 1911 4079 de

215 4104 349 4156 sacmdos
369 4103 453 4171 plebe
478 4112 623 4173 praesente
647 4106 698 4158 sub
722 4109 841 4160 ninnium
865 4109 954 4162 oculis
980 4110 1049 4163 deli·
1078 4111 1244 4165 ouctoritate
1264 4112 1363 4163 diuina
1382 4111 1551 4166 descendere
1569 4112 1651 4174 dicit;
1668 4111 1735 4166 item
1747 4110 1837 4166 Deum
1856 4128 1911 4166 non
1933 4155 1937 4162 .

216 4196 301 4257 patur
326 4198 352 4244 et
378 4191 481 4258 dipnus
509 4199 592 4260 atque
617 4193 736 4246 idoneus
750 4195 866 4263 publico
880 4195 997 4263 judicio
1017 4214 1050 4248 ac
1077 4196 1165 4250 solum
1184 4194 1309 4267 exemplo
1334 4197 1490 4260 ostendere,
1516 4198 1565 4251 sed
1589 4197 1672 4251 etiam
1696 4205 1846 4267 praecepto
1870 4197 1911 4251 in·

217 4276 373 4330 testimonio
403 4277 609 4346 comprobetur,
637 4279 710 4332 sicut
739 4280 768 4331 in
795 4282 929 4333 Numeris
956 4282 1053 4349 Moysi
1078 4287 1198 4346 struere,
1234 4283 1307 4355 quod
1339 4284 1525 4338 ordinationes
1554 4284 1740 4339 sacerdotales
1772 4299 1827 4338 non
1858 4282 1911 4337 nisi

213 4361 356 4435 praecepit
373 4362 515 4416 Dominus
535 4363 646 4417 dicans:
670 4365 817 4418 Probanda
828 4367 970 4419 Aaronem
988 4369 1051 4431 fra·
1078 4370 1127 4420 sub
1143 4369 1246 4437 populi
1256 4370 1412 4423 assistentis
1429 4371 1598 4424 coruciemtia
1618 4370 1678 4426 fieri
1691 4371 1819 4428 debeant.
1851 4372 1912 4429 Nec

216 4455 286 4502 trem
305 4455 382 4502 tuum
396 4456 422 4502 et
441 4450 612 4502 Eleazarum
626 4451 720 4520 filiam
739 4452 801 4520 ejus
820 4462 845 4505 et
864 4454 988 4523 impones
1007 4472 1052 4507 cos
1078 4454 1203 4508 Eleazari
1223 4455 1374 4525 duntaxat,
1399 4455 1448 4511 sed
1469 4455 1552 4510 etiam
1577 4457 1710 4512 Matthiae
1735 4465 1763 4512 et
1782 4458 1911 4514 diacono·

80 4546 203 4590 titulos.
216 4535 247 4588 in
267 4543 386 4588 montem
398 4552 494 4589 coram
506 4538 582 4590 omni
593 4554 736 4606 synapopa
756 4547 781 4592 at
799 4557 866 4592 caree
878 4538 978 4594 Aaron
997 4550 1051 4594 sto·
1078 4558 1175 4595 norum
1190 4541 1351 4597 electionem
1370 4560 1403 4598 ex
1421 4542 1554 4597 Actorum
1566 4545 1780 4613 apostolicorum
1797 4544 1913 4600 historia

217 4621 356 4691 tamajus
375 4630 401 4676 et
419 4624 505 4675 indue
525 4624 695 4677 Eleazarum
711 4626 802 4689 filiium
820 4628 888 4696 ejus,
908 4635 934 4681 et
951 4630 1051 4681 Aaron
1078 4627 1206 4695 adducit,
1232 4634 1263 4681 ut
1286 4645 1303 4682 a
1329 4628 1423 4683 divina
1440 4630 1604 4686 auctoritate
1628 4637 1656 4685 et
1675 4638 1825 4704 praecepto
1842 4631 1911 4687 illud

216 4709 365 4777 appositus
391 4709 528 4764 moriatur
554 4709 624 4762 illic.
675 4710 778 4766 Coram
808 4713 883 4766 omni
908 4733 1052 4784 spnapopa
1079 4714 1244 4769 descendere
1270 4715 1405 4769 ostendat.
1443 4716 1523 4780 Quod
1548 4717 1621 4771 enim
1645 4717 1763 4787 apostoli
1791 4717 1912 4788 impulsu

210 4793 293 4862 jubet
313 4796 407 4864 Deus,
426 4795 560 4849 constitui
575 4799 761 4863 sacerdotem,
781 4799 872 4852 idest
892 4800 1006 4852 instruit
1025 4809 1050 4854 at
1077 4800 1197 4871 Spiritus
1219 4802 1307 4855 sancti
1326 4802 1354 4855 in
1375 4808 1431 4856 tam
1450 4803 1537 4856 arduo
1558 4803 1668 4875 negotio
1687 4809 1821 4874 perpetua
1833 4806 1912 4875 praxi

217 4881 348 4950 odendit,
365 4882 559 4936 ordinationes
578 4885 769 4937 sacmdotales
788 4902 844 4936 non
860 4886 918 4938 nisi
933 4887 983 4938 sub
999 4904 1050 4954 po·
1077 4887 1271 4956 observarunt,
1301 4886 1371 4940 illud
1396 4887 1492 4942 morito
1517 4889 1656 4961 generalis
1680 4889 1793 4960 reginas
1821 4890 1913 4946 locum

212 4966 281 5035 puli
301 4967 458 5021 assistentis
476 4968 645 5024 conscientia
661 4971 732 5037 fieri
755 4978 896 5038 oportere,
924 4980 954 5024 ut
970 4974 1050 5041 plebe
1077 4973 1203 5029 obtinere
1220 4980 1248 5028 et
1265 4989 1297 5026 ex
1307 4974 1372 5042 jure
1386 4973 1479 5027 divino
1494 4975 1661 5029 descendere
1676 4975 1825 5046 judicatur.
1853 4976 1913 5032 Ad·

214 5061 363 5122 praesents
375 5055 418 5107 uel
437 5057 603 5126 detepantur
615 5057 753 5110 malorum
766 5056 951 5120 criminandi
970 5060 1050 5111 bono·
1078 5059 1120 5112 dit
1139 5060 1251 5129 insuper
1272 5057 1427 5128 Cyprianus
1452 5062 1487 5114 de
1504 5062 1656 5114 traditione
1681 5061 1779 5116 divina
1800 5070 1826 5116 et
1846 5081 1914 5134 apo·

217 5157 279 5193 rum
291 5140 391 5195 merita
401 5143 611 5210 praedicentur,
633 5150 657 5197 et
671 5143 706 5195 sit
718 5143 862 5196 ordinatio
868 5144 952 5212 justa
972 5153 997 5197 et
1015 5145 1052 5198 lc·
1063 5117 1067 5202 Ι
1077 5147 1177 5199 stolica
1196 5145 1386 5198 obseruatione
1403 5145 1476 5200 hunc
1497 5163 1601 5200 morem
1626 5147 1792 5203 descendere
1811 5165 1845 5204 ec
1862 5166 1913 5220 per

218 5228 329 5298 pitima,
356 5244 427 5298 praa
454 5230 576 5282 omnium
603 5229 739 5299 suffrapio
771 5236 797 5282 et
817 5230 933 5298 judicio
962 5233 1052 5295 suerit
1078 5232 1222 5283 universas
1244 5232 1308 5296 fere
1330 5233 1494 5299 prouincias
1513 5234 1662 5289 observari.
1699 5234 1810 5306 Negare
1826 5232 1913 5306 igitur

219 5315 386 5378 examinata,
405 5317 482 5384 quod
495 5324 597 5384 postea
614 5317 765 5368 secundum
777 5314 876 5368 diuina
888 5318 1051 5384 mapisteria
1069 5319 1132 5372 'non
1150 5316 1251 5386 poterit
1269 5333 1322 5372 nec
1341 5318 1456 5372 audebit
1471 5317 1665 5388 Bellarminus,
1684 5320 1760 5392 quod
1774 5319 1913 5394 suffragia

218 5400 379 5454 clamatur
399 5399 429 5455 in
448 5400 529 5455 Actis
550 5401 758 5477 apostolorum,
783 5403 896 5470 mando
921 5405 955 5456 dc
976 5402 1052 5457 ordi·
1077 5402 1224 5475 populiis
1246 5403 1379 5460 electione
1404 5410 1547 5475 pastorum
1573 5404 1699 5461 adhiberi
1722 5405 1752 5460 in
1775 5406 1911 5462 florentis·

219 5487 317 5542 nando
334 5486 365 5541 in
382 5485 472 5543 mcum
491 5487 588 5542 dudae
606 5489 737 5559 episcopo
758 5488 862 5542 Petrus
886 5490 928 5543 nd
939 5489 1049 5558 plebem
1077 5486 1146 5542 simo
1160 5488 1418 5547 etiereunircrsali
1432 5488 1565 5547 ecclesiae
1579 5491 1912 5565 usutemporetlypriani

216 5570 350 5642 loquitur.
387 5572 525 5643 Susrmit
542 5571 641 5645 inquit,
661 5573 764 5631 Petrus
783 5574 814 5628 in
831 5575 923 5632 medio
943 5573 1050 5629 distan-
1076 5572 1161 5629 tuerit
1186 5577 1307 5647 positum
1339 5595 1373 5633 ac
1399 5580 1493 5648 patres
1525 5577 1725 5637 vetustissimos
1749 5595 1854 5637 morem
1882 5579 1912 5637 in
