4006 6022
599 294 651 350 DE
670 293 893 355 MINISTERIO
911 292 1210 355 uccmsmsrlco.
1714 310 1752 367 83

56 447 276 506 admoneam
316 449 498 506 ministerium
536 450 688 521 suscipere,
721 439 790 506 'cum
826 449 894 520 ipsis
920 448 962 504 ita
981 449 1109 522 dirigere,
1128 457 1161 506 ut
1177 451 1262 524 digno
1280 470 1389 525 semper
1400 431 1521 512 favesnt
1547 454 1675 511 Sortibus
1688 471 1755 528 ergo

56 536 194 603 anpels'eis
219 536 345 591 lammis
375 537 451 591 illud
474 539 646 591 tremendum
673 553 732 591 esse
758 536 892 598 noverint,
921 535 950 590 in
966 543 1092 592 retenta
1110 537 1152 592 uti
1176 543 1219 593 est
1235 539 1327 595 Deum
1351 545 1467 598 tentare.
1505 547 1530 597 t.
1550 541 1651 597 Officia
1667 543 1754 598 eccle

56 622 129 678 sicut
156 623 296 678 Jeremiss
327 624 364 678 ad
395 624 585 695 propheticum
621 623 743 678 officium
778 628 893 678 vocatus
921 622 1033 678 siastica
1055 640 1105 694 pcr
1132 623 1254 680 divinam
1277 631 1306 680 et
1332 627 1484 698 legitimam
1502 628 1674 683 vocationem
1693 645 1753 700 per-

57 708 248 779 erceptionem
267 711 367 765 aetatis
387 710 546 782 opponebat
563 710 622 767 der.
638 717 661 779 1,
679 726 704 763 v.
725 713 748 764 ὃ.
782 709 893 780 Moyses
921 709 995 764 souis
1014 708 1106 779 dignis
1125 710 1244 766 conferri
1263 712 1374 781 debent,
1395 731 1572 785 nequaquam
1591 714 1753 770 verodubio
1846 776 1853 787 ι

55 795 245 864 exceptionem
258 797 432 868 eloquentiae
449 797 536 853 Exod.
554 803 588 865 4,
607 815 633 850 v.
649 802 688 852 10.
707 795 761 850 illis
780 812 893 866 persua·
921 797 1003 851 sortis
1021 797 1128 868 judicio
1154 798 1296 853 committi.
1339 805 1363 854 3.
1390 798 1472 864 Quod
1497 801 1612 855 consilio
1636 806 1665 856 et
1690 819 1753 870 pru·

56 879 178 937 desdam
196 887 254 947 est,
278 899 315 937 ne
337 881 448 937 divinae
464 883 602 938 vocationi
626 882 803 954 pertinaciter
821 881 893 936 relu-
919 883 1014 938 dentis
1031 884 1153 938 humana
1170 884 1266 955 perfici
1283 891 1383 958 potest,
1400 886 1516 941 fortuito
1534 888 1648 942 sortium
1663 887 1754 958 jactui

54 971 173 1024 utentur.
216 966 370 1039 Gregorius
395 968 442 1023 lib.
471 974 494 1024 6.
525 969 605 1040 epist.
637 974 700 1025 169:
729 970 776 1022 Ea
802 969 894 1022 ontis
919 969 1146 1025 committendum
1177 987 1233 1025 non
1261 977 1310 1026 est
1347 979 1370 1027 4.
1400 972 1587 1043 Hieronymus
1616 974 1644 1027 in
1673 989 1696 1028 c.
1731 980 1752 1030 1.

56 1051 169 1119 Cln‘sti,
189 1055 289 1109 Simon
300 1055 537 1109 Jolsonnisamas
550 1057 614 1109 mel
628 1071 717 1124 pasce
732 1071 893 1123 caesenam,
919 1055 1008 1112 lonae
1033 1064 1062 1112 et
1084 1056 1164 1112 Beda
1187 1057 1259 1114 inc.
1280 1058 1385 1113 1.Act.
1410 1058 1484 1112 idem
1503 1059 1669 1129 improbant.
1706 1060 1753 1115 Ad

56 1139 215 1207 colls'pitur,
245 1141 369 1209 quodsi
383 1141 424 1208 is,
451 1142 501 1209 qui
517 1142 602 1208 ualet,
620 1141 815 1211 omnipotentie
835 1140 895 1193 Dei
920 1141 1074 1198 Solomonis
1092 1143 1197 1200 dictum
1214 1145 1427 1214 respondemus,
1453 1159 1564 1199 sensum
1586 1145 1661 1200 illius
1683 1163 1752 1208 esse,

55 1242 119 1278 ooes
134 1227 381 1304 renuitlpascere,
400 1228 529 1290 ostendit,
553 1244 584 1281 se
598 1235 744 1297 pastorem
760 1243 893 1280 summum
920 1230 995 1300 quod
1013 1229 1107 1285 omnia
1124 1232 1315 1302 gubernentur
1339 1231 1434 1286 divina
1457 1232 1643 1302 providentia,
1669 1233 1752 1288 etiam

55 1312 167 1365 misisse
185 1329 291 1367 amore.
328 1312 364 1367 Si
380 1314 454 1367 enim
477 1314 636 1382 unipenitus
654 1314 755 1368 Patris
772 1331 830 1383 pro
849 1331 893 1368 ee-
920 1333 964 1384 ea,
995 1333 1067 1388 quae
1084 1316 1205 1372 fortuitis
1221 1317 1331 1372 casibus
1350 1316 1416 1372 ferri
1437 1316 1517 1371 nobis
1538 1317 1697 1387 videantur,
1723 1320 1753 1373 id

50 1399 161 1468 plesda
176 1399 301 1454 militm
320 1401 442 1454 omnium
467 1403 502 1454 de
526 1409 633 1454 secreto
651 1400 750 1454 Patris
770 1402 812 1454 ad
821 1402 892 1469 pub-
919 1401 994 1472 quod
1015 1402 1043 1456 iu
1070 1402 1190 1457 sortibus
1215 1403 1298 1458 etiam
1316 1402 1408 1457 locum
1432 1402 1535 1457 babere
1552 1402 1634 1458 facile
1655 1421 1752 1460 conce„

55 1476 140 1538 team
157 1493 285 1539 nostrum
303 1502 431 1555 opressus
450 1493 500 1556 cst,
517 1505 568 1541 nos
583 1486 654 1554 quid
664 1487 772 1540 dicturi
788 1504 892 1551 sumus,
919 1488 1024 1559 dimus3
1053 1489 1101 1544 sed
1127 1506 1161 1543 ex
1187 1505 1220 1543 eo
1240 1506 1295 1543 non
1312 1493 1406 1559 potest
1423 1489 1533 1558 inferri,
1563 1490 1638 1560 quod
1659 1490 1753 1545 divina

54 1572 260 1640 quiscerem
281 1581 408 1626 nostrum
431 1574 633 1642 praeponimus
658 1573 779 1627 utilitati
795 1574 892 1644 proci·
919 1567 1091 1644 providentia
1109 1581 1195 1630 sortes
1209 1579 1342 1645 perpetuo
1360 1574 1400 1629 ita
1417 1575 1528 1646 dirigat,
1546 1581 1578 1628 ut
1595 1592 1704 1646 semper
1717 1578 1754 1632 sit

53 1661 182 1713 norum!
202 1658 284 1721 Quies
300 1659 396 1730 itaque
415 1660 495 1713 nobis
513 1677 546 1714 co
564 1660 650 1714 cordo
664 1662 825 1729 oppetenda
844 1668 892 1723 est,
920 1661 1021 1726 melior,
1043 1661 1090 1732 qui
1108 1667 1182 1717 sorte
1201 1660 1327 1732 eligitur,
1347 1660 1387 1730 (id
1408 1662 1480 1715 euim
1498 1662 1632 1716 duntaxat
1649 1663 1677 1716 in
1697 1663 1752 1717 illis

55 1754 187 1799 ettamen
197 1747 507 1816 promultorumlucro
527 1747 684 1815 aliquando
692 1749 890 1816 postponenda
919 1748 1039 1803 sortibus
1061 1748 1152 1803 locum
1175 1748 1275 1817 habet,
1307 1764 1379 1819 quae
1406 1748 1520 1816 speciali
1544 1747 1599 1802 Dei
1621 1749 1751 1803 mandato

53 1838 104 1889 etc.
141 1833 315 1889 ”Peraldus
340 1832 485 1904 episcopus
513 1834 542 1887 in
568 1849 664 1887 summ.
687 1830 780 1886 virtut
801 1848 825 1886 c.
847 1837 892 1888 12:
919 1851 951 1888 ac
969 1835 1076 1890 interno
1094 1834 1214 1905 Spiritus
1228 1834 1349 1904 impulsu
1358 1833 1510 1903 jaciuntur)
1534 1835 1583 1888 sed
1602 1836 1676 1906 quod
1693 1837 1751 1890 sive

56 1918 110 1981 Qvi
136 1920 354 1988 praedicatoris
381 1920 478 1983 officio
511 1918 608 1972 monn
630 1934 690 1971 0⁸⁸0
713 1925 835 1986 poemat
864 1926 891 1970 et
919 1921 1038 1989 meliori,
1064 1921 1122 1976 sive
1140 1921 1230 1990 pejori
1248 1938 1307 1978 sors
1326 1920 1432 1988 faveat,
1461 1937 1516 1974 nou
1540 1921 1600 1976 sine
1616 1921 1671 1976 Dei
1688 1940 1750 1992 pro-

53 2006 159 2074 eiipunt
177 2006 233 2058 sibi
251 2006 344 2060 solum
361 2007 466 2068 rivere,
491 2006 558 2059 licet
580 2006 653 2058 bona
677 2004 827 2058 intentione
843 2005 892 2069 fa·
918 2007 1040 2062 videntia
1059 2007 1129 2061 illud
1148 2006 1212 2071 flat,
1242 2022 1275 2061 ex
1296 2024 1351 2076 quo
1369 2006 1490 2060 nondum
1511 2006 1650 2077 sequitur,
1676 2008 1752 2078 quod

54 2092 135 2160 dunt,
148 2093 297 2146 utscils'cet
307 2110 370 2145 cum
376 2093 492 2162 puriori
502 2091 674 2146 conscicntia
686 2092 750 2143 Deo
759 2092 891 2157 serviant,
918 2093 1058 2149 ordinaria
1087 2091 1231 2147 ministerii
1258 2092 1419 2146 constitutio
1446 2092 1566 2147 sortibus
1592 2094 1753 2165 peragenda

54 2187 144 2232 tamen
157 2179 274 2232 muitum
293 2179 446 2232 timendum
464 2178 583 2242 uidetur,
601 2193 633 2230 eo
652 2178 728 2246 quod
745 2194 840 2230 servus
857 2177 891 2242 is,
918 2180 967 2249 sit,
991 2179 1041 2235 sed
1064 2179 1157 2250 potius
1181 2177 1355 2234 contrarium
1391 2177 1437 2231 Ad
1457 2174 1599 2232 electionis
1617 2179 1752 2234 Matthiae

56 2265 101 2333 gui
107 2266 245 2319 talentum
257 2265 405 2319 abscondit
417 2266 447 2319 in
460 2264 748 2332 uldarinuocatura
766 2263 890 2317 Domino
918 2266 1072 2337 exemplum
1091 2266 1241 2337 respondet
1259 2265 1411 2334 Dionysius
1433 2264 1468 2318 de
1495 2263 1592 2319 eccles.
1617 2264 1751 2320 hierarch.

55 2368 149 2406 servus
167 2368 301 2421 nequam,
327 2360 353 2405 et
373 2359 403 2404 ut
426 2350 582 2420 Gregorius
599 2349 682 2413 suu,
708 2350 757 2418 qui
774 2348 892 2402 scientia
917 2371 940 2408 c.
968 2361 992 2409 5.
1018 2358 1089 2424 part.
1114 2356 1140 2408 3.
1165 2361 1254 2408 sortes
1278 2352 1347 2405 illos
1370 2370 1425 2405 non
1449 2352 1540 2410 fnisse
1562 2353 1683 2420 proprie
1709 2354 1751 2405 sic

56 2446 78 2491 et
93 2439 197 2491 rs'rtsste
211 2439 342 2507 praediti
364 2454 501 2491 secessum
523 2436 723 2506 speculationis
748 2443 890 2505 appetunt,
918 2441 1017 2509 dictas,
1032 2442 1084 2493 sed
1099 2439 1215 2493 coeleste
1235 2439 1355 2506 aliquod
1380 2438 1471 2491 lumen
1490 2455 1575 2507 super
1594 2439 1751 2494 Metilium

58 2531 93 2578 tot
110 2523 273 2578 animarum
291 2525 336 2577 rei
352 2531 425 2589 sunt,
443 2530 510 2593 prot
528 2524 676 2577 animabus
692 2523 890 2592 praedicando
918 2545 936 2579 a
954 2528 1019 2580 Dec
1036 2528 1161 2596 effusum.
1198 2523 1253 2579 Sed
1278 2523 1379 2580 rectius
1398 2524 1546 2593 respondet
1563 2523 1750 2595 Hieronymus

55 2612 189 2678 prodesse
205 2618 367 2679 potuerunt.
393 2608 579 2666 Salmeronius
593 2615 627 2666 tr.
649 2615 673 2665 7.
690 2610 719 2663 iu
737 2608 833 2679 parab.
849 2624 890 2662 se·
917 2613 945 2666 in
964 2629 987 2666 c.
1011 2618 1033 2668 1.
1053 2611 1151 2677 Jonas,
1169 2609 1273 2664 factum
1296 2609 1326 2664 id
1344 2627 1403 2665 esse
1422 2610 1570 2679 peculiari
1586 2611 1646 2664 Dei
1664 2612 1750 2681 inspi-

59 2695 133 2750 minis
156 2696 242 2766 jacti:
269 2697 453 2750 Frumentum
476 2695 676 2764 periclitatur,
707 2697 775 2748 dum
794 2694 890 2762 forsit
917 2701 1027 2754 ratione
1045 2707 1071 2753 et
1088 2700 1221 2753 instinctu
1227 2718 1239 2767 ‚·
1261 2697 1322 2766 jam
1345 2713 1410 2751 vero
1434 2695 1581 2767 privilegia
1599 2714 1750 2766 paucorum

58 2783 241 2837 wmarus
260 2783 458 2846 abconditur.
477 2784 554 2851 t¹⁴0d
577 2784 726 2835 ‘1⁰th&
742 2787 891 2850 Ptassiiare
918 2802 973 2840 non
991 2792 1108 2857 possunt
1130 2784 1224 2838 facere
1246 2783 1337 2854 legem
1354 2799 1526 2837 communem
1545 2788 1573 2837 et
1593 2799 1672 2836 casus
1691 2800 1750 2850 spe-

59 2869 156 2936 solent,
184 2869 253 2922 dum
266 2869 408 2938 perfectis
425 2868 581 2922 bominibus
600 2859 790 2939 'persuadent
812 2874 843 2919 tl
862 2866 891 2918 in
918 2871 997 2925 cialis
1016 2889 1072 2926 non
1092 2871 1176 2926 debet
1193 2870 1267 2924 trahi
1292 2871 1321 2924 in
1344 2868 1499 2938 exemplum
1523 2868 1677 2923 ordinariae
1697 2869 1750 2924 ele-

60 2971 172 3009 trtmum
192 2963 242 3009 aut
259 2956 400 3024 mundam
418 2963 552 3009 setectum
571 2955 664 3008 locum
680 2970 710 3007 ει
725 2953 842 3019 abdant,
861 2959 891 3004 vt
918 2960 1025 3016 ctionis.
1061 2959 1173 3031 Reliqui
1193 2957 1311 3029 apostoli
1331 2955 1490 3011 immediate
1510 2961 1589 3010 erant
1606 2973 1624 3010 a
1641 2955 1750 3012 Christo

58 3043 188 3114 poputum
202 3043 284 3097 cerlo
296 3043 358 3096 Dei
370 3050 419 3096 aut
431 3043 506 3097 ustae
520 3041 644 3111 compto
659 3059 715 3095 non
722 3039 892 3109 possuntt*
918 3049 1021 3112 vocati,
1052 3046 1167 3102 ideone
1185 3045 1317 3100 Matthias
1341 3045 1370 3098 in
1389 3043 1480 3097 locum
1499 3042 1591 3097 ludas
1610 3043 1751 3097 vocandus

61 3127 158 3191 Quodlti
185 3128 365 3183 nihilominus
390 3128 491 3200 aliquit
516 3145 620 3200 negare
648 3135 676 3183 et
698 3142 813 3182 renuere
830 3142 892 3196 per·
917 3134 1032 3205 reliquis
1051 3134 1164 3189 inferior
1182 3132 1336 3200 videretur,
1360 3130 1492 3184 instinctu
1513 3129 1607 3184 divino
1627 3148 1677 3201 per
1694 3148 1750 3187 scr-

60 3215 161 3279 rexerit,
179 3214 222 3269 illi
240 3214 327 3270 invito
345 3232 379 3270 sc
396 3216 544 3270 reluctanti
567 3232 623 3269 non
650 3221 694 3269 est
710 3212 892 3268 deferendum
917 3227 972 3276 tem
988 3221 1131 3292 negotium
1148 3219 1201 3274 hoe
1218 3217 1273 3272 fuit
1286 3223 1465 3286 transactum,
1484 3215 1532 3270 ubi
1551 3215 1637 3286 probe
1654 3223 1751 3271 notan.

60 3301 248 3370 ministcrium,
278 3301 328 3357 aad
353 3302 388 3357 dc
419 3302 474 3357 alio
498 3301 597 3356 idoneo
630 3299 838 3370 dispiciendum
868 3315 892 3363 0.
918 3307 998 3376 dum,
1030 3326 1095 3363 cum
1118 3312 1216 3377 postea
1242 3309 1348 3375 septem
1373 3302 1480 3358 diaconi
1505 3301 1625 3373 eligendi
1650 3310 1749 3371 essent,

60 3385 125 3441 Olim
157 3393 181 3444 8·
215 3406 242 3459 q·
272 3394 296 3444 l·
324 3405 358 3444 0¹
386 3388 544 3459 Auguttino
579 3393 676 3441 ⁰0¹1tr8
698 3385 892 3442 Manisshfltffl‘
916 3413 971 3450 non
988 3400 1070 3465 sorte,
1089 3394 1138 3449 sed
1152 3397 1312 3465 χειροτονίᾳ
1332 3389 1401 3444 illud
1419 3388 1525 3444 factum
1543 3387 1636 3443 luisse.

61 3473 130 3527 Olim
158 3475 254 3542 iussus
280 3482 323 3528 est
340 3475 443 3542 frater
459 3473 639 3543 praemortui
647 3474 758 3537 fratris
776 3490 888 3528 uxorem

61 3561 167 3631 ducere,
183 3562 353 3629 utnonsidi,
372 3562 424 3614 sed
440 3561 490 3615 illi
505 3560 654 3614 asscitoret
673 3559 795 3612 sobolem
814 3559 887 3626 ejus·
1229 3606 1234 3608 ,
1277 3601 1432 3609 -.,,.-

61 3664 108 3715 que
131 3648 241 3703 nominc
269 3656 394 3713 uocaret,
422 3650 499 3718 proed
523 3646 590 3699 inde
607 3653 781 3712 nasceretur,
812 3646 888 3713 quod

59 3735 84 3786 si
97 3744 252 3805 recusaret,
279 3735 469 3790 discalceatus
486 3752 543 3789 uno
554 3735 629 3804 pede
647 3732 763 3801 compui
781 3731 888 3784 solebat
1130 3751 1149 3810 s
1174 3751 1200 3811 E
1226 3750 1248 3811 0
1270 3750 1295 3808 Τ
1316 3749 1333 3809 1
1356 3750 1379 3810 0
1419 3748 1523 3809 vm·

60 3821 214 3884 infaciem
250 3823 333 3886 Nunc
352 3822 492 3892 evangelii
512 3821 628 3892 quisque
643 3819 830 3889 praedicator
846 3818 888 3871 ita

60 3908 134 3962 ssu
152 3909 181 3962 n
198 3909 318 3962 ecclesa
344 3908 494 3978 taceare,
520 3916 550 3962 u
574 3905 825 3974 coruncano,
855 3905 888 3958 u
914 3911 981 3977 nu
1002 3909 1306 3978 vacuemus
1329 3905 1484 3974 uuum
1506 3905 1747 3972 curuum.

60 4002 96 4047 est
115 3995 238 4062 Obruta,
258 3996 370 4048 meitet
390 4011 492 4065 semen,
517 3993 567 4065 qui
586 4012 641 4064 pro
665 3993 744 4048 nobis
762 4001 887 4046 mortuus
1842 4022 1846 4035 ‚

10 4095 49 4140 :ta
60 4090 107 4152 est,
125 4090 152 4136 et
168 4085 246 4152 quod
261 4082 425 4137 merlotum
443 4084 545 4153 fueret,
562 4083 625 4152 ejus
636 4097 735 4134 nomen
752 4080 886 4149 accipiat.
952 4084 1007 4134 118.
1032 4078 1148 4149 Egimus
1171 4078 1207 4133 de
1226 4094 1260 4133 ea
1282 4077 1311 4131 in
1331 4077 1517 4148 disputatione
1542 4076 1657 4146 publica
1675 4095 1747 4132 anno
1760 4089 1800 4130 Lu
1813 4093 1841 4131 us

59 4170 96 4223 At
111 4186 176 4223 sero
192 4170 241 4239 qui
257 4171 359 4224 electus
376 4170 412 4223 ab
426 4169 546 4223 eeclesia
563 4167 748 4221 ministerium
767 4166 889 4220 docendi
914 4164 1032 4220 seculari
1053 4170 1127 4221 1617.
1147 4164 1282 4233 instituta,
1301 4180 1385 4235 quam
1402 4163 1457 4218 huc
1475 4163 1577 4218 reierre
1595 4181 1651 4218 non
1668 4165 1746 4236 pige·
1759 4146 1882 4235 ffiffl‘

59 4264 83 4310 et
101 4256 263 4326 baptizandi
277 4256 414 4324 renuerit,
432 4256 468 4308 cl
488 4255 606 4309 ecclesia
621 4255 686 4322 ipsa
703 4237 788 4322 utqui
805 4253 887 4306 meri·
914 4251 964 4308 bit.
1005 4249 1242 4316 Quemadmodum
1263 4249 1328 4305 olim
1355 4249 1446 4304 clerus
1470 4248 1746 4320 Hierosolymitanus,
1760 4253 1828 4286 '¹¹⁰²‘

59 4342 338 4412 rememorentur,
358 4342 409 4412 qui
425 4342 536 4394 enimet
549 4339 604 4392 sibi
612 4339 739 4408 prodest,
757 4346 782 4392 ct
802 4339 886 4392 eccle·
914 4356 977 4393 cum
1001 4339 1030 4392 in
1055 4338 1182 4393 doctrina
1204 4337 1340 4393 lobannis
1368 4336 1512 4406 Baptistae
1545 4343 1574 4390 et
1595 4335 1746 4393 Salvatoris

58 4429 128 4494 scae,
144 4429 211 4482 bene
228 4428 398 4498 intellipitur
414 4436 532 4497 retroque
547 4427 622 4495 pede
642 4424 795 4493 calccatus,
812 4426 886 4477 undo
914 4424 1027 4493 Christi,
1047 4423 1121 4494 quod
1138 4422 1359 4493 reprehenderet,
1377 4439 1433 4476 non
1451 4423 1596 4490 inveniret,
1614 4422 1648 4476 de
1666 4438 1746 4475 vocu-

57 4514 146 4567 dlud:
168 4513 255 4577 Οιιαηι
271 4514 393 4583 speciosi
405 4515 495 4583 pedes
514 4511 761 4580 ooanpelizantium
776 4527 887 4580 pacem,
913 4512 988 4567 hone
1006 4510 1219 4565 controversiam
1238 4509 1293 4563 illis
1313 4508 1448 4564 movebat.
1484 4508 1538 4572 Qui
1557 4507 1630 4562 enim
1647 4507 1745 4563 Hiero·

57 4600 103 4669 qui
122 4618 189 4654 oero
208 4600 412 4654 lucrandorum
436 4600 544 4669 resupit
563 4615 661 4652 euram
681 4597 813 4666 aliorum,
829 4597 887 4650 dis-
913 4598 1027 4669 solymis
1039 4597 1117 4651 missi
1129 4601 1208 4652 erant
1223 4596 1380 4652 sacerdotes
1398 4613 1432 4651 ac
1443 4594 1558 4650 Levitae
1570 4594 1746 4651 Pharisaicae

57 4688 173 4741 mloeati
188 4686 268 4742 silius
288 4705 344 4740 non
370 4688 522 4754 figuratum
543 4685 721 4754 sipnificavs‘t,
737 4686 789 4738 sed
809 4684 838 4737 in
857 4703 886 4737 se
911 4684 1039 4740 factionis
1058 4682 1190 4751 asseclae,
1207 4681 1338 4738 dicebant
1355 4682 1391 4738 ad
1409 4683 1508 4752 ipsum,
1525 4680 1588 4737 Joh.
1611 4687 1633 4750 1,
1651 4699 1677 4737 v.
1698 4687 1746 4736 25:

57 4775 196 4845 ιἰιφὶιιιιπι
218 4773 345 4843 portarit
369 4773 558 4843 opprobrium.
594 4775 639 4828 10.
663 4772 711 4825 An
729 4771 827 4826 electio
846 4772 887 4823 ad
913 4771 970 4825 Gur
994 4771 1134 4841 baptizas,
1163 4769 1189 4823 si
1211 4787 1268 4823 non
1292 4785 1320 4822 es
1341 4769 1483 4836 Christus,
1499 4784 1549 4822 nec
1572 4769 1670 4838 Elias,
1697 4787 1747 4823 ncc

56 4861 235 4916 unitoriam
262 4860 349 4913 sortis
366 4858 481 4927 judicio
504 4851 724 4913 committbreia!
749 4857 793 4912 In
821 4856 885 4912 olim
910 4858 1071 4928 propbeta!
1097 4855 1142 4909 Ad
1161 4854 1302 4910 Christum
1320 4853 1402 4908 etiam
1426 4855 1454 4908 in
1479 4854 1582 4924 templo
1602 4854 1746 4910 docentem

55 4947 217 5020 qmbusdam
232 4946 288 5002 luit
304 4945 408 5014 risum,
427 4962 490 4999 cum
508 4944 591 5001 Prov.
615 4949 661 5012 16,
692 4962 718 4998 v.
739 4949 780 5000 33.
798 4950 886 4998 sortes
911 4953 940 5001 et
956 4942 1092 4998 miracula
1111 4942 1236 4998 edentem
1249 4940 1386 4996 accedunt
1405 4939 1542 5010 principes
1562 4941 1746 5010 sacerdotum,

56 5035 178 5090 timeus
206 5052 227 5088 a
251 5034 375 5088 Domino
403 5033 568 5105 mammeri,
601 5047 722 5102 cumque
753 5029 885 5085 Matthias
911 5031 1018 5087 scribae
1042 5035 1071 5084 et
1093 5027 1213 5083 seniores
1231 5027 1329 5099 populi
1353 5032 1524 5097 quaerentes,
1547 5029 1577 5081 in
1595 5046 1651 5098 pila
1668 5037 1745 5097 pote·

52 5138 101 5188 pes
116 5128 221 5175 sortem
239 5120 268 5174 in
283 5135 429 5174 numerum
450 5117 636 5188 apostolorum
655 5116 739 5172 fuerit
758 5117 883 5181 allectus,
910 5126 994 5188 state,
1018 5120 1049 5173 tv
1070 5121 1138 5185 ποίᾳ
1166 5115 1290 5182 ἐξουσίᾳ,
1320 5112 1425 5165 istlaec
1443 5114 1547 5178 faciat,
1574 5122 1599 5167 et
1619 5115 1748 5184 quirilli

54 5208 141 5266 Actor.
165 5214 193 5274 1,
211 5225 237 5263 v.
258 5213 300 5263 26.
339 5205 394 5262 Sed
413 5205 442 5260 in
456 5223 479 5260 c.
498 5205 625 5260 Ecclesia
648 5212 726 5260 extra
749 5204 784 5260 de
806 5204 883 5257 sorti·
910 5208 1157 5275 lanopotostctcns
1172 5201 1302 5256 dederit!
1320 5198 1419 5253 Matth.
1434 5203 1476 5268 21,
1494 5204 1572 5256 v.23.
1602 5200 1686 5254 Marc.
1705 5207 1745 5270 11,

54 5291 126 5364 legiis
151 5301 181 5350 et
200 5294 219 5349 1.
246 5300 289 5350 u.
312 5309 336 5347 c.
362 5292 398 5346 de
415 5293 498 5362 episc.
521 5299 548 5348 et
568 5292 660 5346 cleric.
679 5292 750 5346 ratio
765 5290 886 5362 eligendi
911 5312 936 5350 v.
963 5299 1005 5348 27.
1032 5291 1100 5346 Luc.
1129 5295 1176 5358 20,
1197 5307 1222 5343 v.
1251 5293 1274 5345 1.
1310 5286 1375 5340 Pari
1401 5303 1511 5356 quoque
1530 5285 1635 5341 ratione
1655 5287 1745 5341 clerus

53 5382 180 5438 cousus
205 5381 348 5436 minutros
373 5396 424 5450 per
458 5386 545 5434 sortes
574 5380 673 5434 merito
705 5378 884 5449 improbatur.
911 5379 1073 5435 Pontificius
1085 5375 1285 5432 successionem
1298 5375 1327 5428 in
1340 5374 1405 5429 sede
1417 5373 1569 5445 apostolica
1586 5389 1643 5426 non
1655 5373 1744 5429 minus

10 5486 12 5517 τ
56 5467 157 5525 tuen
176 5468 278 5524 nullibi
295 5466 449 5539 praecepit,
466 5465 587 5522 sortibus
600 5465 629 5520 in
649 5464 788 5519 ordinaria
806 5464 884 5518 mini-
911 5484 995 5538 quam
1013 5465 1102 5521 clerus
1121 5461 1390 5533 Hierosolymitanus
1409 5460 1438 5516 in
1456 5460 1521 5515 sede
1534 5459 1673 5514 Aarouica
1692 5460 1744 5514 sibi

54 5556 120 5613 aerii
138 5553 338 5612 constitutione
354 5552 405 5622 uti,
425 5570 477 5611 uec
494 5553 637 5638 promisit,
657 5569 687 5609 se
705 5550 776 5607 velle
794 5556 882 5606 sortes
896 5539 899 5608 l
911 5554 962 5610 soli
979 5569 1128 5625 arrogans,
1153 5567 1217 5606 cum
1241 5548 1269 5603 in
1294 5545 1421 5603 doctrina
1439 5545 1555 5602 liutheri
1571 5545 1607 5599 ad
1626 5546 1744 5617 proplie-

1331 5653 1371 5706 fidi·
