4006 6022
641 254 693 310 DE
711 252 964 314 tramsmw
980 254 1166 315 pourton
1688 263 1750 322 tta

59 407 96 462 ed
114 407 223 462 literam
242 407 348 479 aliquid
356 409 468 485 ¹docent
486 408 515 462 in
535 409 653 465 externis
677 410 748 464 inter
768 409 893 465 homines
917 411 1020 482 judicis
1044 412 1181 482 officium,
1209 410 1335 468 Christus
1360 428 1421 468 eam
1449 426 1505 465 non
1522 409 1709 482 proposuisset
1723 409 1752 463 in

58 499 87 548 et
107 494 208 549 deinde
229 495 312 549 simul
330 496 415 550 etiam
433 495 539 566 aliquid
557 496 641 551 altius
664 512 756 550 coram
773 495 835 552 Doo
851 497 890 551 in·
919 499 1090 570 exemplum,
1118 498 1193 572 quod
1217 504 1328 553 moueat
1353 514 1404 552 nos
1422 513 1533 567 semper·
1549 513 1633 550 orare
1653 503 1679 549 et
1696 513 1752 550 aon

59 579 169 645 dicant,
193 581 283 652 qualia
302 587 345 636 est
363 581 497 652 parabola
516 581 584 637 Luc.
605 589 652 653 14,
670 601 695 637 v.
715 588 739 640 8.
759 583 794 638 de
811 599 892 638 accu-
918 587 1042 656 deficere.
1097 585 1139 639 Ex
1175 584 1276 657 quibus
1314 583 1442 639 omnibus
1476 583 1516 637 sic
1552 580 1750 637 concludimus.

58 666 120 722 bitu
140 667 169 721 in
188 668 279 739 priore
304 675 332 723 et
350 668 496 723 novissimo
522 669 591 726 loco.
628 673 654 723 3.
675 670 891 724 Ριοιιιιιαιιιι
918 670 998 735 Quod
1023 672 1153 741 congruit
1182 670 1307 742 probatis
1325 677 1482 726 sauctorum
1507 668 1654 739 exemplis,
1682 666 1752 721 illud

59 755 243 823 apostolieum
269 761 291 808 1.
316 754 376 809 Cor.
402 761 427 821 6,
456 773 481 810 v.
508 763 536 809 5:
569 756 617 809 Sic
635 772 692 808 nor
719 763 760 811 est
776 757 891 826 sopiens
918 755 1090 812 Christianus
1108 756 1215 827 absque
1232 756 1290 811 ullo
1312 755 1496 811 conscientiae
1516 753 1647 825 scrupulo
1664 751 1751 807 susci·

58 840 206 908 quisqsiom
224 841 294 893 inter
311 858 372 904 coe,
400 842 450 910 qui
468 841 561 910 possit
579 841 715 909 judicare
736 843 809 895 inter
819 844 889 910 fro·
917 859 983 914 pere
993 849 1092 914 potest
1120 843 1208 914 Atqui
1220 842 1343 897 officium
1352 842 1456 914 judicis
1469 840 1661 895 administrare
1673 839 1752 894 item·

57 933 127 979 trem
149 928 250 979 suurn!
283 924 331 980 ubi
358 941 457 980 causas
486 924 609 980 fidelium
639 941 731 980 coram
761 926 891 982 fidelibus
918 945 971 1000 qne
998 928 1120 984 officium
1135 928 1239 1000 judicis
1267 935 1364 983 contra
1387 928 1503 998 injurias
1531 926 1569 982 ab
1587 926 1642 982 alio
1659 925 1751 979 illatas

55 1012 175 1084 judicari
195 1012 339 1083 praecipit,
359 1011 477 1083 proinde
496 1027 557 1067 esse
575 1011 685 1066 fidelem
705 1030 738 1067 ac
757 1013 889 1068 Christia-
917 1015 1063 1085 implorare
1101 1017 1230 1087 congruit
1264 1015 1390 1087 probatis
1421 1019 1578 1068 sanctorum
1610 1012 1750 1082 exemplis.

57 1115 133 1166 num,
152 1115 208 1153 non
224 1106 330 1169 pugnat
350 1116 413 1152 cum
430 1098 534 1168 judicis
554 1097 655 1153 officio.
685 1097 890 1171 Oonjungenda
918 1099 992 1171 Ergo
1009 1100 1182 1156 Christianus
1207 1101 1312 1173 absque
1333 1100 1390 1155 ullo
1410 1100 1596 1155 conscientiae
1620 1098 1750 1169 scrupulo

57 1184 142 1239 eiiam
155 1192 220 1240 flunt
238 1189 402 1256 argument&
414 1184 529 1254 reliqu&
548 1200 620 1255 quae
632 1185 789 1251 ostendunt,
807 1184 889 1239 otiam
917 1194 1008 1256 petest
1026 1187 1148 1243 officium
1165 1188 1268 1259 judicis
1287 1187 1489 1252 administrare,
1507 1186 1636 1258 idemque
1653 1192 1750 1240 contra

56 1270 87 1326 in
102 1270 137 1329 N.
147 1271 180 1325 Τ.
196 1271 321 1343 legitima
333 1271 440 1340 judicia
460 1288 519 1326 esse
537 1271 598 1325 Deo
615 1278 697 1342 grata
714 1287 747 1325 ac
763 1270 889 1340 probata.
916 1272 1032 1343 injurias
1059 1274 1213 1346 implorare.
1263 1274 1336 1337 Quid
1361 1273 1436 1344 quod
1456 1274 1536 1326 Deus
1561 1273 1622 1341 ipse
1646 1271 1749 1341 judicis

10 1383 43 1412 ro·
93 1364 151 1420 273,
189 1361 215 1413 2.
237 1359 263 1410 A
279 1358 409 1426 probatis
428 1359 561 1427 exemplis
577 1374 685 1426 eorum,
716 1358 763 1429 qui
782 1356 826 1411 vel
845 1356 890 1425 ju·
917 1357 1009 1413 officio
1027 1359 1099 1414 inter
1117 1360 1240 1414 homines
1258 1359 1386 1425 functus,
1409 1359 1513 1431 primos
1530 1358 1603 1414 enim
1622 1363 1749 1428 parentes

10 1435 44 1516 ξι·
57 1443 128 1497 dicis
146 1443 237 1498 officio
248 1440 336 1497 functi
349 1442 434 1511 fuere,
451 1442 496 1499 rel
516 1443 701 1498 defensionem
719 1450 747 1498 et
765 1441 887 1497 officium
916 1450 981 1515 post
1003 1445 1112 1516 lapsum
1136 1447 1165 1500 in
1188 1448 1236 1516 jus
1254 1452 1336 1500 vocat
1352 1463 1401 1500 sen
1421 1446 1496 1501 citat
1520 1446 1617 1498 Adam
1634 1445 1684 1497 ubi
1699 1446 1749 1498 es?

52 1530 157 1600 judicis
178 1529 366 1600 imploravere.
405 1530 528 1597 Moyses,
546 1531 638 1582 Joaun
657 1527 751 1583 etalii
769 1534 828 1583 tum
846 1544 888 1581 re·
917 1530 1008 1602 inquit
1024 1529 1125 1587 Genea.
1146 1536 1170 1601 3,
1190 1549 1215 1585 v.
1236 1537 1258 1587 9.
1278 1531 1435 1588 citationem
1455 1531 1580 1603 sequitur
1598 1530 1749 1596 accusatio,

55 1635 116 1685 pse,
141 1623 199 1670 tum
220 1617 335 1685 judiees
358 1616 504 1671 Israilitioi
528 1616 624 1688 populi
648 1615 725 1671 fuere
748 1616 837 1670 sancti
856 1632 889 1669 ac
916 1617 1120 1671 accusationem
1145 1617 1266 1671 criminis
1286 1614 1413 1688 probatio
1441 1634 1474 1672 ex
1494 1615 1666 1688 propria-rei
1685 1633 1748 1671 con·

56 1701 117 1758 Deo
142 1701 251 1772 probati
276 1701 336 1755 riri.
380 1702 467 1773 Atqui
491 1701 533 1755 illi
562 1701 669 1772 judicia
700 1706 890 1764 exercuerunt,
916 1700 1049 1771 sessione,
1076 1703 1261 1774 cognitionem
1282 1710 1311 1758 et
1327 1703 1529 1758 confessionem
1547 1702 1687 1757 sententie
1703 1702 1749 1771 ju-

56 1789 258 1844 oontroversias
289 1788 462 1844 subditorum
490 1789 661 1844 diremerunt
689 1794 774 1861 atque
795 1805 891 1843 omnes
917 1787 1052 1842 dicatoria
1095 1795 1123 1842 et
1168 1789 1301 1861 poenalis.
1350 1788 1429 1844 Idem
1464 1787 1555 1843 adhue
1592 1787 1675 1843 hodie
1719 1786 1748 1841 in

55 1876 178 1930 muneris
193 1874 334 1946 judiciarii
349 1881 443 1947 partes
459 1883 634 1947 peregerunt.
670 1877 772 1930 Jeetro
783 1876 889 1947 Moysis
916 1874 1023 1930 occulto
1049 1878 1079 1930 et
1108 1875 1218 1930 interno
1249 1873 1431 1972 conscientiae
1462 1873 1595 1929 tribunali
1626 1872 1750 1945 quotidie

56 1978 135 2017 socer
157 1962 277 2016 consulit
293 1978 396 2033 genero
418 1977 482 2025 suo,
509 1968 540 2016 ut
557 1963 634 2016 ciros
655 1963 760 2028 fortes,
796 1964 888 2016 Deum
915 1959 1017 2031 agitur.
1182 2005 1184 2009 .

55 2050 190 2116 timentes,
208 2049 348 2102 veridicos
374 2056 401 2101 et
419 2050 571 2102 avariciam
594 2049 663 2104 odio
685 2049 816 2102 labentes
839 2049 888 2102 eii·
950 2053 1010 2103 214.
1046 2050 1072 2103 3.
1091 2049 1119 2102 A
1132 2048 1314 2117 judiciorum
1331 2048 1457 2102 sibilium
1473 2048 1604 2102 ιιιιιιιιιι.
1636 2045 1786 2142 indicte&
1795 2050 1861 2101 ssu-

55 2144 106 2203 9ct
124 2151 227 2205 eosque
242 2134 352 2204 judices
365 2134 469 2205 populo
485 2133 636 2205 praeliciat,
653 2133 741 2191 Exod.
758 2140 797 2191 18.
808 2152 833 2190 r
850 2139 889 2190 st.
916 2138 981 2187 sunt
1005 2134 1090 2189 veluti
1112 2140 1217 2189 statera
1246 2133 1409 2206 aequitatis,
1434 2150 1487 2189 vox
1510 2132 1581 2204 legis
1606 2131 1776 2246 omnisque?l
1762 2103 1876 2245 Qua?

56 2221 135 2292 Ergo
151 2239 207 2275 non
226 2227 354 2292 pugnant
371 2221 443 2275 inter
461 2239 490 2276 se
511 2219 602 2276 Deum
623 2221 719 2283 timere
743 2228 771 2276 ιι
786 2221 890 2291 judicis
916 2220 1101 2275 contentionis
1127 2237 1160 2275 ac
1178 2220 1234 2275 litis
1258 2220 1471 2290 consummatio,
1496 2218 1642 2290 inquibus
1664 2207 1807 2274 eardo¹'·

59 2307 152 2363 officio
171 2307 260 2378 fungi.
298 2308 477 2377 Josopictoa
487 2307 674 2379 pientissimus
690 2324 737 2362 rex
755 2307 890 2377 aSpiritu
915 2306 1086 2377 reipublicae
1103 2307 1233 2374 vertitur,
1247 2306 1375 2377 justitiae
1391 2306 1448 2374 ris,
1466 2305 1598 2376 perfectio
1616 2310 1645 2360 et
1662 2304 1749 2359 admi·

57 2402 155 2449 sancto
180 2395 251 2449 inter
276 2399 371 2448 cetera
395 2392 477 2449 etiam
496 2409 529 2448 eo
545 2393 655 2449 nomine
674 2393 890 2457 commendatur,
916 2392 1043 2447 nistratio
1063 2393 1223 2449 collocatur.
1263 2392 1327 2449 Non
1343 2391 1416 2447 enim
1433 2408 1520 2460 unus,
1539 2391 1590 2447 sed
1605 2390 1749 2462 multiplex

57 2482 133 2552 quod
153 2498 202 2550 per
220 2479 344 2551 singulas
363 2478 446 2534 urbes
464 2480 579 2548 judicer
598 2481 772 2534 constitnerit
789 2496 890 2551 eosque
918 2487 960 2533 cst
975 2479 1144 2549 judiciorum
1159 2479 1324 2534 inhumana
1343 2478 1477 2533 societate
1497 2476 1560 2532 finis
1572 2482 1656 2549 atque
1674 2494 1749 2532 usus

57 2567 156 2624 sedulo
174 2566 299 2621 hortatus
318 2564 411 2634 fuerit,
430 2571 462 2619 ut
476 2567 553 2636 juste
567 2566 735 2636 judicarent,
754 2573 890 2638 perpetuo
921 2572 942 2621 l.
960 2565 1071 2620 Veritas
1090 2566 1118 2619 in
1136 2565 1270 2620 altissimo
1284 2571 1369 2635 puteo
1389 2563 1542 2619 secundum
1560 2562 1750 2618 Democritum

57 2653 164 2709 scilicet
192 2669 341 2717 memores,
378 2650 468 2706 Deum
498 2669 558 2708 esse
597 2670 691 2708 secum
718 2653 747 2708 in
774 2653 890 2724 judicio,
917 2651 1028 2723 saepius
1057 2652 1223 2706 delitescens
1252 2651 1281 2704 in
1311 2651 1401 2706 lucem
1432 2648 1609 2720 producitur,
1641 2649 1751 2705 occulta

10 2755 44 2799 aa
60 2747 86 2796 2.
103 2739 228 2809 Paralip.
250 2744 289 2801 ta,
318 2756 344 2792 v.
362 2743 385 2793 6.
427 2738 539 2792 Notati
555 2745 667 2794 recusat
684 2739 792 2793 vineam
813 2755 889 2792 suam
918 2737 1021 2793 delicta
1036 2755 1087 2808 per
1106 2739 1179 2792 viam
1201 2736 1388 2807 inquisitionis
1407 2734 1630 2799 manifesmntur,
1650 2741 1752 2806 negata

58 2827 118 2897 regi
140 2825 256 2882 Achabo
281 2825 400 2879 vendere
426 2831 445 2880 l.
465 2825 535 2896 Reg.
556 2831 604 2893 21,
632 2843 658 2878 r.
680 2824 892 2895 tercentenis
917 2840 969 2895 per
987 2824 1059 2878 viam
1080 2823 1251 2895 probationis
1271 2821 1481 2888 confirmantur,
1507 2837 1541 2877 ac
1564 2821 1639 2893 qood
1658 2822 1686 2879 in
1704 2839 1751 2893 ge·

58 2914 119 2968 loco
150 2928 291 2982 opponens
320 2910 426 2982 legem,
464 2925 537 2982 quae
565 2910 694 2981 prohibet
726 2911 892 2981 patrimonia
918 2927 984 2966 nere
998 2912 1033 2966 de
1045 2910 1173 2965 omnibus
1184 2911 1238 2965 rite
1250 2909 1408 2965 constitutis
1419 2907 1663 2979 disputationibus,
1677 2908 1751 2964 idem

57 3000 160 3055 civium
187 2998 402 3054 israeliticorum
427 2999 568 3068 confundi,
598 2998 708 3054 Numer.
733 3004 779 3067 36,
806 3017 832 3053 s.
867 3007 890 3055 1.
919 2997 1001 3052 etiam
1022 2998 1056 3054 de
1075 2995 1204 3051 civilibus
1216 2996 1271 3051 illis
1287 2994 1536 3067 disceptationibus
1548 2993 1634 3049 asseri
1651 3000 1751 3064 potest,

56 3086 220 3159 provocarit
234 3085 320 3156 igitur
339 3102 356 3138 a
374 3102 439 3157 rege
461 3086 497 3140 ad
515 3085 606 3157 legem
624 3092 652 3140 et
672 3084 805 3141 beneficio
820 3085 891 3154 juris
918 3084 994 3154 quod
1018 3083 1149 3138 videlicet
1176 3083 1233 3139 sint
1258 3082 1384 3138 raritatis
1417 3080 1627 3152 investigandae
1659 3078 1751 3135 media

57 3190 150 3229 rerum
177 3187 288 3226 suarum
311 3172 433 3243 quietam
457 3172 656 3242 possessionem
683 3171 735 3227 eibi
762 3172 890 3226 vendica·
919 3178 1002 3242 atque
1033 3170 1124 3224 limae.
1171 3174 1195 3225 2.
1226 3167 1385 3239 Disciplina
1416 3173 1532 3224 enema
1563 3175 1750 3236 conservatur,

57 3260 106 3313 rit.
144 3257 270 3311 Christus
292 3258 352 3328 ipse
378 3275 427 3312 sno
446 3257 570 3327 exemplo
594 3257 745 3311 doctrinam
765 3258 800 3312 de
815 3257 890 3327 judi·
919 3256 1032 3327 publica
1050 3272 1106 3326 pax
1123 3259 1153 3309 et
1168 3253 1358 3325 tranquillitas
1374 3253 1464 3325 viget,
1492 3254 1560 3308 dum
1584 3253 1613 3307 in
1636 3252 1751 3324 judiciis

58 3347 109 3399 ciis
127 3350 204 3398 recte
221 3343 396 3398 instituendis
412 3352 440 3398 et
462 3343 565 3397 auxilio
586 3343 693 3412 judicis
718 3342 900 3414 implorando·
919 3342 985 3397 boni
1010 3341 1198 3398 defenduntur
1226 3348 1255 3396 et
1284 3340 1471 3411 improborum
1495 3341 1614 3412 injuriae
1636 3340 1673 3395 ab
1695 3338 1750 3394 illis

57 3432 168 3498 tradere
191 3430 292 3494 voluit,
322 3429 433 3500 qnando
461 3436 570 3500 praeter
594 3429 721 3483 meritum
748 3430 890 3484 eserrulo
918 3427 1107 3500 prohibentur.
1152 3428 1254 3482 Omnia
1277 3427 1394 3497 justicio
1421 3435 1473 3481 ιιι
1503 3426 1750 3481 marmandae-um

56 3517 197 3589 pontificis
228 3532 375 3586 percussus
404 3515 487 3568 dicit:
522 3515 556 3568 st
578 3516 651 3568 mole
682 3515 791 3569 lectuna
820 3534 890 3583 aare,
917 3512 1751 3583 cornone-siarum,catpcniendonsmmolefieiorumccnsc

56 3604 243 3659 testimoninm
256 3602 373 3671 perhibe
399 3601 434 3653 de
458 3601 549 3671 molo,
578 3602 623 3654 ein
646 3610 737 3655 cutem
759 3603 824 3656 tene
850 3603 889 3656 lo·
917 3609 1029 3671 repeto
1055 3609 1131 3670 sunt,
1160 3600 1200 3655 ιιι
1219 3600 1316 3657 Cicero
1341 3617 1391 3671 pro
1409 3599 1538 3655 Caecina
1585 3603 1609 3653 ³.
1634 3598 1751 3653 «Iustitia

57 3700 139 3746 muas
155 3708 224 3755 sum,
244 3705 332 3756 quare
350 3704 393 3740 me
413 3688 530 3741 coedis?
553 3686 624 3743 ioh,
638 3692 679 3756 18,
697 3705 722 3742 v.
737 3693 777 3744 23.
789 3687 890 3759 quibus
917 3693 1060 3742 exercetur
1078 3694 1106 3742 et
1121 3686 1343 3749 administratur,
1368 3685 1480 3758 quando
1499 3683 1623 3755 legitimo
1644 3700 1751 3754 posses·

56 3778 149 3834 verbis
174 3776 210 3829 ad
239 3774 356 3842 legitimi
378 3773 477 3842 judicii
506 3773 630 3828 ordinem
661 3781 809 3844 provocat,
842 3775 890 3845 qui
917 3774 972 3828 sori
989 3773 1064 3828 bona
1077 3772 1316 3843 adjudicanturet
1330 3771 1522 3841 delinquentes
1538 3770 1750 3841 poenismeritis
1838 3832 1841 3839 ¹

57 3882 113 3921 non
136 3862 287 3934 permittit,
315 3867 347 3915 ut
372 3877 456 3914 causa
478 3861 600 3915 nondum
623 3861 736 3931 cognita
759 3861 890 3917 innocens
917 3859 1083 3915 afficiuntur.
1118 3858 1200 3915 Pros.
1221 3865 1268 3923 ιιι,
1292 3876 1317 3914 v.
1337 3861 1367 3914 ιι
1384 3857 1448 3911 Rae
1467 3856 1518 3927 qui
1534 3859 1612 3911 sedet
1630 3857 1749 3915 ineolis

57 3949 238 4022 percutiatur.
275 3947 385 4000 Paulus
413 3946 553 4016 apostolus
577 3945 652 4000 hisce
679 3945 782 4002 Christi
809 3949 890 4003 vesti·
910 3946 1029 4018 judicii,
1050 3946 1171 4015 direspot
1191 3962 1269 4000 omne
1286 3945 1391 3999 mairem
1410 3945 1513 3999 intuitu
1532 3962 1592 4007 eoo,
1626 3943 1749 4000 Judiclo·

58 4037 113 4108 giis
139 4035 268 4089 insistens
294 4030 453 4102 pontificem
471 4031 506 4086 de
529 4032 656 4102 neglecto
683 4031 797 4102 legitimi
815 4034 889 4103 judi·
916 4051 977 4087 rum
1002 4036 1031 4088 st
1053 4031 1203 4086 forensium
1222 4031 1364 4086 actionum
1389 4030 1539 4087 auctoritas
1560 4029 1624 4086 ideo
1638 4030 1749 4102 publice

56 4122 93 4177 cii
106 4137 237 4192 processu
251 4126 366 4174 accusat
383 4119 477 4171 Actor.
497 4122 538 4182 23,
557 4134 581 4170 v.
602 4122 631 4171 ³:
653 4116 696 4170 Tu
713 4120 793 4171 sedes
813 4121 889 4187 iudi·
917 4119 1069 4174 constituta
1092 4127 1135 4173 set
1163 4124 1191 4171 et
1210 4117 1381 4185 introducta,
1409 4123 1442 4171 ut
1467 4117 1585 4189 quisque
1607 4118 1748 4188 perviam

57 4227 125 4262 cons
144 4223 186 4260 me
208 4208 361 4259 eserindum
382 4205 470 4274 lepem
494 4211 519 4256 et
534 4211 632 4257 contra
645 4203 732 4272 lepern
747 4205 828 4273 iubes
848 4223 889 4259 me
913 4205 985 4274 juris
1008 4204 1140 4276 legitimis
1164 4203 1321 4259 actionibus
1343 4209 1373 4258 et
1394 4203 1524 4259 remediis
1543 4204 1591 4274 jus
1616 4220 1697 4259 suum
1717 4220 1749 4259 ac

53 4295 168 4366 percuti
174 4297 187 4348 ι
207 4293 282 4346 idem
299 4291 335 4345 ad
350 4293 397 4361 jus
416 4289 536 4344 civitatis
554 4289 696 4346 Βοιιιιιιι
714 4293 890 4362 provocando
917 4292 971 4346 sibi
989 4291 1113 4346 debitum
1130 4298 1330 4362 consequetur,
1358 4307 1427 4346 neve
1445 4291 1574 4362 cuiquam
1598 4289 1640 4345 fas
1657 4292 1694 4345 sit
1710 4291 1748 4346 rei

57 4390 155 4437 contra
184 4380 315 4450 injustam
345 4376 481 4432 inferioris
506 4377 610 4447 judicis
637 4377 801 4432 renuntiem
830 4395 889 4435 sese
917 4394 984 4432 suae
1002 4377 1212 4450 consequendae
1239 4377 1330 4448 gratia
1351 4395 1402 4448 per
1428 4378 1483 4432 vim
1512 4386 1597 4449 atque
1620 4377 1749 4448 injuriam

57 4468 178 4523 munivit
195 4475 223 4520 et
240 4464 440 4535 appellationes
458 4462 494 4517 ad
513 4462 681 4533 superiorem
698 4464 822 4533 judicem
840 4479 889 4519 suo
917 4464 969 4518 sibi
996 4464 1101 4518 aditum
1126 4464 1162 4518 ad
1187 4464 1337 4519 vindictam
1361 4464 1475 4518 munire.
1495 4464 1513 4524 l.
1533 4465 1621 4520 Nemo
1641 4471 1750 4520 exterus
1762 4483 1815 4528 χιι,
1829 4485 1875 4530 itt.

58 4554 184 4626 exemplo
204 4550 400 4621 comprobavit.
437 4551 530 4604 Actor.
548 4557 586 4615 16,
604 4567 630 4607 v.
649 4554 696 4605 (ιιι
717 4552 821 4605 Coenos
839 4570 889 4606 nos
916 4549 946 4605 O.
965 4550 999 4604 de
1014 4551 1138 4607 iudaeis.
1166 4558 1190 4608 4.
1208 4550 1374 4607 Emendatio
1394 4551 1494 4607 civium
1511 4551 1665 4622 quaeritur,
1685 4567 1746 4605 con·
1826 4580 1830 4591 ·

53 4643 182 4714 publice,
222 4657 277 4693 nen
312 4637 451 4691 convictos
480 4637 605 4690 homiues
637 4637 781 4690 Romanos
809 4639 890 4691 mise·
917 4636 1012 4690 cordia
1040 4637 1143 4691 rectius
1168 4642 1197 4693 et
1219 4635 1324 4693 firmius
1351 4640 1424 4694 inter
1446 4654 1494 4693 eos
1519 4637 1674 4705 stabilitur,
1700 4654 1748 4692 an.-

57 4736 122 4781 runt
156 4728 184 4779 in
216 4741 354 4778 carcerem
389 4730 414 4776 et
438 4740 512 4776 nune
538 4723 643 4776 consite
671 4740 722 4776 nos
755 4723 893 4790 ejiciunt!
918 4722 977 4776 dita
1003 4722 1096 4794 legum
1124 4730 1152 4778 ιι
1176 4722 1280 4793 judicis
1308 4724 1447 4780 sententia
1474 4740 1552 4779 emor
1566 4723 1692 4794 justitiae
1718 4722 1747 4779 in

57 4816 154 4870 Actor.
177 4817 219 4878 22,
240 4828 266 4866 r.
288 4815 328 4866 28.
354 4825 467 4864 causam
493 4825 570 4862 suam
594 4815 695 4872 eontra
707 4806 831 4862 iudaeos
844 4809 890 4878 ju·
903 4824 905 4881 q
918 4825 1011 4864 eorum
1028 4808 1126 4864 animis
1139 4809 1352 4881 redintegratur.
1385 4817 1409 4865 5.
1429 4809 1525 4867 Nostri
1542 4827 1576 4865 ac
1595 4816 1751 4866 nostrorum

59 4899 131 4953 dieio
157 4915 220 4951 cum
243 4897 303 4968 ipso
327 4895 525 4950 contendentes
552 4893 678 4950 defendit
697 4894 831 4949 Actorum
850 4899 892 4963 25,
903 4900 905 4907 “
918 4893 1041 4948 defensio
1062 4893 1209 4951 obtinetur.
1246 4895 1324 4951 Deus
1342 4896 1370 4951 in
1388 4896 1598 4967 regeneratione
1617 4910 1673 4953 non
1691 4894 1750 4950 adi·

58 5001 82 5040 s.
104 4991 149 5041 to:
171 4985 221 5037 Aa
238 4982 360 5037 tribunal
378 4982 503 5035 caesarie
520 4989 579 5050 sto,
599 4982 640 5035 iti
657 4997 699 5034 me
720 4988 828 5050 opertet
840 4980 967 5050 ju·=mit
993 4980 1045 5050 piis
1073 4980 1229 5035 ordinatum
1253 4982 1441 5037 amoremsui
1468 4998 1502 5038 ae
1530 4999 1657 5053 snorum,
1684 4982 1751 5053 quia

59 5073 160 5125 dicari
201 5068 270 5124 Luc.
294 5073 338 5137 18,
361 5086 387 5122 v.
408 5073 432 5122 3.
456 5067 617 5138 proponitur
642 5083 661 5121 a
685 5067 796 5123 Christo
811 5034 905 5140 para·¹
916 5067 1012 5134 pratia
1032 5075 1164 5120 notorum
1182 5085 1237 5121 ron
1255 5068 1359 5136 αιοιιι,
1379 5067 1436 5123 sed·
1447 5068 1562 5141 corrigit
1581 5085 1616 5124 ac
1631 5066 1748 5139 perficit

59 5156 123 5212 bola
153 5158 257 5209 vi'dnue
287 5154 392 5209 illatam
425 5153 476 5208 sibi
507 5151 543 5206 ab
575 5152 740 5207 adversariis
762 5154 891 5224 injuriam
917 5152 987 5208 (ium
1000 5168 1074 5225 ¹ergo
1090 5158 1191 5209 natura
1210 5153 1398 5209 defensionem
1416 5155 1460 5209 sni
1477 5155 1600 5220 dictitet,
1626 5157 1690 5225 jure
1709 5154 1749 5208 di·

59 5244 94 5298 od
127 5242 251 5312 jndicem
288 5240 437 5295 deferentis
474 5247 501 5293 et
534 5239 685 5292 vindictam
716 5241 891 5310 postulantis,
917 5240 981 5295 sino
998 5239 1035 5294 ad
1053 5255 1114 5295 eam
1132 5239 1313 5296 obtinendam
1327 5240 1434 5310 judicia
1453 5248 1482 5295 et
1510 5241 1632 5297 officium
1645 5240 1749 5311 judicis

58 5337 89 5384 ut
106 5330 263 5395 doceamur,
282 5327 373 5381 Deum
386 5326 481 5380 audire
494 5325 613 5396 gemitus
628 5332 657 5378 et
673 5341 769 5394 preces
787 5344 890 5397 eorum,
916 5325 984 5381 licet
1002 5325 1158 5398 implorant·
1197 5324 1415 5396 llAugustinus
1433 5327 1482 5383 lib.
1514 5333 1552 5384 19.
1572 5327 1606 5381 de
1626 5327 1677 5383 cis.
1696 5325 1750 5382 Dei

59 5417 104 5488 qui
129 5414 307 5486 affliguntur,
331 5419 360 5468 ιι
385 5413 549 5479 vindictam,
576 5410 728 5478 ἐκδίκησιν,
752 5412 806 5466 illis
830 5424 890 5471 ιιιι
916 5417 984 5469 ιιι
1004 5411 1350 5481 [prejudicioitoms‘msm
1363 5414 1398 5466 de
1411 5412 1574 5481 tomaene,
1592 5413 1750 5468 ιίιιιιιιιιιι

59 5502 206 5559 facturum.
250 5501 289 5554 At
315 5499 337 5553 si
367 5499 416 5554 illa
442 5499 526 5552 vidua
550 5503 694 5567 peccasset
717 5496 889 5568 implorando
916 5499 1001 5561 flios·
1028 5499 1058 5552 in
1087 5498 1261 5569 quantolibet
1285 5514 1356 5567 poce
1375 5498 1564 5569 mansurae,
1584 5501 1678 5557 deun
1693 5515 1760 5562 oon,
