4020 6014
185 149 244 209 128
763 138 886 198 LOCUS
904 137 1107 196 uouemus
1123 139 1288 198 TERTIUS

183 293 407 351 omnisunsaluts
417 293 551 365 wamia
563 293 694 364 accipies.
719 293 782 358 Quo
794 293 878 349 etism
897 294 1018 365 pertinet
1044 295 1093 363 qui
1111 304 1246 350 secretum
1269 304 1393 350 nostrum
1412 293 1618 364 praeponimus
1640 293 1763 348 utelitui
1776 297 1877 365 proci·

182 381 252 438 illud
268 381 420 454 Augustini
444 381 493 435 lib.
521 385 560 436 19.
585 379 620 434 de
647 381 698 436 civ.
719 378 771 433 Dei
798 397 822 435 c.
854 385 898 435 19:
926 381 1018 433 Leues
1044 383 1172 434 mmmm!
1193 382 1277 444 Quies
1294 383 1389 450 itaque
1407 382 1488 434 nobis
1505 398 1538 435 ec
1555 383 1640 435 corde
1654 383 1816 450 appetenda
1829 390 1876 446 εει,

182 471 321 540 superior,
340 471 400 522 sine
416 486 471 537 quo
485 468 611 539 populus
635 468 698 535 repi
714 467 821 534 nequit,
848 484 903 518 non
920 468 1017 519 decen·
1045 475 1169 522 ettamen
1181 487 1234 537 pro
1247 469 1489 525 multorumbucro
1502 468 1659 537 aliprando
1669 471 1876 537 postponenda.

182 563 225 609 ter
253 557 411 627 appetitur,
440 555 620 624 pemmobrem
647 555 732 606 otium
755 559 881 605 sanctum
906 552 1018 619 quaerit
1044 556 1119 607 Nam
1150 557 1222 608 sicut
1251 563 1307 609 toto
1336 557 1479 610 desiderio
1510 558 1640 609 debemus
1668 557 1878 625 occupationem

183 642 290 696 caritas
306 642 440 710 veritatis,
458 642 598 708 nepotium
610 642 719 707 justum
736 638 853 706 suscipit
868 639 1018 691 necessitas
1037 642 1155 709 supere,
1186 642 1227 694 ita
1254 642 1281 694 si
1303 642 1388 710 ᾱεείι,
1423 642 1472 710 qui
1493 643 1656 711 praedicet,
1684 643 1878 710 compatianie

184 729 329 796 cantatis,
353 746 437 797 quam
456 728 597 779 sarcinam
615 724 753 787 sinullus
772 723 903 791 imponit,
923 724 1018 792 perci·
1043 742 1113 778 onus
1132 726 1230 779 libenti
1245 743 1354 780 necesse
1373 735 1413 780 eet
1430 729 1544 780 bomem
1556 729 1658 795 subire,
1677 727 1754 795 quod
1765 744 1797 780 eo
1809 727 1878 780 duo·

180 813 304 882 piendae
336 821 420 882 alpem
453 813 602 865 intuendae
631 810 791 863 vacandum
820 816 861 861 est
894 809 1016 862 veritati.
1043 829 1105 863 rum
1113 814 1317 881 prophetarum
1329 816 1564 882 operedoeemur,
1583 829 1784 881 quorumunus
1792 829 1876 882 prae·

185 897 221 953 Si
236 908 328 953 autem
348 899 517 969 imponitur,
540 897 722 965 insapienda
747 902 788 948 est
802 903 922 964 propter
942 895 1016 947 cari·
1045 899 1195 952 dicationis
1214 901 1339 968 officium
1356 901 1447 952 vitare
1466 907 1582 952 conatus
1601 906 1643 951 est
1663 907 1688 951 ει
1706 900 1781 952 alter
1792 915 1878 968 appe·

183 986 250 1040 tatis
265 985 468 1050 necmsitatem,
491 985 543 1038 sed
565 999 616 1035 nec
635 983 675 1034 sic
692 981 769 1036 omni
789 983 873 1033 modo
892 981 1018 1033 εενίιαιίε
1044 983 1103 1044 tiit,
1130 1002 1195 1037 nam
1221 986 1341 1037 mittenti
1365 1003 1394 1038 se
1417 986 1542 1039 Domino
1563 985 1704 1037 deremiae
1732 985 1879 1053 respondit

184 1073 331 1126 delectatio
354 1072 510 1124 deserenda
536 1077 588 1138 est,
616 1086 650 1122 ne
676 1068 858 1120 subtrabatur
882 1067 935 1119 illo
954 1085 1018 1119 sua·
1045 1070 1158 1121 dicens:
1181 1070 1227 1122 Ale
1248 1071 1369 1124 Domine
1389 1073 1480 1138 Deus,
1507 1087 1567 1123 ecce
1584 1073 1677 1123 nescio
1695 1071 1786 1139 laquei,
1810 1069 1878 1138 qvia

183 1158 255 1211 vitas
273 1165 299 1210 et
317 1156 494 1227 opprimatur
507 1156 586 1222 justa
606 1153 763 1208 necessitas.
800 1151 926 1223 Itemque
945 1152 1018 1220 ejus·
1041 1170 1114 1223 puer
1132 1172 1181 1222 epo
1200 1174 1269 1210 sum.
1306 1157 1424 1209 Etcum
1443 1158 1614 1226 omnipotens
1635 1158 1714 1210 Deus
1738 1158 1780 1210 ad
1793 1172 1878 1225 prae·

184 1244 247 1297 dem
264 1248 360 1297 eontra
378 1239 567 1305 Manichaeos,
595 1239 670 1311 quod
688 1238 827 1309 allegetur
845 1239 875 1292 in
892 1255 916 1294 e.
937 1237 1017 1292 Olim.
1045 1243 1199 1295 dicandum
1220 1243 1276 1295 eibi
1293 1259 1445 1310 personam
1470 1251 1617 1311 quaereret
1644 1244 1757 1296 dicens:
1794 1243 1878 1305 Ωαεει

183 1344 257 1384 oeus.
282 1334 305 1383 8.
330 1345 355 1398 q.
382 1332 410 1381 1:
445 1327 520 1379 Olim
537 1328 638 1394 jussus
663 1333 702 1379 εει
726 1326 822 1389 frater
838 1324 1019 1394 praemortui
1046 1328 1152 1381 mittam
1170 1336 1196 1381 et
1216 1329 1278 1396 quis
1297 1329 1349 1381 ibit
1368 1330 1508 1382 cavebis!
1526 1330 1603 1382 ultro
1617 1347 1646 1382 se
1659 1330 1758 1382 obtulit
1772 1329 1879 1382 Esaias

176 1414 286 1483 fratris
304 1430 416 1466 nomem
436 1414 552 1481 ducere,
577 1419 607 1463 ut
625 1411 765 1473 nonsibi,
792 1413 844 1464 sed
868 1411 914 1464 ilbi
932 1412 1017 1464 sueci-
1046 1417 1158 1468 dicens:
1188 1416 1263 1467 Ecce
1282 1430 1346 1483 epo,
1376 1416 1452 1467 mitte
1469 1433 1519 1471 me.
1560 1416 1608 1468 En
1631 1417 1666 1468 ab
1691 1416 1816 1483 utrisque
1834 1432 1877 1468 εε-

184 1508 256 1554 taret
280 1500 402 1554 sobolem
427 1500 542 1567 ejusque
566 1499 677 1550 nomine
698 1505 824 1565 vocaret,
852 1499 929 1564 quod
953 1498 1018 1550 inde
1045 1502 1131 1553 terius
1150 1502 1263 1554 diverso
1280 1519 1332 1554 voa
1346 1501 1466 1570 prodiit,
1490 1503 1616 1555 sednon
1633 1519 1651 1554 a
1670 1504 1782 1556 diverso
1798 1503 1879 1566 fonte

183 1593 355 1654 nascentur,
375 1585 480 1652 quodsi
495 1591 647 1651 recusaret,
668 1582 857 1636 discalceatus
874 1600 929 1636 uno
946 1583 1018 1651 pede
1046 1588 1205 1641 dilectionis
1229 1589 1374 1642 emanavit.
1415 1589 1483 1641 Duo
1508 1588 1612 1657 quippe
1637 1596 1701 1641 sunt
1721 1576 1878 1658 praecepta

184 1673 301 1741 conepsei
317 1671 423 1724 solebat
443 1671 473 1722 in
488 1671 604 1734 faciem.
642 1670 725 1722 Nunc
748 1668 888 1736 subsellii
903 1668 1018 1736 qunque
1045 1674 1182 1741 caritatis,
1200 1690 1281 1727 amor
1300 1674 1359 1726 Dei
1378 1680 1403 1725 et
1420 1673 1555 1742 prosimi.
1583 1675 1641 1726 Per
1654 1675 1775 1727 activam
1793 1675 1879 1740 icitur

119 1811 126 1821 ,
179 1758 367 1828 praedicator
389 1757 432 1809 ita
455 1757 534 1808 debet
553 1757 584 1807 in
603 1755 723 1808 ecclesia
745 1755 893 1822 laborare,
922 1762 952 1807 ut
971 1756 1018 1806 de-
1044 1760 1128 1812 vitam
1155 1762 1292 1827 prodesse
1312 1760 1451 1828 maximis
1478 1760 1591 1828 cupiens
1616 1760 1723 1813 Esaias
1752 1760 1878 1828 officium

182 1846 283 1910 functo
300 1844 407 1909 fratri,
429 1842 481 1895 boc
499 1849 540 1894 εει
561 1842 685 1904 Christo,
714 1842 828 1894 suscitet
846 1858 951 1905 semen,
970 1843 1019 1909 qui
1036 1847 1267 1915 praedicationis
1299 1846 1436 1914 appetiit;
1463 1861 1519 1914 per
1545 1847 1789 1915 contemplativam
1812 1863 1877 1900 vero

179 1949 236 2001 pro
259 1931 340 1985 nobie
361 1937 487 1982 manuus
509 1936 561 1991 est,
594 1935 620 1981 et
647 1930 724 1996 quod
740 1928 903 1981 mscitatum
913 1928 1018 1995 fuerit,
1045 1933 1186 1985 Jeremiae
1211 1933 1304 1985 amari
1328 1933 1483 1986 conditoris
1507 1933 1606 1986 sedulo
1634 1934 1781 1986 inhaerere
1806 1934 1878 1985 desi·

183 2020 246 2087 ejus
262 2033 361 2071 nomen
379 2015 511 2084 accipiat.
548 2016 587 2067 At
604 2031 669 2067 vero
690 2014 740 2083 qui
756 2015 858 2067 electus
876 2015 912 2066 ab
932 2013 1016 2066 eccle·
1046 2021 1157 2084 derant,
1182 2036 1216 2072 ue
1235 2019 1308 2071 mitti
1329 2021 1370 2071 ad
1383 2019 1612 2087 praedicandum
1635 2020 1748 2086 debeat,
1771 2027 1878 2073 eontra·

182 2105 229 2158 eia
244 2103 430 2157 ministerium
447 2101 661 2170 evanpelizandi
684 2107 710 2153 et
734 2101 899 2170 baptiso-ndi
922 2116 1018 2152 renue·
1046 2105 1124 2158 dicit.
1165 2105 1248 2165 Quod
1269 2121 1335 2171 erpo
1360 2104 1543 2157 laudabiliter
1569 2122 1640 2157 unus
1666 2106 1801 2175 appetiit,
1827 2106 1879 2160 boc

182 2191 237 2261 rit,
261 2192 295 2243 ab
314 2190 433 2243 ecclesia
451 2189 515 2258 ipsa
540 2191 625 2256 dique
651 2189 806 2256 meritoque
826 2187 1016 2242 contemnitur.
1046 2191 1229 2243 landabiliter
1247 2190 1320 2244 alter
1341 2191 1458 2258 expauit.
1493 2191 1552 2242 Ιειε
1577 2208 1611 2243 ne
1637 2191 1741 2244 tacitae
1760 2198 1878 2245 contern-

186 2276 243 2341 Qut
259 2277 331 2330 enim
350 2283 376 2329 et
393 2275 449 2328 sibi
463 2277 581 2345 prodest
599 2282 625 2327 et
638 2275 781 2342 eccleciae,
800 2275 866 2327 bene
885 2273 1018 2341 intelbipi·
1042 2276 1178 2345 plationis
1204 2277 1286 2328 lucra
1310 2276 1448 2344 loqrvcndo
1469 2278 1616 2345 perderet,
1640 2277 1690 2329 ille
1711 2293 1745 2329 ne
1772 2279 1878 2329 damna

183 2373 229 2418 tur
245 2371 364 2431 utroque
379 2364 455 2430 pede
472 2362 628 2428 calceatus,
651 2362 725 2413 unde
743 2360 833 2424 illud,
857 2376 940 2428 quarn
958 2376 1018 2427 epe·
1044 2363 1168 2416 studiosi
1186 2364 1279 2431 operis
1296 2365 1415 2417 tacendo
1434 2363 1557 2416 sentiret.
1595 2363 1654 2416 Sed
1671 2363 1722 2415 boc
1744 2362 1775 2415 in
1794 2363 1877 2415 utris·

151 2519 152 2522 Ἴ
183 2449 256 2505 cieri
277 2450 368 2518 pedes
390 2448 640 2516 evanpelisantiuru
664 2450 717 2501 etc.
741 2447 790 2515 prii
819 2463 884 2500 vero
906 2447 1017 2500 lucran·
1045 2456 1153 2516 queret
1173 2449 1311 2502 subtiliter
1323 2450 1493 2513 intuendum,
1513 2449 1580 2517 quia
1599 2457 1624 2502 et
1645 2451 1677 2517 is,
1696 2449 1747 2517 qui
1766 2464 1878 2502 recusa·

184 2538 284 2591 dorum
298 2552 395 2588 curam
406 2533 514 2602 resipit
528 2533 659 2594 aliorum,
678 2532 847 2585 discalceati
864 2532 944 2585 illiers
961 2548 1017 2584 non
1043 2536 1089 2602 vit,
1107 2535 1191 2603 plene
1208 2553 1265 2588 non
1277 2535 1388 2603 restitit,
1407 2544 1432 2588 ct
1450 2536 1483 2603 ie,
1503 2535 1553 2604 qui
1564 2535 1637 2588 mitti
1650 2535 1746 2604 valuit,
1765 2543 1830 2588 anto
1848 2551 1878 2587 se

183 2623 333 2693 iipuratum
352 2620 534 2690 sipniticozu't,
563 2621 615 2671 sed
638 2619 668 2671 in
686 2635 715 2671 εε
732 2617 877 2687 impletum
890 2617 1017 2686 portavit
1042 2637 1095 2688 per
1121 2622 1224 2674 aitaris
1249 2622 1389 2675 calculum
1407 2629 1562 2690 purpatum
1586 2620 1671 2686 vidit,
1701 2637 1734 2674 ne
1755 2629 1876 2674 autnon

184 2708 365 2778 opprobrium
390 2713 441 2761 eto.
477 2704 571 2760 ”Leo
596 2710 624 2759 et
648 2704 814 2758 Anthemius
836 2704 853 2757 l.
880 2702 910 2758 Si
931 2718 1017 2774 quen·
1040 2716 1182 2777 purgatus
1209 2709 1292 2761 adire
1322 2708 1468 2777 priusquam
1493 2708 1626 2778 mysteria
1653 2725 1736 2761 sacra
1764 2709 1877 2770 audeat,

183 2810 267 2867 quom
291 2800 331 2849 31.
366 2810 390 2847 o.
416 2791 451 2846 de
474 2791 559 2862 episc.
587 2797 615 2845 et
632 2790 711 2846 cler:
751 2792 870 2843 Tantum
894 2790 929 2842 ab
959 2808 1016 2843 am·
1045 2801 1094 2846 aut
1122 2810 1202 2862 φιεεε
1229 2811 1353 2863 superna
1380 2795 1475 2861 pratia
1508 2795 1605 2863 clepit,
1634 2794 1684 2847 sub
1710 2794 1879 2848 humilitatis

184 2881 242 2935 bitu
267 2880 346 2935 debet
374 2894 432 2932 εεεε
457 2878 596 2946 sepositus
620 2877 783 2946 episcopus,
816 2884 848 2929 ut
865 2884 1018 2945 ρεαεεειεε
1043 2881 1135 2948 specie
1152 2881 1271 2949 superbe
1290 2881 1473 2934 contradicat.

183 2968 338 3037 copendus,
362 2972 477 3033 ropatus
497 2965 627 3028 recedat,
654 2963 787 3017 invitatus
811 2964 936 3032 effupiat,
955 2964 1018 3017 sola

183 3052 231 3106 illi
247 3052 417 3122 suffrapetur
435 3049 585 3101 εεεεεείιαε
607 3050 773 3116 monandi,
795 3050 927 3117 profecto
946 3049 1018 3102 enim
1384 3075 1439 3082 ·---
1463 3075 1488 3081 ·-
1552 3074 1558 3080 -

183 3138 317 3206 indipnus
332 3141 371 3188 eet
386 3134 555 3197 recordatio,
570 3133 628 3185 nisi
639 3133 727 3194 fuerit
741 3135 889 3187 ordinatus
906 3134 1018 3188 invitm.

182 3221 361 3281 Bernhardus
380 3237 459 3276 serm.
481 3225 520 3276 12.
539 3220 567 3272 in
586 3220 680 3275 Cant:
706 3220 824 3273 bhatres
841 3238 1017 3275 revereamur
1141 3221 1204 3280 SE
1224 3221 1245 3281 (i
1263 3222 1287 3280 Τ
1307 3221 1324 3281 Ῑ
1345 3222 1368 3282 0
1405 3222 1430 3280 P
1447 3222 1470 3282 0
1488 3221 1508 3279 Β
1526 3221 1551 3279 Τ
1568 3221 1594 3280 Ε
1613 3219 1642 3279 R
1660 3218 1677 3280 Ῑ
1697 3221 1720 3281 0
1740 3221 1778 3279 R.

183 3311 343 3383 epe‘ecopos,
367 3310 419 3363 sed
437 3325 583 3362 vereamur
602 3307 714 3360 iabores
732 3324 843 3376 eonem,
862 3309 889 3360 si
904 3308 1016 3361 labores

180 3414 412 3468 pantomimum
430 3397 591 3466 affectemus
611 3393 744 3456 bonores,
766 3411 950 3461 aquamanus
967 3395 1017 3447 im·
1106 3376 1172 3442 DE
1208 3376 1445 3443 MATERIA
1482 3375 1640 3442 CIRCA
1668 3376 1812 3456 QUAM

182 3501 267 3556 pares
283 3485 358 3538 vires
381 3490 504 3551 nostras,
521 3499 570 3536 nec
586 3481 703 3535 delectet
720 3481 818 3534 molles
836 3490 863 3534 ει
879 3481 1016 3544 femineae
1300 3476 1616 3544 MINISTERII,

183 3571 312 3624 bumeros
329 3571 455 3622 virorum
473 3583 632 3636 supponere
652 3567 824 3622 sarcinu.**
854 3567 975 3622 Proinde
993 3567 1016 3621 ei

63 3630 126 3709 ‘xus
138 3663 172 3711 n
184 3655 247 3728 quis
264 3655 387 3709 modeste
405 3660 433 3708 et
448 3654 564 3708 honeste
578 3670 657 3708 suem
669 3653 811 3708 adducens
829 3652 1016 3708 infirmitatem
1080 3623 1135 3705 rss'.
1156 3649 1309 3702 Materiam
1330 3648 1405 3701 circa
1425 3664 1508 3716 quam
1525 3648 1582 3700 sive
1602 3647 1737 3716 abjectum
1755 3648 1878 3703 ministe-
1891 3677 1988 3720 mg„

183 3741 262 3798 initio
280 3746 390 3796 recusat
409 3738 552 3793 ministerii
570 3746 664 3810 partes
681 3741 829 3811 suscipere,
848 3740 1016 3811 persuaden-
1044 3739 1083 3791 rii
1102 3736 1219 3791 diximus
1245 3750 1305 3790 esee
1332 3751 1445 3806 gregem
1463 3733 1639 3789 Dominicum
1664 3740 1806 3804 pastorum
1832 3753 1878 3790 cu·
1890 3734 1999 3823 3113·ἕῦ

185 3827 236 3882 due
253 3832 297 3883 eet
315 3826 395 3881 bonis
413 3823 576 3893 rationibus,
594 3831 626 3878 ut
643 3826 704 3879 Deo
721 3825 832 3880 vocanti
850 3832 955 3895 pereat,
975 3828 1017 3880 ein
1044 3842 1091 3880 ree
1107 3831 1135 3879 et
1152 3823 1217 3878 fidei
1242 3823 1433 3892 commissum,
1465 3827 1486 3876 1.
1506 3823 1579 3877 Petr.
1597 3829 1628 3889 5,
1654 3839 1677 3876 v.
1704 3827 1735 3876 2:
1763 3823 1877 3877 Parcite
1889 3833 1978 3881 tectum

183 3930 248 3970 vero
270 3914 300 3967 in
326 3912 499 3967 recusatione
524 3929 576 3966 sus
595 3916 753 3967 constanter
771 3919 885 3984 pergat,
915 3913 1018 3967 invitus
1044 3929 1119 3974 εαει,
1148 3911 1197 3980 qui
1219 3911 1249 3962 in
1275 3911 1353 3962 vobis
1383 3917 1437 3981 est,
1469 3925 1587 3976 prepem.
1639 3907 1877 3971 Quemadmodum
1892 3886 2001 3926 ''inm“

182 4016 359 4072 nequequam
386 3998 531 4070 eligendus
557 3997 602 4052 vei
624 3997 810 4067 ordinandus,
843 4006 864 4054 1.
892 3999 953 4054 Cor.
978 4004 1018 4067 16,
1044 4013 1209 4053 oeconomus
1229 4001 1381 4065 occupetur
1399 3994 1428 4048 in
1445 3993 1551 4047 ismiliu
1570 3992 1623 4046 sibi
1641 3993 1787 4048 commisse
1804 4001 1878 4050 recte

182 4103 207 4143 v.
228 4092 268 4144 12.
286 4101 376 4157 neque
395 4083 469 4138 enim
485 4085 601 4154 placent
622 4085 685 4137 Deo
702 4092 801 4137 coacta
820 4085 952 4154 servitia,
967 4086 1017 4139 sed
1043 4081 1235 4155 gubernanda,
1253 4082 1293 4136 its
1309 4080 1426 4134 ministri
1444 4079 1577 4154 ecclesiae
1594 4085 1658 4133 sunt
1676 4082 1821 4133 oeconomi
1845 4099 1877 4137 nc

182 4178 365 4245 spontaneum
375 4169 427 4224 eibi
437 4168 538 4224 deferri
547 4168 651 4240 expetit
660 4168 834 4241 obsequium,
845 4170 947 4224 Psalm.
961 4177 1017 4240 1111,
1044 4169 1246 4240 dispensatores
1263 4167 1457 4237 mysteriorum
1475 4164 1528 4219 Dei
1553 4171 1574 4219 1.
1595 4164 1656 4220 Cor.
1679 4172 1709 4232 4,
1738 4185 1764 4222 v.
1790 4172 1810 4222 1.
1832 4185 1877 4221 οε-

182 4279 208 4317 v.
233 4263 259 4317 3.
280 4274 313 4313 ae
336 4258 436 4311 Petrus
465 4261 486 4311 1.
512 4255 591 4327 epist.
620 4261 648 4325 5,
677 4274 703 4313 v.
725 4262 748 4311 2.
768 4258 805 4311 ad
826 4255 947 4312 officium
965 4256 1017 4312 hoc
1044 4262 1182 4326 oupuntur
1207 4253 1293 4325 igitur
1316 4253 1345 4306 in
1377 4251 1458 4306 domo
1487 4249 1553 4314 Dei,
1585 4268 1656 4322 quse
1680 4257 1722 4306 est
1752 4254 1878 4324 ecclesie,

182 4347 234 4403 rite
252 4344 443 4418 peragendum
461 4341 500 4412 μὴ
518 4341 704 4414 ἀναγκαστῶς,
721 4342 792 4398 ἀλλὰ
808 4346 940 4405 ἑκουσίως
958 4345 1017 4399 inv·
1043 4349 1117 4399 reete
1142 4340 1272 4412 regenda.
1293 4339 1357 4395 Act.
1384 4343 1430 4406 20,
1460 4356 1485 4391 v.
1506 4342 1553 4392 28:
1583 4339 1727 4391 Attendite
1752 4341 1829 4393 vobis
1853 4349 1878 4395 et

183 4436 356 4494 σκοποῦντας
375 4428 498 4502 requirit.
519 4429 670 4501 Gregorius
689 4429 737 4484 lib.
757 4437 781 4488 6.
802 4431 881 4502 epist
905 4438 960 4488 lot.
981 4433 1017 4486 ud
1043 4430 1171 4484 universo
1191 4428 1284 4496 prepi,
1309 4427 1338 4479 iu
1364 4442 1418 4494 quo
1437 4442 1484 4477 uos
1512 4424 1636 4493 Spiritus
1654 4434 1767 4478 sanctus
1780 4427 1878 4496 posuit

90 4580 94 4585 ,
185 4517 346 4590 Cynicum:
374 4518 411 4570 In
434 4515 585 4584 scripturis
602 4518 703 4570 vestris
720 4533 770 4570 vos
788 4535 958 4588 mapnopere
975 4535 1017 4571 re·
1043 4517 1188 4585 episcopos
1206 4519 1372 4585 ποιμαίνειν,
1389 4527 1523 4580 poscere,
1543 4511 1688 4564 ecclesiam
1706 4512 1772 4579 Dei,
1793 4530 1878 4581 quam

183 4605 275 4674 quiem
292 4603 446 4674 quaesiisse
465 4601 601 4669 namatio,
620 4603 673 4654 sed
688 4619 741 4671 per
759 4603 811 4656 boc
830 4605 871 4656 ad
883 4613 1017 4672 poetara-
1043 4601 1189 4671 acquisivit
1213 4618 1263 4655 suo
1281 4599 1426 4667 sanquine.
1466 4603 1489 4652 1.
1516 4596 1588 4651 Tim.
1613 4603 1641 4665 3,
1665 4615 1690 4651 v,
1720 4604 1765 4652 14:
1796 4598 1877 4653 Haec

183 4690 237 4744 lem
267 4690 476 4743 solicitudinem
502 4705 550 4741 vos
580 4703 699 4756 congrue
732 4689 839 4741 εεαὶεεε
863 4691 1017 4755 ostenditis,
1042 4688 1134 4741 scribo
1154 4688 1211 4755 tibi,
1229 4705 1254 4739 v.
1277 4692 1317 4741 15.
1336 4694 1365 4738 ut
1382 4685 1471 4750 scias,
1502 4686 1639 4753 quomodo
1659 4691 1786 4756 oporteat
1802 4692 1828 4737 ιε
1847 4685 1877 4738 in

182 4775 250 4845 peria
267 4775 339 4827 sicut
355 4777 434 4829 locus
452 4772 597 4841 repiminio
620 4771 846 4826 desiderantibus
872 4778 1018 4842 nepandus
1043 4775 1126 4828 domo
1147 4772 1338 4838 Deiversari,
1358 4778 1489 4840 quaeest
1510 4772 1627 4826 ecclesia
1646 4771 1705 4823 Dei
1723 4771 1785 4823 eriri.
1813 4768 1877 4824 Huc

181 4867 230 4927 εει,
250 4859 292 4913 ita
308 4860 481 4927 sapientibus
500 4857 660 4928 offerendus
680 4861 731 4912 etc.
767 4857 886 4912 Pastori
903 4869 1016 4915 sanctae
1042 4860 1162 4931 pertinet
1175 4858 1310 4929 peribolo
1324 4855 1426 4912 Christi
1446 4854 1575 4921 Lue'12,
1595 4874 1621 4911 v.
1636 4862 1684 4911 tt:
1708 4857 1777 4917 Qrtis
1792 4863 1878 4925 putas

181 4945 316 5001 metune
335 4945 448 5013 dicitur,
462 4961 550 5014 pasce
570 4960 634 4997 oues
652 4961 737 5012 meas,
756 4960 789 4997 ea
809 4945 908 5012 quibrvs
926 4947 1016 5000 verbis
1043 4955 1082 5000 est
1095 4946 1195 5013 fidelis
1219 4946 1400 5014 dispensator
1427 4953 1451 4997 et
1466 4945 1611 5013 prudens,
1633 4959 1711 5009 quem
1736 4942 1878 4996 comtituit

181 5031 339 5099 callipitur,
363 5032 440 5098 quod
459 5031 486 5083 si
504 5031 543 5098 is,
566 5029 617 5099 qni
634 5029 718 5094 valet,
744 5031 939 5099 omnipotentis
960 5033 1018 5085 Dei
1042 5034 1170 5087 dominus
1189 5048 1273 5101 super
1289 5031 1434 5097 furnilium
1451 5050 1545 5098 suam,
1570 5036 1599 5080 ut
1623 5029 1669 5078 det
1688 5028 1748 5080 illis
1766 5030 1796 5081 in
1813 5037 1877 5082 tem·

181 5133 245 5172 ooeo
260 5117 354 5171 renuit
369 5131 500 5184 pascere,
519 5114 657 5185 odendit,
675 5132 705 5169 se
717 5124 863 5184 pastorem
882 5135 1016 5172 mmmum
1038 5136 1110 5188 pore
1129 5118 1219 5172 tritici
1233 5119 1413 5171 mensuram?
1439 5136 1465 5175 v.
1485 5122 1527 5172 43.
1564 5115 1671 5165 Beatus
1697 5113 1746 5165 ille
1773 5133 1877 5183 sanus,

180 5202 293 5257 mehime
309 5218 415 5256 amare.
454 5201 490 5254 Si
511 5202 584 5253 enim
606 5201 765 5271 unipene'tue
784 5202 882 5254 Patres
896 5220 954 5271 pro
972 5221 1015 5256 ea·
1043 5221 1123 5274 quem
1142 5221 1203 5258 cum
1221 5203 1479 5265 venundaremur,
1504 5199 1638 5254 invenerit
1656 5199 1696 5251 ita
1710 5201 1876 5267 facientem.

178 5289 287 5358 plenda
303 5288 426 5343 reddam
445 5288 566 5341 omnium
587 5290 623 5341 de
639 5298 746 5343 secreto
758 5289 857 5342 Patris
875 5292 916 5342 ad
926 5291 1016 5358 publi·
1039 5282 1169 5362 Itemque
1188 5289 1275 5345 altere
1293 5289 1341 5343 ills
1360 5288 1459 5344 Metth.
1481 5291 1526 5348 13,
1550 5302 1575 5337 v.
1595 5290 1641 5337 52:
1670 5285 1766 5338 Omnis
1783 5282 1877 5339 scriba

180 5390 242 5429 cum
260 5383 385 5430 nostrum
405 5391 532 5445 opressus
549 5383 601 5441 est,
626 5393 677 5430 nos
701 5375 773 5443 quid
790 5375 897 5430 dicturi
912 5394 1015 5441 sumus,
1044 5379 1142 5432 doctus
1155 5379 1196 5431 od
1208 5393 1323 5444 repnum
1335 5377 1475 5431 coelomem
1487 5370 1589 5423 sirudis
1608 5377 1647 5423 εει
1665 5370 1772 5425 bomini
1785 5373 1876 5441 patri·
