4020 6014
258 231 313 291 ott
328 228 582 291 flammatu
597 228 787 297 Pommco.
1301 244 1363 303 231

129 390 188 446 tas.
233 387 290 445 Sed
314 385 507 446 antecedentia
535 390 621 447 sacris
639 392 804 451 Christianis
820 392 954 463 initiatus,
971 410 1024 449 nee
1038 398 1132 449 tamen
1149 391 1186 449 ab
1203 390 1297 448 officio
1315 408 1365 447 suo

131 490 159 531 :a
178 481 244 531 suut
261 475 397 547 superius
431 475 507 547 Ergo
532 479 645 549 politico
667 486 817 552 propterea
834 480 871 536 ab
889 479 987 537 eodem
1004 484 1125 535 remotus
1142 479 1245 550 legitur
1254 478 1319 534 Act.
1341 485 1365 546 8,

156 560 227 619 Siiu
240 568 338 634 quarto
357 568 508 634 praecepto
532 583 558 622 v.
578 570 621 623 38.
663 566 811 622 Cornelius
837 566 962 621 ceatars‘c
980 565 1173 637 magistratum
1191 564 1290 637 gessit,
1314 582 1366 621 nec

140 656 244 705 stratus
255 647 507 719 comprehenditur,
531 658 625 709 tamen
647 669 795 709 conversus
813 652 926 709 aPetro
941 669 1006 708 eum
1023 652 1153 723 deposuit
1164 651 1228 707 Act
1245 658 1284 717 to,
1300 670 1328 707 v.
1341 657 1365 707 2.

140 734 239 791 stDeo
254 735 368 807 placens
388 743 416 792 et
425 736 507 806 juxta
535 740 651 808 Serpias
670 741 826 810 proconsul
853 740 890 795 ad
914 738 998 795 tidem
1019 738 1123 795 Christi
1146 755 1164 793 a
1189 738 1279 793 Paulo
1301 755 1365 793 eon·

139 819 263 877 rhonore
276 820 369 877 debito
386 820 506 877 afficien·
534 826 661 890 vertitur,
672 843 724 882 nec
735 832 830 882 tamen
841 826 1007 897 magistratu
1022 830 1169 897 propterea
1180 824 1311 881 abitAct.
1326 829 1366 893 13,

141 906 197 963 ian.
211 912 253 976 41,
274 926 299 962 v.
319 912 362 964 48.
394 912 418 965 1.
433 906 506 964 sim.
533 930 558 967 r.
580 912 627 968 11.Ι
639 921 733 967 castos
751 914 876 967 carceris
887 911 1061 983 Philippicas
1073 911 1109 966 ab
1129 910 1259 981 apostolis
1276 910 1365 981 bapti·

533 1004 619 1068 natus,
637 1016 695 1053 uon
711 1006 807 1055 tamen
827 998 919 1054 officio
938 1016 969 1055 se
982 998 1112 1055 abdicare
1126 998 1222 1068 jussus
1240 1004 1284 1052 est
1301 996 1365 1053 Aet.

147 1084 208 1137 fflii
235 1085 259 1135 ¹·
276 1080 355 1135 dim
381 1079 506 1149 314111144-
535 1090 574 1152 16,
593 1104 620 1141 v.
638 1090 681 1143 33.
712 1087 836 1141 Padls'as
847 1086 1008 1141 Melitensis
1025 1084 1133 1141 insulae
1150 1083 1279 1156 princeps
1292 1083 1366 1139 Pau·

150 1182 262 1222 onorem
276 1173 305 1222 et
315 1165 506 1235 reverentiam,
532 1171 590 1227 lum
608 1171 729 1244 benigne
746 1172 878 1244 suscipit,
903 1189 958 1227 non
985 1178 1080 1227 tamen
1097 1170 1234 1243 dignitate
1252 1168 1367 1241 politica

150 1270 249 1309 census
260 1270 294 1308 ac
312 1252 426 1317 tributa,
444 1270 506 1324 pre
532 1273 594 1312 sese
613 1258 689 1313 exuit
707 1258 803 1315 Actor.
825 1264 871 1325 18,
895 1276 920 1313 v.
941 1265 966 1315 ’1.
1005 1260 1128 1313 Erastas
1145 1272 1311 1313 oeconomus
1329 1255 1367 1312 ci-

149 1358 176 1395 re
197 1340 339 1405 dicuntur,
366 1358 438 1412 quae
455 1358 506 1396 suo
533 1344 627 1399 vitatis
646 1344 772 1399 Corinthi
797 1344 864 1413 suit,
886 1344 961 1415 quod
986 1342 1109 1399 officium
1127 1343 1164 1399 oh
1182 1342 1367 1399 Christianam

166 1426 272 1491 Quodsi
290 1427 364 1483 enim
382 1427 451 1483 haec
464 1434 506 1483 est
532 1430 732 1501 professionem
750 1448 807 1486 uon
826 1431 955 1502 deposuit
971 1430 1050 1486 Rom.
1074 1436 1113 1499 16,
1132 1446 1159 1487 r.
1178 1435 1218 1485 23.
1251 1430 1293 1484 lix
1311 1445 1366 1501 quo

152 1512 270 1577 cistratui
294 1513 433 1583 obediant,
453 1513 507 1567 uti·
534 1516 574 1571 sic
592 1515 799 1572 concludimus:
818 1517 894 1582 Quos
909 1516 1033 1571 Christus
1051 1524 1080 1573 et
1091 1516 1208 1587 apostoli
1227 1514 1264 1570 ad
1283 1514 1367 1569 tidem

153 1608 171 1654 .t
189 1600 369 1669 magisnatus
387 1599 506 1654 subditis
534 1619 681 1659 conversos
697 1602 729 1657 in
746 1602 840 1659 officio
857 1604 970 1675 politico
988 1619 1100 1659 manere
1117 1601 1310 1674 permiserunt,
1326 1601 1368 1657 illi

159 1686 505 1757 usrelatorumrespectus.
533 1708 589 1746 non
609 1689 738 1746 vixerunt
755 1690 786 1744 in
805 1690 856 1744 tali
873 1689 966 1763 aliquo
982 1690 1058 1745 vitae
1077 1694 1161 1751 statu,
1180 1688 1229 1760 qui
1240 1688 1300 1744 Deo
1318 1687 1367 1743 mi·

155 1816 160 1825 .
183 1778 246 1830 tet
264 1788 340 1845 seqq.
362 1772 397 1828 de
413 1771 506 1829 officio
534 1775 608 1831 nime
634 1774 774 1847 probetur.
810 1774 868 1833 Sed
887 1774 1013 1832 christus
1030 1782 1059 1831 et
1082 1774 1201 1846 apostoli
1218 1774 1255 1830 ad
1283 1774 1368 1830 tidem

156 1860 219 1917 dem
247 1859 394 1932 subjungit
421 1879 447 1916 v.
477 1867 506 1917 t:
535 1862 682 1919 conversos
713 1863 743 1917 in
771 1862 862 1918 officio
893 1862 1007 1934 politico
1036 1877 1148 1918 manere
1174 1862 1365 1933 permiserunt.

182 1948 229 2001 cas'
247 1948 395 2011 tributam,
420 1948 505 2001 triba·
533 1950 609 2021 Ergo
631 1967 686 2005 non
710 1949 838 2006 vixerunt
860 1950 890 2005 in
914 1948 964 2003 tali
987 1949 1082 2020 aliquo
1107 1948 1183 2005 vitae
1207 1955 1295 2013 statu,
1320 1950 1367 2020 qui

168 2039 192 2090 8.
213 2034 260 2087 cas'
273 2035 409 2104 timorem,
427 2035 505 2089 timo-
534 2036 596 2091 Deo
620 2034 733 2091 minime
758 2035 900 2106 probetur.
935 2033 1028 2105 Msj0r
1050 2040 1094 2089 est
1115 2033 1280 2090 manifestae
1297 2035 1367 2089 seri·

169 2117 299 2176 Ostendit
316 2119 411 2192 igitur,
428 2137 503 2191 prae·
534 2121 609 2176 tatis.
640 2120 716 2185 Quos
735 2120 808 2177 enim
821 2120 946 2176 Christus
965 2125 995 2175 et
1009 2118 1127 2191 apostoli
1144 2119 1181 2174 ad
1199 2118 1283 2174 tidem
1302 2136 1367 2175 con·

154 2206 308 2277 mgistratui
339 2224 358 2262 a
387 2206 506 2263 subditis
534 2213 690 2277 verterunt,
709 2207 766 2262 illis
784 2214 970 2279 exposuerunt
994 2222 1074 2261 omae
1091 2205 1152 2261 Dei
1166 2207 1315 2262 consiliam
1334 2224 1368 2261 ac

152 2291 171 2346 ri
195 2299 318 2364 pugnat,
341 2298 370 2348 et
394 2293 507 2364 quidem
534 2294 740 2366 beneplacitum
759 2293 824 2349 Joh.
849 2299 871 2362 l,
890 2309 916 2350 v.
938 2297 977 2350 18.
994 2292 1090 2347 Actor.
1110 2298 1157 2361 20,
1174 2310 1200 2347 v.
1220 2297 1262 2349 ll.
1279 2294 1368 2363 jusse-

171 2379 350 2450 magistratus
376 2384 506 2446 statuere,
533 2385 600 2435 runt
617 2380 679 2436 illos
695 2382 795 2445 facere
818 2382 933 2445 fractas
957 2378 1130 2449 poenitentia
1148 2380 1250 2447 dianes
1268 2379 1367 2434 Matth.

162 2463 224 2520 Deo
253 2465 366 2519 minime
388 2466 506 2536 placeat.
535 2472 560 2537 3,
578 2484 604 2524 r.
622 2472 647 2524 8.
665 2468 856 2540 depredare,
879 2482 951 2536 qaae
969 2466 1007 2520 ss‘t
1022 2465 1152 2521 volontas
1174 2466 1231 2520 Des'
1249 2466 1323 2520 boae
1341 2474 1367 2520 st

151 2557 175 2608 2.
190 2551 262 2607 hanc
279 2552 409 2623 proponit
426 2569 506 2623 regu·
535 2555 717 2623 beneplacens
738 2554 906 2623 elpes-fecta
923 2553 1002 2609 Rom.
1017 2557 1057 2617 12,
1076 2568 1103 2608 v.
1118 2556 1142 2607 2.
1173 2551 1249 2606 Atei
1267 2553 1366 2622 permi-

143 2640 278 2704 loms'uos,
308 2658 364 2694 ooo
389 2647 506 2694 contens·
533 2641 633 2697 sissent
658 2657 706 2696 eos
731 2656 842 2695 manere
869 2639 899 2694 in
921 2638 971 2695 ati
988 2639 1063 2693 vitae
1082 2642 1169 2707 statu,
1191 2638 1240 2710 qui
1264 2656 1315 2710 per
1336 2655 1366 2693 se

140 2725 259 2793 lmaps's
276 2725 412 2793 serviant,
439 2726 508 2794 qaia
535 2733 608 2784 esset
629 2726 731 2797 impius
752 2742 787 2781 ao
811 2724 871 2781 Deo
895 2724 1008 2781 minime
1032 2723 1161 2795 placem,
1191 2728 1287 2796 utique
1310 2742 1366 2780 non

134 2810 264 2865 ominium
289 2810 455 2881 copulantur
473 2828 507 2867 ac
535 2812 727 2884 exposuissent
745 2812 800 2867 illis
818 2828 900 2867 omne
919 2809 972 2865 Dei
993 2809 1139 2865 consilium
1157 2825 1192 2864 ac
1208 2809 1366 2881 beneplaci-

153 2896 264 2951 homine
295 2913 329 2952 ca
357 2898 507 2953 consistere
533 2906 594 2955 trun
622 2906 674 2955 etc
721 2896 842 2963 Quidam
873 2896 929 2952 huc
961 2894 1086 2953 reform
1112 2896 1268 2967 exemplum
1295 2897 1367 2953 Jairi

122 2983 240 3039 .ibentur
264 2985 334 3039 servi
361 2990 507 3055 praetextu
534 2984 666 3061 ἄρχοντος
689 2984 756 3040 dicti
779 2982 880 3039 Matth.
903 2989 935 3047 9,
959 3001 985 3039 v.
1012 2987 1053 3039 18.
1093 2982 1239 3039 Nicodemi
1256 2983 1321 3040 Joh.
1342 2989 1367 3051 3,

117 3092 122 3121 ι
146 3070 269 3124 conversi
295 3078 360 3125 sunt
385 3069 507 3141 ipsorum
533 3092 560 3129 r.
581 3078 603 3129 l.
639 3076 663 3128 3.
685 3070 836 3127 Generalis
852 3069 908 3125 illo
931 3069 1033 3138 reptas
1049 3085 1083 3124 ex
1103 3068 1186 3124 certis
1203 3075 1232 3124 et
1248 3068 1368 3125 immotis

106 3172 173 3225 gare.
206 3162 231 3211 2.
245 3157 387 3225 Exemplo
397 3157 507 3227 piorum
534 3158 694 3231 Scripturas
716 3156 903 3213 fundamentis
922 3161 1078 3225 exstructa,
1097 3156 1173 3227 quod
1191 3156 1368 3229 evangelium

102 3242 137 3297 T.
174 3242 279 3305 Quodsi
302 3243 375 3298 enim
394 3243 508 3314 quidam
534 3264 589 3303 non
604 3245 722 3318 abroget
746 3243 859 3315 politiae
886 3248 915 3299 et
932 3242 1056 3298 ordinem
1079 3241 1196 3299 cladem.
1234 3242 1276 3300 Ut
1294 3242 1367 3298 enirn

78 3328 171 3385 „tituti
188 3328 250 3384 Deo
268 3336 378 3401 matam
395 3346 430 3385 ac
447 3330 506 3402 pla·
533 3333 592 3389 vita
609 3337 723 3389 aeterna
742 3347 798 3386 non
817 3328 890 3385 tollit
903 3329 990 3385 vitam
1002 3334 1185 3399 praesentem,
1199 3329 1240 3384 ita
1257 3345 1367 3401 quoque

73 3417 161 3488 tique
185 3415 307 3470 officium
327 3415 507 3489 magistratus
533 3417 677 3490 promissio
695 3417 770 3473 ritae
794 3421 937 3487 aeternae,
959 3415 1071 3486 justitia
1090 3414 1156 3470 lidci
1169 3420 1200 3471 et
1215 3415 1366 3486 spiritualis

63 3522 105 3559 »m
132 3502 317 3574 improbatur,
339 3503 408 3559 alias
434 3503 506 3561 enim
532 3504 647 3562 libertas
665 3503 751 3560 vitam
770 3508 911 3558 aeternam
938 3499 1088 3572 respiciens
1114 3500 1199 3572 inque
1222 3502 1367 3575 evangelio

63 3594 154 3647 tutus
165 3589 302 3660 potuisset
313 3590 374 3647 Deo
387 3591 505 3662 placere.
531 3590 676 3663 proposita
693 3605 749 3645 non
772 3587 867 3643 abolet
891 3592 994 3642 statum
1013 3586 1087 3641 sitae
1105 3588 1270 3659 praesentis,
1283 3588 1366 3659 justi·

63 3690 133 3732 nam
150 3676 185 3733 V.
204 3675 238 3730 T.
257 3684 506 3735 commemorantur
531 3679 600 3733 tiam
629 3677 739 3732 civilem
767 3681 795 3731 et
822 3672 1007 3731 obedientiam
1033 3672 1208 3745 magistratui
1232 3673 1364 3741 debitam,

63 3766 166 3817 tuum.
207 3761 241 3817 Iu
267 3762 303 3820 V.
331 3763 444 3835 quidem
468 3764 503 3819 'l'.
532 3780 604 3837 quae
622 3763 715 3819 omnia
731 3762 768 3817 ad
785 3760 869 3832 hujus
895 3759 969 3815 vitae
994 3757 1123 3818 εὐταξίαν
1144 3762 1192 3814 sal
1214 3758 1364 3835 εὐημερίαν

76 3867 130 3905 rea
150 3848 260 3917 Salem,
278 3850 392 3919 Moyses
409 3849 508 3921 populi
531 3851 678 3923 pertinent
715 3847 956 3913 Quemadmodum
984 3845 1121 3917 evangelii
1153 3845 1280 3921 doctrine
1307 3865 1363 3904 non

63 3936 135 4007 tysis
154 3935 184 3990 in
202 3936 335 4007 regimine
355 3954 505 4003 successor,
531 3937 603 3993 tollit
619 3933 800 4003 medicinam,
826 3932 1068 3989 architectonicam
1094 3938 1124 3987 et
1145 3931 1215 3988 alias
1232 3941 1306 3989 artes
1327 3936 1363 3989 ad

63 4063 72 4093 ,
91 4023 194 4087 David,
217 4022 361 4093 iosaphat,
380 4022 505 4092 lliskias,
531 4024 615 4095 hujus
633 4022 708 4077 ritae
726 4019 871 4076 commoda
884 4025 1058 4091 spectantes,
1081 4018 1122 4074 sic
1145 4036 1197 4075 nec
1214 4020 1288 4075 tollit
1303 4020 1362 4077 offi-

63 4126 94 4165 us
106 4125 140 4164 ac
152 4107 254 4164 Daniel
275 4108 403 4178 senapiis
421 4125 504 4181 prae·
531 4110 604 4167 cium
621 4108 810 4181 magistratus,
831 4106 906 4179 quod
925 4112 968 4161 est
984 4107 1063 4178 quasi
1082 4106 1235 4162 remedium
1249 4109 1363 4180 aliquod

63 4202 79 4252 t
105 4194 157 4249 viri
182 4196 270 4249 sancti
299 4200 327 4250 et
345 4194 399 4251 Dei
415 4195 505 4265 amici,
530 4201 628 4251 contra
652 4194 807 4251 tumbatores
829 4193 932 4264 quietis
957 4199 985 4248 et
1007 4192 1086 4264 pacis
1111 4192 1242 4264 publicae
1265 4194 1294 4249 in
1311 4194 1363 4275 hep

63 4281 176 4339 >ilicium
196 4281 348 4352 quidquam
360 4282 506 4355 derogarit
530 4282 589 4338 rita
613 4287 642 4339 et
664 4279 798 4335 societate
820 4279 951 4335 humana
985 4284 1011 4335 4.
1029 4279 1140 4333 Diniae
1157 4282 1311 4349 mandate,
1335 4280 1363 4334 in

63 4368 143 4437 itati,
167 4385 219 4423 nec
244 4372 277 4422 ut
293 4368 322 4422 iu
341 4367 394 4423 Dei
412 4370 505 4439 gratia
530 4368 631 4441 quibus
644 4368 700 4423 tale
720 4366 788 4439 quid
807 4365 1002 4437 amagietratu
1019 4365 1178 4436 requiritur,
1196 4365 1271 4436 quod
1282 4381 1363 4419 nemo

63 4457 178 4510 'istratus
205 4454 297 4509 officio
315 4470 375 4511 sese
393 4454 504 4510 abdica·
529 4460 671 4528 praestare
696 4460 789 4525 potest
809 4454 906 4509 melius
930 4469 1014 4525 quam
1040 4452 1123 4508 homo
1145 4452 1209 4523 pius
1230 4457 1260 4507 et
1285 4449 1362 4505 Chri-

63 4549 230 4598 ·ecensentur
259 4558 406 4612 personae,
433 4558 505 4613 quae
530 4541 646 4611 stanna
670 4556 736 4595 vera
754 4538 810 4595 Dei
827 4539 994 4610 cognitione,
1013 4536 1069 4593 fide
1086 4554 1120 4592 ac
1139 4544 1236 4593 sancto
1256 4536 1311 4592 Dei
1327 4536 1361 4590 ti·

63 4635 137 4689 ctue,
152 4645 203 4682 nec
216 4626 306 4683 minus
319 4627 606 4715 Christianamflmore
637 4625 769 4681 imbutae
815 4624 862 4681 Sic
891 4624 1027 4696 jubentur
1053 4639 1134 4695 reges
1164 4630 1194 4679 et
1222 4622 1362 4693 principes

63 4732 73 4770 c
104 4713 255 4784 professae.
299 4715 440 4783 Joseplsas
467 4713 638 4791 semaam
663 4711 790 4767 osculari
810 4710 915 4768 Psalm.
935 4717 967 4780 1,
985 4728 1012 4766 s.
1036 4716 1075 4765 12.
1093 4710 1146 4763 hoc
1163 4714 1206 4764 est
1222 4725 1289 4764 vera
1305 4707 1361 4763 lide

80 4815 161 4869 quem
184 4805 276 4855 tamen
301 4817 358 4855 una
375 4817 438 4855 cum
455 4797 658 4909 Nilldessiam
689 4803 721 4853 ut
749 4814 845 4869 regem
873 4802 902 4855 et
915 4812 1047 4869 sponsum
1077 4794 1222 4866 amplecti,
1248 4797 1361 4865 aperire

63 4903 96 4942 un
116 4884 243 4941 Christus
269 4886 355 4959 elegit
371 4887 441 4942 Luc.
461 4890 503 4955 13,
524 4894 637 4957 portos,
654 4892 686 4939 at
698 4901 748 4939 rea
765 4884 877 4953 pieriae
896 4883 1018 4937 introiet
1035 4881 1138 4937 Psalm.
1157 4885 1200 4951 24,
1217 4900 1244 4939 r.
1263 4888 1288 4939 ’1.
1307 4880 1360 4937 hoc

63 4973 134 5027 ticos
160 4970 258 5026 habuit
275 4972 328 5027 sub
348 4990 378 5028 se
394 4948 517 5041 milites,¹
531 4978 573 5028 est
591 4987 753 5043 promovere
771 4969 862 5027 modis
880 4967 1008 5024 omnibus
1028 4965 1201 5023 Christianae
1219 4967 1360 5041 religionis

63 5074 159 5127 reos,
185 5056 313 5128 quicum
333 5042 516 5137 Abrahamqi
527 5057 771 5130 propagationem
803 5056 935 5111 auratos
969 5070 1030 5109 sese
1068 5051 1198 5110 exhibere
1226 5054 1360 5135 soplesiae

63 5161 137 5217 agno
173 5143 311 5199 coelorum
340 5142 591 5219 recumbeutjEsa
613 5151 655 5214 49,
672 5163 697 5200 r.
718 5150 761 5203 23.
778 5143 832 5199 ltoc
851 5148 893 5199 est
905 5139 1065 5214 prospicere
1078 5139 1211 5197 ecclesiae
1227 5141 1358 5196 ministris

63 5250 89 5286 ss
115 5231 332 5301 Caperaos'ts'cas
358 5233 395 5288 ad
419 5231 502 5291 iidem
528 5232 563 5289 de
581 5231 738 5289 necessaria
755 5228 969 5297 sustentatione,
991 5226 1085 5283 lovere
1108 5227 1169 5298 pios
1186 5234 1296 5297 coetus,
1314 5234 1358 5282 tu·

83 5324 176 5374 tamen
203 5316 346 5389 politicum
371 5318 502 5388 officium,
528 5319 612 5376 telam
631 5326 660 5375 et
677 5316 865 5375 defensionem
882 5313 938 5369 illis
950 5317 1092 5384 praestare
1110 5319 1163 5370 etc.
1193 5314 1237 5369 Ex
1256 5314 1358 5385 quibus

63 5422 103 5461 sre
125 5404 240 5476 jubetur
263 5402 327 5458 Joh.
350 5410 380 5469 4,
404 5423 431 5462 v.
459 5411 500 5462 53.
526 5406 568 5461 sic
585 5405 791 5463 concludimus:
811 5401 841 5458 si
859 5399 1054 5473 amsgistretu
1070 5400 1139 5456 talia
1152 5401 1268 5474 requirit
1279 5400 1357 5457 Deus

63 5508 106 5546 ces
128 5488 314 5547 thesatuarius
333 5506 350 5545 a
370 5489 501 5561 Philippo
512 5504 515 5559 Ι
527 5490 635 5561 citima,
660 5508 733 5562 quae
749 5506 806 5545 non
822 5486 876 5545 nisi
897 5504 917 5543 a
937 5484 987 5561 pio
1003 5492 1033 5543 et
1051 5486 1207 5545 Christiano
1222 5488 1358 5559 praestari

973 5588 1027 5647 ts·
