4020 6014
189 185 249 243 306
756 179 880 237 Locus
898 176 1101 235 menemus
1120 179 1300 247 QUARTUS

189 333 263 402 quod
282 332 471 402 Vespasianus
490 340 621 405 quaestor
637 335 748 391 Cretam
766 343 795 389 et
813 333 937 404 Cyrenas
955 348 1017 402 pro·
1046 350 1111 400 repe
1129 343 1237 389 mortno
1260 336 1341 404 regni
1366 334 1508 388 heredites
1539 335 1599 399 tilio
1619 334 1709 402 ipsisne
1731 340 1802 385 nata
1827 350 1886 384 nso·

188 418 307 474 vinciam
339 427 410 474 sorte
436 421 537 477 tulerit.
584 421 817 493 Distinguendum
840 426 883 474 est
908 425 929 472 l.
950 420 1023 472 inter
1047 419 1121 475 nirno
1139 422 1302 489 deferatur,
1329 437 1417 489 raeque
1440 418 1501 487 sepi
1520 421 1562 473 vel
1580 430 1648 473 nate
1673 420 1810 472 minorem
1828 436 1885 470 rno—

192 503 369 559 collotionem
395 509 578 574 raspista-atas
604 508 782 561 ordinariam
811 516 837 558 et
866 505 1109 581 extruendi-'jori
1127 512 1278 574 nrnoserre,
1296 508 1338 560 vel
1357 508 1445 560 alium
1463 523 1649 560 successore-tn
1670 507 1726 558 sibi
1743 507 1888 558 instituere

191 591 312 643 noriam.
351 591 499 647 Ordinarie
518 611 573 648 non
592 593 789 647 committenda
814 600 856 645 est
880 591 1024 661 magistra·
1051 592 1141 647 liceat,
1177 600 1201 647 5.
1227 591 1344 648 interest
1369 592 1539 662 reipublicae
1571 592 1728 646 conservari
1756 591 1887 646 honorem

153 660 159 678 “
192 682 237 731 tus
263 678 361 732 electio
389 680 470 748 sorti,
504 680 578 751 quod
608 679 727 749 probant
752 684 915 748 argumenta
935 677 1236 747 priore,familiarum,
1264 695 1315 732 nec
1339 695 1389 748 per
1409 679 1557 734 divisiones
1583 678 1674 748 frangi
1703 686 1730 732 et
1750 677 1888 733 attenuari

194 763 254 817 loco
275 764 410 832 adducta,
430 784 481 821 nec
503 774 594 834 potest
613 765 782 819 contrarium
802 763 864 818 elici
891 781 924 818 ex
944 759 1122 833 argu-ivisse
1148 764 1262 834 imperii.
1297 764 1337 817 At
1360 764 1383 816 si
1403 765 1540 818 successio
1564 772 1656 818 manet
1685 779 1769 833 penes
1789 780 1888 821 unum,

194 850 293 904 mentis
312 853 464 921 posteriore
482 854 541 906 loco
558 852 656 919 allatis,
677 852 743 920 quia
762 850 917 920 exemplum
936 842 1081 905 Saulisiet
1105 850 1226 905 familiae
1248 851 1378 921 dignitas,
1407 858 1434 904 et
1458 849 1565 920 imperii
1593 850 1675 903 robur
1702 857 1887 904 conservatur.

195 940 240 990 est
255 937 383 1006 speciale,
403 939 429 990 in
448 955 503 1007 quo
521 937 632 991 divinus
653 937 800 990 instinctus
818 944 846 990 et
863 935 1027 1005 prophetica
1039 896 1042 1033 i
1055 944 1079 992 6.
1099 937 1304 1007 Primogenitus
1324 943 1355 990 ut
1372 941 1471 1000 aetate,
1489 937 1528 990 ite
1549 953 1658 1006 quoque
1677 935 1843 990 auctoritate
1862 942 1889 987 et

68 1028 123 1069 ΗΠ.
136 1026 181 1069 2⁰⁰-
196 1022 346 1076 auctoritas
371 1022 524 1089 concurrit,
555 1023 659 1076 dictum
684 1021 836 1076 Salomonis
861 1022 889 1075 in
912 1020 1043 1103 articu101
1055 1023 1203 1092 prudentia
1229 1022 1343 1092 reliquis
1373 1021 1536 1076 antecellere
1557 1021 1713 1091 judicatum
1739 1021 1799 1087 jam
1824 1037 1889 1073 vero

198 1108 322 1177 proxime
340 1109 524 1179 praecedente
542 1110 576 1164 de
595 1108 745 1164 ministerio
770 1107 956 1163 ecclesiastico
975 1106 1030 1162 fuit
1055 1125 1174 1179 meum
1195 1115 1253 1176 est,
1283 1109 1390 1179 imperii
1417 1108 1684 1162 administrationem
1702 1107 1889 1161 commendari

197 1194 359 1264 expositum
397 1195 620 1249 Extraordinarie
643 1212 708 1249 vero
735 1211 784 1263 per
810 1200 911 1249 sortem
939 1193 1024 1264 magi·
1041 1214 1043 1291 4
1058 1194 1186 1264 digniori.
1221 1196 1277 1249 Jns
1297 1203 1416 1247 naturae
1431 1195 1525 1261 scripit,
1544 1193 1639 1247 scribit
1649 1192 1784 1247 Patritius
1802 1192 1851 1246 lib.
1865 1200 1889 1246 a.

196 1285 299 1333 stratus
312 1280 442 1335 constitui
459 1287 558 1350 potest,
578 1281 690 1356 quando
706 1280 806 1334 scililet
825 1280 879 1334 duo
899 1286 948 1334 aut
968 1279 1027 1349 pln-
1055 1279 1090 1334 de
1107 1296 1184 1350 regn.
1202 1286 1230 1334 et
1247 1297 1304 1351 reg.
1330 1280 1408 1334 instit
1432 1279 1474 1336 tit.
1501 1284 1542 1333 22.
1561 1287 1590 1332 at
1616 1281 1752 1331 maximas
1770 1286 1841 1330 nota
1859 1295 1890 1330 ea

195 1381 240 1420 res
260 1366 295 1420 de
314 1383 421 1420 summa
440 1383 531 1420 rernm
551 1366 708 1434 decertant,
734 1383 784 1420 nec
810 1367 868 1420 sine
899 1365 1029 1436 reipubli-
1050 1366 1124 1434 filiis
1143 1374 1252 1419 mortno
1266 1366 1328 1432 sepi
1344 1368 1483 1420 succedat.
1520 1365 1564 1418 De
1583 1365 1696 1434 reliquis
1722 1365 1888 1435 quaestioni·

196 1468 247 1506 cae
272 1452 372 1506 damno
402 1453 565 1523 gravissimo
596 1470 667 1505 unus
695 1470 744 1521 per
775 1452 863 1506 libera
896 1452 1029 1522 suffragia
1056 1452 1108 1507 bus
1127 1452 1164 1506 ad
1183 1451 1384 1506 successionem
1406 1450 1608 1521 pertinentibus
1634 1451 1814 1505 consulantur
1840 1467 1888 1520 po·

196 1536 261 1607 eligi
281 1544 381 1607 potest,
399 1539 443 1591 vel
464 1538 574 1607 quando
595 1538 650 1591 duo
671 1544 720 1592 aut
738 1539 830 1607 plures
846 1537 963 1605 virtute,
982 1554 1028 1608 ge·
1041 1524 1044 1617 i
1057 1537 1125 1590 litiei
1142 1543 1170 1591 et
1185 1536 1385 1608 jurisconsulti.
1421 1536 1467 1591 Sic
1486 1545 1630 1608 quaerunt,
1650 1547 1713 1589 nter
1733 1553 1764 1588 er
1782 1538 1889 1590 moeris

196 1640 275 1690 nere,
303 1624 428 1694 potentia
447 1631 475 1676 et
495 1623 555 1678 aliis
575 1624 611 1677 ad
629 1623 775 1693 imperium
793 1624 930 1695 requisitis
948 1639 1030 1694 pares
1056 1625 1129 1690 repis
1148 1624 1230 1691 tiliis,
1246 1641 1364 1692 quornm
1385 1623 1458 1677 alter
1476 1630 1554 1690 onte,
1583 1624 1657 1676 alter
1672 1630 1737 1690 post
1754 1624 1889 1690 adeptam

196 1710 389 1781 magistratum
418 1709 558 1771 ambiunt,
588 1717 619 1764 ut
644 1710 742 1765 electio
768 1710 959 1781 dignissimum
985 1710 1029 1764 vix
1056 1718 1173 1779 epatre
1192 1727 1306 1776 regnant
1325 1716 1407 1762 notas
1426 1717 1477 1772 eet,
1503 1709 1705 1777 primoqenntn
1728 1716 1753 1760 et
1777 1709 1891 1776 imperii

197 1804 281 1867 queat
302 1797 431 1858 invenire,
449 1796 501 1850 hac
529 1797 602 1850 enim
619 1796 725 1851 ratione
737 1801 892 1850 contemtus
910 1795 1029 1866 suspicio
1041 1774 1044 1835 i
1057 1797 1136 1850 teres
1154 1796 1190 1848 sit
1209 1797 1382 1848 censendos?
1400 1795 1448 1849 ubi
1466 1811 1517 1865 pro
1536 1812 1576 1862 eo,
1596 1810 1678 1863 quem
1697 1799 1812 1848 naturae
1831 1794 1890 1848 teli-

197 1882 392 1953 praecluditur.
432 1886 458 1936 2.
481 1884 557 1935 Inter
580 1885 693 1945 formos
724 1900 816 1935 rernm
841 1883 1029 1951 publicorum.
1059 1883 1129 1938 citas
1154 1890 1182 1936 et
1206 1882 1382 1952 privilegium
1408 1882 1508 1937 aetatis
1532 1880 1652 1952 primum
1669 1880 1745 1942 fecit,
1763 1887 1891 1951 pugnant

198 1970 229 2023 ln
254 1969 435 2035 democratia,
464 1985 536 2039 quae
561 1968 661 2023 civium
689 1968 885 2038 aequalitatem
914 1975 1028 2037 spectat,
1058 1968 1250 2023 Hotomaunus
1268 1968 1307 2025 ill.
1327 1986 1371 2039 qq.
1396 1974 1420 2022 2.
1440 1968 1584 2022 Forsterus
1609 1972 1688 2021 tract.
1714 1966 1749 2021 de
1771 1984 1890 2021 success.

197 2055 317 2110 sortibus
340 2055 415 2109 locus
444 2055 504 2108 dari
531 2061 637 2125 potest,
665 2055 692 2108 in
724 2054 895 2109 aristocratia
914 2071 977 2109 vero
997 2055 1118 2109 ac'libr.
1141 2062 1165 2112 4.
1185 2072 1247 2125 eap.
1268 2055 1317 2111 ult.
1346 2073 1372 2111 n.
1401 2062 1441 2111 36.
1472 2055 1603 2125 Cujacius
1632 2053 1678 2106 lib.
1710 2059 1731 2107 l.
1757 2053 1793 2108 de
1815 2053 1890 2107 saud.

198 2141 366 2209 monarchia,
381 2158 452 2211 quae
461 2142 557 2211 optimi
568 2142 704 2212 cujusque
719 2141 879 2196 electionem
895 2147 1031 2210 spectant,
1056 2158 1116 2210 cap.
1138 2147 1176 2196 ll.
1197 2157 1246 2210 pro
1283 2141 1403 2194 secundo
1422 2140 1517 2211 genito
1539 2157 1604 2194 vero
1629 2145 1757 2209 pugnant
1776 2138 1892 2194 Schrad-

197 2245 252 2282 non
274 2229 347 2282 item.
388 2231 414 2283 3.
433 2230 513 2282 Inter
533 2238 623 2282 sortes
643 2230 679 2282 ob
698 2230 774 2282 omni
789 2226 1099 2325 srenrleremotosqius
1125 2232 1194 2296 part.
1229 2231 1250 2283 7.
1270 2244 1331 2298 cap.
1357 2234 1379 2282 5.
1405 2245 1478 2282 num.
1505 2229 1544 2280 37.
1571 2227 1606 2280 de
1630 2225 1731 2294 feudis,
1765 2227 1891 2281 Alciatus

199 2323 224 2368 et
242 2331 298 2378 eos,
317 2331 388 2382 miae
409 2332 469 2367 oens
486 2316 640 2380 frondibus
665 2323 690 2367 st
708 2317 869 2384 imposturis
894 2316 950 2367 sint
968 2313 1093 2368 eon-lad
1115 2313 1133 2367 l.
1154 2313 1243 2367 bonae
1259 2313 1364 2367 fidein.
1384 2319 1407 2368 8.
1422 2313 1450 2367 ff.
1469 2313 1597 2383 depositi.
1634 2311 1665 2345 *⁸
1674 2313 1751 2366 Inter
1768 2311 1888 2367 Xerxem

192 2402 318 2469 junctos,
338 2400 427 2471 qualis
439 2400 492 2454 fuit
506 2400 629 2454 hinnitus
643 2401 715 2471 equi,
735 2417 790 2471 quo
805 2401 907 2455 Darius
927 2401 1030 2456 electus
1042 2382 1045 2411 ¹
1056 2407 1084 2454 et
1106 2399 1283 2454 Artemonem
1300 2399 1371 2453 lilios
1391 2398 1469 2453 Darii
1493 2399 1527 2452 lis
1547 2398 1682 2468 ejusmodi
1700 2405 1760 2452 orta
1777 2397 1838 2466 fuit,
1858 2415 1890 2452 ac

198 2492 242 2541 est
266 2487 341 2554 apud
364 2486 537 2540 Herodotum
563 2488 590 2540 in
616 2486 725 2543 Thalia.
760 2486 868 2541 Priores
895 2488 923 2540 in
948 2487 1030 2540 certis
1057 2503 1106 2555 pro
1127 2484 1219 2540 Xerxe
1242 2485 1278 2538 ab
1298 2485 1473 2555 Artapherne
1489 2485 1655 2555 judicatum,
1684 2485 1731 2555 qui
1759 2485 1786 2537 in
1805 2501 1890 2555 regno

199 2573 308 2627 casibus
327 2573 495 2642 probandae,
515 2573 680 2642 posteriores
701 2573 891 2627 detestandae.
1057 2578 1137 2626 natus
1156 2576 1232 2635 erat,
1258 2569 1385 2625 Justinus
1406 2569 1452 2624 lib.
1475 2577 1498 2625 2.
1518 2589 1540 2625 c.
1573 2580 1611 2626 lo.
1638 2571 1796 2641 quostiam
1814 2570 1889 2623 incli-

70 2662 91 2703 t.
105 2662 137 2702 sn
234 2664 275 2713 92.
304 2659 452 2721 Quaeritur
472 2666 497 2715 4.
532 2661 580 2712 An
601 2660 754 2727 probando
779 2661 815 2711 sit
840 2660 884 2712 lex
904 2659 947 2712 rel
968 2677 1030 2713 eon·
1057 2665 1106 2712 nat
1124 2656 1253 2711 Bartolus
1271 2656 1299 2709 in
1319 2655 1336 2709 l.
1358 2673 1422 2710 cum
1443 2656 1509 2711 satis
1528 2656 1610 2710 ne.
1632 2657 1668 2712 de
1686 2657 1772 2727 agric.
1793 2656 1888 2711 ceruit.

72 2716 162 2815 {iiiii}
199 2748 325 2812 metando,
346 2763 402 2813 qne
418 2747 448 2797 in
466 2747 640 2799 successione
655 2746 772 2816 paterni
786 2753 813 2798 et
832 2746 902 2798 cedi
919 2746 1033 2814 imperii
1057 2752 1086 2800 et
1111 2746 1198 2798 colon.
1223 2762 1249 2795 n.
1279 2750 1316 2797 ll.
1344 2742 1391 2796 ubi
1411 2745 1499 2813 ponit,
1526 2760 1580 2797 non
1608 2759 1668 2797 esse
1696 2742 1784 2796 filium
1808 2743 1889 2813 regis,

72 2818 178 2909 {2³:32⁸
196 2831 400 2901 primogenitas
432 2832 552 2884 enclrntit
584 2831 708 2899 reliquos
735 2834 864 2894 fratres!
895 2831 1032 2901 lujustum
1060 2831 1107 2902 qui
1138 2836 1220 2884 natus
1252 2836 1294 2883 est
1323 2836 1387 2883 ante
1416 2830 1580 2900 dignitatem
1614 2829 1782 2900 regalem.**
1831 2829 1886 2884 Alii
1903 2835 1953 2875 1111.
1961 2830 1996 2872 nl.

72 2921 172 3011 sartate-³
199 2918 251 2973 boc
272 2917 358 2971 videri
379 2923 495 2986 poterat,
514 2934 576 2970 cum
594 2923 695 2971 natura
710 2917 916 2971 fratresomnes
935 2917 1032 2972 fecerit
1058 2917 1244 2987 distinguunt,
1279 2921 1310 2969 ut
1341 2915 1364 2968 si
1395 2915 1515 2986 dignitas
1543 2916 1619 2986 regia
1646 2922 1787 2986 competat
1818 2916 1888 2986 patri

69 2983 112 3027 ‘¹⁸⁰
131 2983 155 3012 η’
199 3005 343 3074 aequales,
377 3020 494 3073 cumque
522 3003 677 3058 discordiae
702 3003 775 3056 inter
798 3002 897 3056 fratres
920 3003 972 3058 hac
990 3021 1031 3058 ra·
1044 3032 1046 3067 ,
1059 3021 1091 3057 ex
1110 3003 1183 3056 avito
1203 3018 1317 3073 genere,
1349 3009 1415 3055 tunc
1435 3002 1472 3066 is,
1505 3003 1553 3072 qui
1579 3009 1642 3056 ante
1660 3018 1778 3072 regnum
1796 3003 1889 3072 acqui·

166 3138 169 3143 .
194 3089 273 3157 ‘tione
299 3088 408 3142 occasio
434 3089 608 3158 praebeatur.
647 3089 701 3143 Sed
719 3095 814 3142 contra
837 3095 858 3142 l.
877 3088 954 3142 Deus
973 3090 1032 3158 ipse
1058 3090 1141 3143 situm
1179 3095 1260 3142 natus
1296 3096 1352 3155 est,
1384 3091 1447 3159 jure
1485 3089 1717 3159 primogeniturae
1755 3089 1889 3159 gaudeat;

171 3230 176 3237 ,
198 3175 406 3247 praerogativas
425 3175 669 3245 primogenitorum
686 3174 752 3228 data
770 3175 832 3245 lege
852 3174 1031 3230 confirmarit.
1058 3176 1101 3229 sin
1135 3191 1199 3230 vero
1232 3192 1264 3228 ex
1296 3190 1382 3228 causa
1408 3174 1560 3228 adventitia
1589 3174 1753 3244 dignitatem
1784 3177 1889 3246 regiam

173 3250 304 3316 'Denter
322 3266 370 3329 21,
396 3278 420 3313 v.
451 3267 488 3314 l'l.
509 3259 693 3330 primogenito
713 3260 848 3328 jubentur
873 3277 905 3314 ex
925 3261 1031 3315 heredi-
1057 3263 1203 3333 ipsumque
1247 3278 1361 3331 regnum
1405 3266 1485 3329 pater
1529 3260 1646 3330 adeptus
1685 3260 1781 3328 fuerit,
1824 3269 1889 3314 tunc

199 3351 256 3402 tate
274 3355 372 3400 coneto
392 3347 522 3415 dupiicia
541 3346 617 3407 dari,
636 3362 698 3398 cum
717 3345 753 3399 sit
771 3345 936 3416 principium
955 3346 1032 3401 forti·
1058 3347 1130 3405 filius
1160 3364 1213 3401 non
1244 3353 1327 3415 ante,
1359 3348 1408 3402 sed
1436 3356 1499 3416 post
1527 3355 1607 3401 natus
1632 3355 1662 3400 ut
1691 3347 1889 3418 primogenitus

199 3432 310 3489 tudinis.
359 3441 380 3489 2.
411 3433 485 3487 Ante
515 3432 765 3503 promulgationem
793 3431 864 3503 logis
894 3433 1032 3487 Moesicae
1059 3435 1228 3490 admittatur.
1268 3433 1324 3486 Alii
1346 3432 1520 3503 distinguunt
1540 3433 1611 3486 inter
1640 3437 1790 3490 statutum,
1817 3434 1888 3503 quod

199 3518 389 3590 primogenitis
411 3526 439 3573 et
457 3536 573 3587 regnum
592 3523 620 3570 et
638 3518 823 3571 saserdotium
843 3518 1029 3573 deferebatur.
1058 3520 1220 3588 simpliciter
1254 3520 1378 3574 nominat
1413 3519 1640 3590 primogenitum,
1680 3527 1707 3573 et
1744 3521 1820 3590 quod
1851 3520 1888 3572 di·

199 3603 269 3659 Gen.
289 3612 330 3670 49,
351 3625 375 3661 v.
395 3608 419 3661 3.
438 3606 473 3658 de
491 3603 805 3673 Rubcnoprimogenilo
825 3603 894 3657 dicit
909 3603 1032 3658 Jacobus
1058 3613 1129 3662 serta
1161 3606 1374 3677 primogenitum
1406 3607 1478 3676 regis
1517 3607 1656 3668 nominat,
1694 3607 1775 3675 eique
1813 3607 1887 3676 regni

199 3691 367 3760 patriarcha,
385 3691 458 3760 quod
478 3691 514 3743 sit
532 3691 613 3757 prior
632 3691 661 3742 in
681 3689 771 3760 (Ionia
789 3696 881 3752 motor
899 3690 929 3742 in
948 3691 1032 3757 impe·
1057 3693 1257 3747 successionem
1296 3693 1392 3748 defert.
1429 3693 1514 3747 JVide
1544 3693 1750 3747 Hotomannum
1792 3693 1881 3746 illustr

200 3779 253 3839 rio,
273 3778 346 3831 unde
366 3776 450 3830 etium
465 3779 512 3846 jus
530 3776 766 3846 primogeniturae
778 3775 888 3830 maximi
906 3777 1032 3830 aestima·
1059 3786 1164 3852 quaest.
1186 3779 1337 3850 quaestion.
1357 3785 1381 3834 2.
1400 3786 1428 3833 et
1445 3779 1526 3833 Doct.
1552 3778 1694 3832 Hunnium
1709 3780 1887 3848 jurisconsul-

200 3863 290 3929 betur‚
309 3864 378 3917 Gen.
399 3869 448 3924 25,
470 3880 495 3918 v.
516 3870 555 3916 32.
586 3878 610 3914 c.
631 3868 677 3928 24,
696 3879 721 3917 v.
743 3867 791 3917 29:
815 3864 885 3915 Esto
904 3864 1033 3916 dominns
1059 3875 1117 3923 tum
1145 3867 1172 3921 in
1197 3865 1307 3922 resolut.
1328 3867 1400 3935 juris
1424 3866 1512 3919 civilis
1537 3865 1606 3918 libro
1632 3865 1714 3919 tertio
1733 3872 1843 3919 tractat
1867 3873 1887 3920 l.

198 3950 325 4014 fratrum
340 3959 449 4002 irrorent
469 3950 562 4010 etfiiii
576 3950 675 4000 irretris
689 3957 754 4000 tuoe
768 3949 949 4002 irroaroentur
968 3958 1032 4002 onte
1059 3972 1085 4024 q,
1111 3958 1152 4010 25,
1190 3954 1339 4016 Quaerunt,
1364 3971 1402 4004 an
1418 3952 1495 4013 filins
1520 3952 1702 4020 primogeniti
1721 3954 1887 4020 praeferen-

199 4043 233 4090 te.
273 4041 297 4089 3.
318 4035 383 4088 Post
401 4036 578 4089 constitutam
599 4034 780 4088 lsraiiliticam
798 4036 923 4104 politiam
948 4044 976 4088 ct
995 4036 1032 4089 le·
1059 4043 1113 4093 dns
1130 4041 1167 4092 sit
1181 4048 1287 4108 petraeo
1306 4057 1356 4092 sno
1377 4041 1407 4091 in
1426 4040 1598 4092 suceessione
1618 4055 1650 4091 en
1666 4039 1732 4105 jare
1749 4040 1890 4107 prirnope·

198 4138 261 4192 gem
275 4122 479 4191 promulgatam
495 4120 695 4190 primogenitus
707 4121 845 4175 ordinarie
864 4121 1033 4176 succedebat
1058 4127 1193 4179 atteras!
1232 4125 1278 4179 ubi
1306 4141 1416 4178 eausam
1444 4124 1536 4193 patrui
1573 4129 1731 4194 propugnat
1761 4124 1891 4194 Cujacius

199 4208 226 4261 in
254 4208 376 4278 imperio.
413 4207 551 4276 iosaphat
578 4224 693 4277 regnum
721 4208 807 4263 tradit
832 4206 887 4261 filio
915 4224 966 4260 suo
983 4207 1031 4263 Jo-
1058 4211 1104 4266 lib.
1130 4218 1154 4265 2.
1180 4212 1216 4266 de
1239 4212 1314 4266 feud.
1342 4228 1404 4281 cap.
1434 4214 1471 4265 ll.
1504 4211 1612 4280 nepotis
1637 4225 1701 4263 vero
1735 4209 1831 4281 'liraq
1857 4211 1890 4264 de

198 4310 283 4362 ramo,
302 4313 333 4346 eo
352 4297 428 4362 qnod
439 4303 507 4346 esset
519 4295 736 4362 prirrtopenr’tns,
763 4300 784 4348 2.
799 4293 966 4363 Paralipom.
990 4301 1030 4362 21,
1055 4299 1117 4367 Jure
1134 4298 1249 4367 primog.
1269 4315 1295 4368 q.
1317 4305 1358 4351 tlt.
1377 4297 1521 4350 Forsterus
1539 4297 1574 4350 de
1586 4312 1704 4350 success.
1724 4296 1741 4348 l.
1760 4305 1783 4351 2.
1802 4313 1826 4352 c.
1851 4303 1887 4351 lo.

197 4399 221 4436 v.
245 4390 268 4436 3.
295 4382 359 4434 inde
388 4382 422 4433 de
448 4380 535 4433 Semri
559 4386 690 4447 nuquam
715 4394 815 4433 novum
840 4387 869 4434 et
889 4378 1030 4433 insolitum
1058 4403 1084 4441 ιι.
1101 4390 1139 4437 15.
1152 4383 1282 4436 Hunuius
1295 4382 1321 4437 d.
1335 4382 1352 4436 l.
1363 4401 1389 4452 q.
1403 4389 1443 4437 26.
1457 4389 1507 4436 etc.
1532 4359 1888 4453 *iTracntdehaequse-

196 4473 441 4535 commemoratur,
466 4466 540 4536 quod
567 4483 628 4517 crans
653 4485 708 4519 non
727 4474 796 4518 esset
819 4466 1030 4535 prinrooenitns,
1057 4469 1145 4522 stione
1169 4468 1274 4522 Raldus
1298 4468 1326 4521 in
1351 4469 1369 4521 l.
1394 4485 1456 4521 cum
1480 4468 1509 4520 in
1533 4467 1707 4537 antiquiorib.
1741 4475 1778 4524 la.
1805 4474 1833 4522 C.
1855 4469 1889 4521 dc

197 4560 288 4608 tamen
319 4561 398 4623 pater
434 4553 494 4621 ejus
530 4553 620 4617 ipsum
660 4552 833 4606 constituerit
868 4552 1029 4622 principem,
1053 4556 1107 4624 jur.
1139 4554 1221 4608 delib.
1248 4572 1293 4608 nu.
1328 4560 1365 4608 ll.
1393 4570 1426 4606 ac
1450 4570 1558 4606 summa
1581 4553 1704 4622 ejusdem
1724 4551 1889 4607 difficultate

200 4649 221 4696 1.
249 4630 339 4693 Paral.
365 4660 388 4693 c.
415 4645 460 4704 to,
492 4657 516 4692 v.
549 4644 584 4692 lo.
630 4644 654 4691 4.
675 4638 800 4691 Eundem
826 4653 929 4691 morem
948 4639 1029 4693 etiam
1057 4647 1168 4694 ostensa
1192 4657 1218 4692 n.
1251 4646 1288 4695 12,
1317 4638 1471 4704 concludit,
1503 4639 1648 4708 Apollinis
1665 4639 1803 4692 solatione
1829 4657 1888 4692 eom

196 4728 271 4796 apud
292 4727 360 4780 ulios
379 4724 497 4794 populos
518 4723 671 4777 obtinuisse
696 4725 836 4794 colligitur
853 4741 886 4778 ex
906 4742 967 4791 cup.
991 4733 1027 4780 lt.
1058 4728 1191 4794 instigare,
1228 4725 1352 4779 Eandem
1372 4725 1561 4794 quaestionem
1580 4724 1719 4794 explicant
1736 4724 1886 4779 Hotoman·

197 4813 282 4867 Exod.
303 4831 327 4868 v.
349 4819 376 4865 5:
404 4812 534 4863 Occidam
555 4827 633 4863 ornias
649 4811 867 4878 primogenitum
890 4827 908 4861 o
922 4811 1029 4878 primo-
1057 4829 1107 4864 nus
1132 4831 1179 4883 qq.
1208 4812 1292 4866 illust
1326 4817 1431 4881 quaest.
1463 4817 1486 4865 3.
1511 4810 1641 4866 Nicolaus
1666 4812 1700 4864 de
1725 4810 1828 4867 Ubald.
1854 4812 1889 4865 de

195 4899 288 4964 ponito
313 4898 486 4962 Pleas-nonis,
512 4897 561 4964 qni
586 4897 663 4948 sedet
686 4896 715 4947 in
745 4896 817 4948 sotio
843 4896 918 4961 eiras,
947 4904 975 4950 et
996 4914 1028 4950 ex
1056 4914 1174 4953 success.
1193 4897 1320 4952 descend.
1339 4915 1365 4950 n.
1387 4897 1471 4952 6thii
1507 4897 1662 4965 Quaerunt,
1687 4916 1725 4949 arr
1754 4915 1814 4950 snm
1828 4901 1889 4970 psi·

197 4990 220 5038 2.
239 4983 308 5055 Reg.
329 4991 357 5052 3,
376 5002 401 5038 v.
425 4988 464 5036 24.
486 4983 531 5036 ubi
551 5000 597 5036 ren
620 4981 702 5034 Moab
720 4981 807 5035 tilium
828 4999 907 5034 suum
922 4982 1028 5052 prirno—
1056 4983 1209 5048 moyenitus
1230 4990 1350 5052 propter
1372 4984 1479 5036 serrium
1507 4985 1549 5036 uel
1576 5001 1608 5036 en
1632 5000 1720 5036 sonsa
1739 4983 1801 5036 atis
1820 5001 1887 5051 qairr-

195 5073 321 5136 pens'tnru,
341 5071 391 5137 qni
409 5079 574 5135 regnatores
595 5077 656 5120 erat
673 5086 728 5136 pro
748 5085 794 5131 eo,
823 5066 954 5120 obtulisse
973 5085 1028 5122 me·
1056 5086 1161 5137 erismae
1181 5070 1272 5122 mines
1290 5070 1407 5122 idonens
1427 5071 1463 5122 sit
1482 5087 1581 5138 reptio,
1608 5079 1707 5122 cotnra
1729 5068 1820 5138 ipsius
1843 5089 1888 5120 oo-

197 5163 325 5210 moratur.
365 5156 442 5208 ldem
461 5155 525 5207 olim
544 5153 720 5208 observatum
744 5153 798 5207 fuit
822 5153 897 5222 apud
916 5155 1026 5222 Sparta·
1056 5156 1190 5208 iscariotem
1209 5158 1426 5226 secundogenito
1447 5158 1631 5221 deferendum
1659 5157 1696 5208 sit
1721 5157 1889 5225 imperium!

196 5259 253 5309 nos,
279 5243 441 5308 Cretenses,
467 5239 631 5294 Macedones
658 5248 742 5311 atque
768 5239 859 5292 adhuc
879 5239 960 5293 hodie
979 5240 1027 5293 ob·
1056 5239 1103 5293 ubi
1123 5240 1216 5295 itidem
1236 5243 1347 5312 quidam
1367 5243 1557 5313 primogeniti,
1574 5242 1685 5312 quidam
1707 5258 1771 5295 vero
1789 5259 1887 5297 secun-

195 5335 318 5381 servatur
337 5328 409 5397 apud
430 5326 577 5394 Hispanos,
598 5325 713 5388 (lellus,
733 5325 838 5395 Arsglos
857 5333 908 5380 etc.
953 5326 1027 5380 luter
1039 5356 1042 5378 l
1055 5326 1176 5395 degeniti
1192 5335 1283 5396 partes
1296 5337 1415 5383 tuentur.
1441 5328 1591 5398 Gregorius
1603 5328 1756 5382 'l‘olosanus
1777 5327 1824 5381 lib.
1847 5334 1887 5382 26.

195 5413 270 5482 leges
290 5412 510 5466 fundamentales
530 5412 608 5481 regni
627 5410 726 5464 (lalliei
748 5411 967 5464 bacchabatur:
993 5412 1088 5466 Ut1de
1107 5412 1213 5481 republ.
1232 5433 1292 5484 onp.
1318 5423 1341 5469 o.
1368 5420 1466 5482 monet,
1493 5431 1543 5466 nec
1562 5413 1672 5467 Saulem
1692 5415 1726 5465 eb
1750 5416 1888 5482 ferronem,
