4020 6014
758 224 810 281 DE
827 223 1050 283 MINlSTllRIO
1071 223 1374 284 accnasmsrroo.
1872 240 1910 300 ῃ

219 372 294 429 tione
314 374 413 431 electio
439 377 637 448 distinguenda
654 384 707 443 est,
735 386 766 435 ut
791 380 851 451 ipse
870 381 1054 436 Bellsrminus
1083 380 1116 438 T.
1137 381 1317 437 ministerium
1336 400 1387 438 nec
1404 384 1441 438 ad
1459 391 1562 439 certam
1580 384 1722 454 familiam,
1738 404 1790 441 nec
1806 388 1842 443 ad
1855 403 1913 443 cer·

218 466 248 519 in
264 479 324 532 cap.
344 463 470 532 praeced.
488 465 625 536 agnoscit:
646 464 790 522 Ordinatio
802 466 1052 539 fitapresbyterio,
1080 476 1139 522 tum
1164 468 1254 523 locum
1278 470 1422 539 alligatum
1451 477 1508 539 est,
1539 471 1589 526 sed
1612 472 1755 528 doctrinae
1777 475 1914 531 successio
1950 510 1954 522 ·

218 549 268 603 sed
287 547 386 604 electio
404 566 438 605 ae
461 552 570 605 vocatio
595 551 781 607 ministrorum
805 555 926 624 pertinet
943 554 980 609 ad
998 571 1053 607 om·
1080 554 1124 608 rel
1141 554 1224 610 unice
1242 555 1287 609 vel
1306 566 1379 610 certe
1402 557 1574 627 potissimum
1594 559 1774 629 respicienda.
1815 559 1912 616 1111-

217 651 266 690 nes
293 636 429 692 ecclesiae
453 637 571 695 ordines.
613 638 695 692 Adde
723 639 798 710 quod
825 640 853 695 in
881 642 1052 696 ordinatione
1078 640 1166 694 tiones
1186 642 1288 712 quibus
1305 642 1490 697 Bellsrminus
1509 643 1627 713 probare
1647 653 1772 714 conatur,
1790 662 1845 700 non
1864 647 1912 701 de·

218 722 334 776 ministri
357 722 559 793 presbyterium
584 724 669 780 totius
694 726 827 782 ecclesiae
856 728 965 782 nomine
992 729 1051 798 agit
1078 726 1175 794 cuisse,
1215 727 1385 783 Christianos
1416 731 1573 785 sacerdotes
1604 731 1709 785 carnali
1739 731 1913 787 successione

218 815 246 862 et
272 808 435 865 electionem
463 811 500 864 ab
528 810 645 866 ecclesia
668 810 770 866 iactam
794 813 849 866 ritu
872 814 920 868 illo
946 812 1050 868 solenni
1077 813 1240 883 propagari,
1266 814 1414 885 plerasque
1439 834 1498 871 esse
1521 817 1692 886 nugatorias.
1730 817 1911 873 Melchisede-

217 894 386 966 eemprobat,
404 896 499 950 Actor.
519 903 548 965 6,
567 915 593 950 v.
612 904 635 953 3.
665 913 690 954 c.
712 905 864 962 1t‚v.23.
895 904 916 955 1.
935 899 1006 953 Tim.
1027 908 1050 968 5,
1077 914 1139 951 oum
1159 899 1235 966 dicit,
1255 899 1340 955 fuisse
1356 901 1576 956 Christianorum
1594 902 1769 956 sacerdotum
1783 902 1912 974 figuram,

217 998 241 1034 1.
256 987 298 1037 12.
311 981 496 1037 Bellarminus
509 983 585 1051 dicit,
604 983 656 1038 hoc
668 983 812 1054 tripliciter
827 984 944 1052 intelligi
961 1002 1050 1055 posse,
1077 986 1128 1053 qui
1145 1002 1206 1037 eum
1226 986 1286 1038 sine
1300 996 1385 1055 petre
1407 996 1434 1040 et
1452 996 1541 1041 aratra
1559 990 1746 1059 describatur,
1771 991 1911 1059 signifiea-

217 1067 265 1123 sed
282 1085 339 1122 non
357 1084 428 1138 opus
446 1075 501 1138 est,
525 1075 557 1123 ut
582 1069 617 1122 de
642 1076 752 1124 nostrae
771 1071 924 1125 sententiae
945 1072 1048 1141 exposi·
1076 1079 1133 1123 tum
1150 1088 1183 1124 ea
1202 1088 1233 1125 ee
1255 1089 1326 1137 esse,
1352 1076 1429 1142 quod
1445 1077 1607 1128 sacerdotes
1624 1075 1653 1127 in
1674 1077 1712 1133 N.
1739 1076 1770 1132 T.
1789 1094 1845 1130 non
1863 1078 1911 1130 ds·

215 1155 289 1210 tione
310 1154 445 1209 sellicitus
463 1155 513 1223 sit,
539 1171 601 1210 cum
624 1172 685 1210 eam
703 1156 854 1211 clarissime
871 1157 1050 1227 explicemus,
1076 1158 1158 1209 beant
1175 1159 1262 1224 nosci,
1281 1160 1334 1211 sed
1345 1161 1422 1227 sieri.
1457 1160 1545 1230 Atqui
1569 1159 1687 1229 epistola
1711 1161 1746 1215 ad
1767 1160 1911 1217 Hebraeos

214 1242 322 1312 ipsique
336 1241 503 1297 Bellsrmine
519 1242 644 1313 ignotum
662 1259 718 1296 non
737 1243 781 1312 sit,
800 1260 855 1313 quo
873 1260 955 1298 sensu
973 1261 1048 1313 pres·
1076 1251 1207 1311 testatur,
1238 1243 1324 1298 solius
1352 1245 1455 1299 Christi
1483 1246 1557 1299 unici
1584 1245 1733 1319 ἀρχιερέως
1758 1248 1787 1301 in
1816 1247 1850 1304 N.
1876 1249 1909 1304 T.

215 1328 353 1399 byterinm
372 1327 481 1383 nomine
500 1329 634 1383 ecclesiae
651 1329 695 1383 hic
715 1345 799 1400 egere
818 1330 950 1394 dicamus,
969 1330 1048 1383 nimi·
1076 1336 1174 1398 typum
1195 1328 1281 1384 fuisse
1300 1330 1543 1388 Melchisedecum.
1583 1334 1617 1388 Ut
1641 1333 1671 1385 in
1696 1333 1724 1386 V.
1747 1335 1778 1386 T.
1799 1334 1910 1404 (inquit)

214 1431 275 1468 rum
304 1415 378 1485 quod
406 1414 523 1469 ecelesia
549 1414 652 1469 babeat
679 1422 844 1484 potestatem
875 1417 996 1487 eligendi
1021 1424 1048 1471 et
1073 1417 1195 1485 populus
1213 1419 1273 1470 Dei
1286 1418 1503 1485 propagabatur
1521 1435 1576 1487 per
1594 1419 1737 1472 carnalem
1754 1419 1910 1488 panaetio·

215 1499 390 1572 approbandi
408 1500 576 1572 ministrum,
602 1506 712 1554 servato
730 1508 821 1555 tamen
840 1503 936 1557 ordine
955 1501 1048 1556 debito
1074 1517 1136 1552 nem
1162 1517 1195 1554 ee
1221 1502 1328 1565 Jacob,
1358 1504 1389 1555 in
1414 1504 1450 1556 N.
1482 1504 1514 1558 T.
1539 1512 1632 1557 autem
1652 1522 1707 1576 per
1731 1506 1910 1574 spiritualem

215 1594 244 1641 et
260 1586 376 1642 servatis
403 1586 471 1655 illis,
500 1602 572 1657 quae
596 1587 625 1639 in
652 1585 786 1642 electione
808 1588 994 1642 ministrorum
1012 1586 1048 1641 ab
1074 1589 1312 1654 reponeretionem
1331 1606 1363 1641 ee
1388 1587 1517 1657 01111110,
1543 1590 1584 1641 ita
1605 1607 1665 1658 par
1687 1599 1757 1659 eret,
1775 1599 1806 1643 ut
1824 1590 1855 1644 in
1879 1591 1908 1647 V.

213 1675 338 1744 apostolo
356 1673 534 1745 requiruntur
556 1679 578 1729 l.
598 1672 671 1729 Tim.
693 1678 716 1727 3.
742 1672 797 1728 'rit
827 1679 849 1729 l.
875 1674 948 1728 etin
969 1675 1048 1744 praxi
1078 1673 1108 1725 Τ.
1126 1676 1287 1728 sacedotes
1304 1677 1418 1729 carneli
1434 1677 1605 1729 succmss'ene
1619 1685 1858 1746 propagarentur,
1877 1679 1908 1731 iss

213 1760 366 1831 apostolica
384 1760 478 1816 Actor.
501 1766 525 1816 6.
552 1765 581 1815 et
603 1767 640 1815 14.
668 1765 692 1815 1.
710 1758 772 1816 Cor.
797 1765 821 1816 8.
842 1765 894 1815 etc.
913 1761 1045 1830 conspici·
1074 1760 1111 1816 N.
1133 1761 1163 1814 T.
1184 1769 1276 1813 eutem
1294 1762 1441 1831 spirituali
1457 1760 1589 1814 electione
1613 1771 1827 1820 assumerentur.
1856 1764 1908 1819 At·

64 1856 200 1899 1111101.
214 1854 306 1903 untur.
357 1847 561 1919 Argumentum
588 1845 663 1916 quod
691 1844 744 1900 hoc
774 1847 835 1900 loco
864 1846 1047 1900 Bellsrminus
1074 1846 1121 1916 qui
1151 1852 1208 1899 tam
1236 1846 1266 1900 in
1294 1847 1328 1901 V.
1354 1864 1437 1917 quam
1461 1848 1490 1900 in
1513 1848 1548 1904 N.
1570 1847 1604 1904 T.
1627 1849 1684 1903 veri
1703 1854 1732 1903 et
1748 1850 1906 1920 spirituales

213 1940 310 1988 eontra
326 1940 452 1988 nostrum
470 1932 651 1987 ministerium
667 1931 783 2000 format,
808 1932 922 1988 inferius
942 1941 1046 2004 pertra-
1072 1931 1214 1986 Israiilitae
1232 1949 1282 2002 per
1300 1933 1471 2002 spiritualem
1491 1935 1728 2005 regenerationem
1746 1953 1779 1990 ex
1796 1935 1906 1992 Christe

213 2019 342 2075 stabitur.
380 2021 407 2072 2.
442 2018 618 2072 Vocationem
646 2036 696 2071 seu
722 2019 880 2072 missionem
904 2021 1045 2073 ministre·
1073 2025 1138 2072 sunt
1148 2019 1304 2090 propagati.
1332 2022 1530 2073 Sacerdotium
1542 2021 1717 2074 Aarons'cum
1728 2014 1839 2092 (inquit)
1845 2023 1907 2090 fait

211 2124 274 2159 sum
292 2124 347 2159 nea
361 2105 507 2175 pertinere
526 2106 568 2157 ad
585 2105 739 2174 populum,
763 2108 815 2159 secl
836 2108 877 2159 ael
902 2107 1045 2175 episcopos
1072 2104 1197 2173 cernale,
1215 2104 1405 2160 Christianum
1425 2117 1516 2160 autem
1536 2109 1702 2177 spirr'tuale,·
1731 2125 1797 2176 erqo
1821 2110 1906 2164 1111111

213 2195 293 2247 etad
308 2192 621 2263 summumpontificem,
638 2207 661 2247 c.
680 2199 705 2248 4.
734 2191 958 2262 Respondemus:
976 2191 1044 2246 haec
1070 2192 1242 2261 propaqetio
1264 2194 1420 2246 sacerdotii
1441 2195 1472 2246 in
1502 2194 1530 2249 V.
1559 2194 1591 2249 T.
1611 2194 1706 2247 deluit
1729 2211 1905 2249 1111111111-

213 2278 327 2334 assertio
356 2277 454 2332 nititur
483 2293 516 2332 ea
553 2276 716 2348 hypothesi,
753 2277 828 2348 quod
858 2278 1045 2333 ecclesiastica
1071 2278 1122 2342 lis,
1153 2280 1183 2330 in
1212 2280 1250 2332 N.
1279 2280 1447 2347 spiritualis.
1489 2285 1530 2334 At
1553 2298 1603 2350 per
1629 2280 1797 2351 hypothesin
1822 2280 1906 2354 hujus

209 2365 368 2435 jurisdictio
385 2363 522 2419 attributa
537 2363 573 2417 sit
592 2362 643 2416 soli
656 2363 747 2431 Petro,
767 2380 784 2417 a
802 2364 905 2435 quoad
923 2365 1044 2436 reliquos
1071 2364 1226 2434 argumenti
1245 2364 1413 2419 verissimam
1439 2372 1577 2421 cremetur
1600 2365 1765 2421 sacrificium
1788 2367 1905 2423 missati-

212 2451 365 2523 apostolos,
386 2456 415 2505 et
440 2448 564 2520 pontifici
582 2449 706 2504 Romano
729 2455 862 2522 tanquam
881 2451 957 2506 Petri
983 2469 1043 2505 suo·
1072 2467 1149 2514 cum,
1173 2451 1247 2521 quod
1267 2451 1336 2521 ipsis
1356 2457 1399 2507 est
1415 2460 1560 2506 externum
1577 2459 1605 2507 et
1623 2469 1785 2523 corporeum
1803 2453 1906 2510 sacrifi·

210 2537 364 2606 cessori,a
390 2552 445 2607 quo
465 2536 503 2590 ad
522 2535 643 2605 reliquos
660 2535 804 2606 episcopos
821 2537 897 2591 velut
915 2554 946 2591 ex
967 2537 1044 2592 fonte
1071 2536 1153 2589 cium.
1200 2536 1381 2605 Sacerdotes,
1412 2537 1514 2607 inquit,
1548 2538 1579 2591 in
1602 2540 1639 2595 N.
1665 2540 1698 2594 T.
1723 2540 1823 2593 debent
1846 2553 1905 2594 esse

211 2630 363 2694 promanet.
400 2622 457 2678 Sed
482 2620 566 2691 hujus
584 2619 770 2692 hypotheseos
789 2619 939 2677 falsitatem
957 2624 1043 2677 nostri
1070 2623 1196 2685 coelibes,
1215 2639 1281 2690 erpo
1299 2640 1354 2676 nen
1367 2632 1487 2691 pessunt
1502 2640 1557 2692 per
1578 2624 1705 2678 carnalis
1716 2625 1905 2693 penumrbnis

210 2711 320 2782 saepius
335 2711 396 2780 jam
413 2709 643 2765 demonstrarunt.
676 2709 734 2765 Nos
755 2708 910 2771 statuimus,
929 2709 966 2763 ad
984 2726 1042 2764 eos-
1070 2708 1269 2761 successionem
1294 2709 1483 2762 sacerdotium
1505 2711 1644 2779 consequi.
1682 2711 1723 2764 At
1744 2712 1818 2766 unde
1841 2728 1903 2782 pro·

209 2797 273 2852 dem
289 2796 427 2868 pertinere
445 2795 631 2849 ministrorum
649 2794 829 2859 vocationem,
848 2796 884 2848 ad
901 2811 971 2866 qnos
982 2813 1042 2866 per·
1070 2793 1153 2848 batur
1174 2795 1326 2849 coelibatus
1356 2795 1524 2850 necessitas?
1556 2813 1609 2850 nec
1633 2795 1726 2852 obstat
1752 2797 1903 2853 coelibatus

209 2884 279 2938 tinet
296 2900 390 2939 eorum
411 2881 523 2949 electio,
554 2882 620 2952 qnia
649 2881 678 2935 in
706 2881 758 2936 hoc
785 2882 898 2953 negotio
918 2882 1042 2953 legitima
1069 2879 1259 2949 secerdotum,
1299 2882 1447 2952 quominus
1483 2883 1512 2935 in
1540 2884 1605 2951 jure
1638 2883 1771 2938 1111011100
1803 2883 1852 2940 lib.
1880 2891 1903 2943 1.

209 2968 306 3025 electio
323 2976 351 3025 et
370 2969 494 3040 legitima
512 2969 620 3023 vocatio
638 2984 746 3039 semper
769 2967 873 3023 debent
896 2984 957 3023 esse
979 2985 1041 3023 con·
1069 2966 1170 3021 decret.
1193 2966 1342 3037 peculiaris
1365 2968 1462 3023 titulus
1488 2974 1657 3040 proponatur
1680 2970 1716 3024 de
1738 2968 1803 3023 filiis
1827 2985 1903 3041 pres·

205 3057 312 3125 juncta.
349 3058 378 3112 3.
396 3055 571 3108 Eleetionem
588 3054 782 3107 ministrorum
799 3072 855 3108 non
866 3056 966 3122 fieriu
981 3057 1041 3110 sole
1068 3053 1228 3124 byterorum
1256 3054 1425 3109 ordinandis.
1470 3056 1592 3121 Melior,
1623 3056 1728 3127 inquit,
1758 3065 1798 3110 est
1825 3056 1903 3112 ratio

210 3142 281 3211 Dee,
306 3158 331 3197 o.
356 3149 380 3197 5.
415 3141 639 3212 Respondemus:
666 3139 769 3210 duplex
794 3146 837 3194 est
855 3141 1040 3198 ministrorum
1067 3142 1257 3194 cemtitusndi
1279 3143 1462 3210 monastratura
1482 3158 1537 3211 per
1558 3142 1719 3195 auctionem
1742 3159 1826 3212 quom
1847 3160 1903 3212 per

206 3228 304 3284 electio
322 3245 356 3282 ac
373 3227 497 3292 vocatio,
525 3226 647 3281 mediata
665 3233 693 3281 et
717 3227 893 3296 immediata,
922 3234 1041 3299 utraque
1065 3227 1274 3280 successionem.
1315 3231 1396 3296 Ergo
1417 3229 1491 3280 idem
1515 3229 1545 3280 in
1569 3227 1732 3281 Christiana
1756 3229 1903 3297 republica

207 3314 238 3369 fit
261 3331 280 3369 a
300 3314 378 3379 Deo,
404 3313 472 3369 haec
498 3312 657 3368 immediate
680 3330 730 3383 per
749 3314 838 3367 solum
858 3312 962 3382 Deum,
993 3316 1041 3370 illa
1067 3313 1213 3365 obseruari
1229 3314 1317 3368 debet.
1354 3312 1441 3384 Atqui
1467 3313 1502 3366 de
1520 3313 1701 3368 antecedente
1719 3312 1825 3384 politici
1842 3329 1901 3368 cer·

207 3401 325 3455 mediate
342 3416 392 3470 per
410 3399 562 3455 ecclesiam.
588 3403 614 3455 1.
633 3400 699 3452 Nea
716 3400 850 3466 decuisse,
864 3399 1039 3455 Christianos
1066 3405 1142 3463 tant,
1174 3404 1202 3452 et
1234 3398 1325 3454 adhuc
1355 3397 1408 3453 sub
1431 3399 1526 3468 judice
1550 3399 1585 3452 lis
1610 3405 1660 3452 est.
1692 3399 1796 3454 Eadem
1815 3400 1900 3454 etiam

206 3490 365 3542 sacerdotes
382 3487 496 3541 carneli
511 3485 684 3539 nncessiene
698 3486 868 3554 monoperi,
887 3502 911 3540 c.
932 3492 956 3541 6.
984 3487 1038 3543 Re·
1065 3485 1136 3538 ratio
1158 3484 1249 3539 locum
1277 3484 1420 3538 habuisset
1444 3484 1473 3536 in
1496 3483 1530 3538 V.
1554 3483 1588 3539 T.
1609 3491 1637 3538 et
1660 3484 1700 3539 sic
1727 3490 1824 3540 1111111
1844 3485 1901 3542 Dei

205 3574 385 3643 spondemus:
409 3572 439 3626 in
456 3572 491 3627 V.
509 3571 544 3629 T.
562 3571 743 3625 ministerium
761 3569 816 3625 fuit
835 3573 913 3642 quasi
931 3573 1038 3628 beredi-
1066 3569 1202 3624 ordinatio
1221 3571 1250 3624 in
1268 3571 1371 3625 crimen
1391 3570 1546 3634 vocabitur,
1572 3575 1603 3624 ut
1624 3569 1691 3624 nihil
1717 3572 1753 3626 de
1773 3589 1805 3627 ao
1824 3572 1899 3628 dica·

205 3660 305 3713 tarium
326 3659 355 3713 in
373 3659 449 3713 tribu
467 3658 537 3713 Levi
554 3658 590 3712 ob
610 3659 777 3728 peculiarem
794 3658 848 3713 Dei
868 3659 1037 3715 constitutio·
1064 3673 1139 3724 mus,
1166 3655 1241 3727 quod
1269 3672 1286 3709 a
1310 3655 1370 3710 foro
1389 3657 1424 3710 ad
1441 3655 1571 3726 chorum,
1599 3656 1768 3728 aregimine
1785 3658 1898 3728 politico

206 3761 281 3814 nem,
299 3745 347 3800 sed
365 3745 395 3799 in
412 3744 446 3800 N.
465 3745 499 3800 T.
519 3745 631 3815 quando
653 3751 674 3799 l.
693 3743 764 3798 Tim.
784 3751 815 3809 3,
832 3761 858 3799 v.
879 3751 903 3801 2.
935 3745 991 3802 Tit.
1015 3753 1037 3809 1,
1064 3741 1101 3796 ed
1120 3741 1301 3796 ministerium
1320 3741 1536 3798 ecclesiasticum
1560 3758 1616 3796 non
1639 3743 1729 3813 possit
1752 3760 1897 3816 argumen-

206 3848 230 3884 r.
250 3837 273 3886 6.
291 3830 489 3901 praescribitur
505 3846 615 3898 norma,
632 3829 729 3900 quales
746 3828 869 3884 debeant
886 3831 915 3883 in
933 3831 1036 3900 episco-
1061 3837 1121 3882 tum
1139 3827 1213 3883 duci.

206 3933 256 3987 pos
279 3917 360 3988 eligi,
386 3933 441 3971 non
467 3915 499 3969 fit
524 3915 627 3969 mentio
650 3924 742 3970 certae
764 3916 881 3985 eliqu'us
905 3916 1036 3983 familiae,
1101 3918 1157 3969 100.
1188 3912 1320 3968 Succedit
1355 3914 1468 3969 tandem
1502 3923 1526 3970 5.
1565 3916 1729 3987 propositio,
1767 3917 1803 3972 de
1840 3933 1897 3988 qna
1910 3931 2009 3977 xittt

204 4002 273 4059 haee
292 4010 335 4059 est
350 4002 461 4073 propria
480 4006 509 4056 et
528 4000 688 4057 immediata
704 4001 782 4071 ratio,
802 4018 888 4073 quare
904 4002 932 4056 in
950 4002 984 4058 N.
1002 4002 1036 4057 T.
1062 4001 1174 4070 proprie
1212 3999 1285 4056 inter
1325 4017 1376 4055 nos
1416 4008 1444 4055 et
1478 4000 1640 4057 Pontificius
1675 4003 1895 4058 cenhevertitur.
1909 3996 2010 4096 3522?

206 4088 385 4144 ministerium
408 4105 464 4142 non
492 4087 611 4157 amplius
639 4087 676 4140 sit
704 4088 909 4143 hereditarium.
951 4088 1036 4144 Nota·
1062 4087 1105 4142 Ea
1126 4102 1191 4142 vero
1214 4087 1254 4142 sic
1281 4086 1383 4142 habet:
1409 4089 1466 4142 Jus
1491 4089 1617 4158 stipendi
1632 4107 1768 4143 summum
1781 4090 1896 4160 ponini-
1909 4100 2008 4140 siecum

205 4193 264 4231 mus
280 4174 418 4243 hocloco,
436 4181 459 4230 1.
478 4175 561 4229 etiam
578 4173 608 4227 in
625 4173 659 4229 V.
679 4173 712 4227 T.
729 4191 785 4229 non
805 4174 845 4229 ita
864 4175 991 4230 absolute
1009 4183 1037 4233 et
1048 4176 1050 4181 ⁴
1062 4190 1120 4227 cem
1136 4180 1315 4244 caderetque
1333 4173 1466 4228 ecclesiae
1480 4183 1613 4243 pastores
1636 4184 1662 4230 et
1680 4176 1822 4230 ministres
1840 4193 1897 4231 non
1908 4161 1947 4243 {1⁸2¹
1949 4156 1998 4243 ’.οῗ
2006 4170 2010 4183 '

204 4262 365 4334 simpliciter
385 4261 421 4316 ad
448 4259 551 4316 tribum
569 4259 755 4315 leviticorum
779 4262 925 4333 alligatum
951 4262 1037 4320 fuisse
1063 4259 1208 4314 recemiro
1220 4261 1331 4330 populo
1349 4261 1530 4331 juredieine,
1548 4264 1600 4316 sed
1617 4263 1644 4315 si
1656 4263 1895 4333 quidals'quando
1908 4255 2006 4347 23⁰3&

204 4348 322 4405 docendi
341 4365 455 4416 munus,
484 4346 551 4416 quin
574 4347 716 4417 potuerint
732 4346 878 4417 pontifices
895 4350 1036 4418 removeri,
1056 4347 1184 4416 populus
1201 4347 1254 4399 iae
1273 4346 1304 4399 in
1321 4348 1465 4416 repatuit,
1482 4350 1515 4401 iel
1531 4356 1619 4402 totum
1637 4349 1768 4403 bahanes
1785 4367 1817 4403 ee
1833 4366 1897 4404 eon-
1909 4358 2005 4399 amona

203 4436 226 4489 si
245 4452 263 4490 1
279 4433 364 4490 verbo
382 4434 565 4489 discesserint.
594 4433 640 4490 Sic
658 4432 735 4488 Deus
754 4433 814 4503 ipse
831 4441 954 4489 removet
971 4435 1037 4489 Heli
1061 4433 1185 4486 niventia
1199 4432 1244 4486 uel
1255 4433 1430 4486 somessione
1438 4434 1610 4501 pontificum,
1628 4451 1651 4488 c.
1666 4441 1690 4489 7.
1719 4433 1800 4487 Hanc
1816 4409 2008 4490 1111111Μήι

205 4524 319 4579 181111.
338 4528 362 4590 ³,
382 4539 408 4574 v.
428 4527 468 4579 12.
505 4521 635 4578 Salomon
649 4520 776 4589 deposuit
793 4520 930 4576 Abiathar
947 4537 1038 4577 sacen
1061 4519 1238 4573 assertionem
1260 4517 1362 4588 probat
1380 4518 1564 4575 Bellsrminus
1589 4527 1611 4576 1.
1631 4520 1757 4589 exemplo
1774 4522 1895 4576 Aaronis

203 4608 295 4664 dotem
333 4615 354 4664 1.
382 4607 492 4678 Regum
521 4613 545 4662 2.
589 4606 721 4674 Hiskias,
748 4605 841 4661 Josias
865 4613 894 4662 et
921 4607 968 4662 alii
996 4608 1037 4679 pii
1062 4611 1091 4659 et
1120 4605 1276 4660 testimonio
1306 4604 1399 4669 Pauli,
1436 4606 1483 4676 qui
1509 4605 1595 4663 Hebr.
1622 4613 1651 4674 5,
1681 4622 1708 4663 v.
1736 4613 1761 4662 4.
1787 4607 1894 4674 asserit,

203 4710 281 4766 reges
290 4693 442 4749 Baaliticos
454 4693 610 4749 sacerdotes
621 4699 797 4747 removerunt
809 4697 859 4748 etc.
878 4693 914 4748 Et
924 4695 1035 4764 quando
1061 4693 1197 4745 neminem
1213 4708 1354 4744 assernere
1368 4691 1423 4744 sibi
1440 4693 1689 4760 mansionaria,
1706 4693 1764 4747 nisi
1781 4703 1895 4749 voenur

202 4779 316 4835 levitae
334 4779 456 4834 officium
474 4797 554 4834 suum
571 4797 626 4834 non
638 4779 787 4844 faciebant,
806 4778 947 4834 excitabat
957 4779 1035 4836 Deus
1061 4796 1080 4830 a
1097 4784 1168 4848 Dee,
1187 4787 1320 4847 tanquam
1332 4782 1440 4834 Aaron.
1470 4777 1560 4847 Atqui
1571 4779 1672 4832 Aaron
1686 4798 1705 4833 a
1720 4780 1781 4834 solo
1794 4783 1895 4850 Moyse

201 4866 285 4921 etiam
303 4884 337 4923 ex
355 4867 417 4921 aliis
434 4865 574 4936 ,tribubus
598 4867 756 4936 prophetas,
774 4865 821 4936 qui
841 4866 964 4935 ipsorum
989 4885 1035 4923 ne·
1060 4866 1118 4927 fuit
1142 4866 1246 4920 electus
1269 4866 1298 4918 in
1321 4865 1484 4934 pontificem
1509 4865 1570 4918 sine
1599 4866 1660 4920 ulle
1683 4868 1728 4920 uel
1752 4886 1894 4939 1011111111,
1983 4860 1987 4866 ’

201 4953 362 5025 gligentiam
382 4959 511 5008 texerent
528 4960 556 5007 et
581 4952 611 5007 111
638 4952 763 5007 ordinem
794 4969 840 5008 eos
869 4952 1034 5023 redigerent.
1061 4952 1104 5005 rel
1123 4952 1242 5004 consitio
1267 4951 1461 5004 multitudinis.
1502 4949 1728 5022 Respondemus:
1755 4955 1894 5025 integrum

201 5045 225 5096 2.
243 5039 403 5094 Pontificios
422 5039 513 5094 adhue
528 5037 681 5108 jndaizare,
700 5038 810 5108 quande
832 5039 1034 5094 successionem
1061 5036 1222 5091 Bellsrmini
1239 5041 1432 5106 argumentum
1452 5035 1492 5090 sic
1504 5037 1595 5095 habet.
1628 5038 1688 5103 Quo
1706 5040 1787 5093 modo
1800 5043 1894 5095 Aaron

199 5125 378 5195 apostolicam
397 5125 432 5179 ad
459 5124 553 5179 sedem
569 5123 724 5179 Romanam
748 5124 883 5196 alligant,
915 5142 978 5179 cum
1006 5127 1034 5180 in
1060 5130 1174 5178 vocatus
1190 5129 1219 5179 et
1236 5124 1340 5178 electus
1356 5128 1408 5192 est,
1427 5139 1460 5178 eo
1479 5125 1561 5179 modo
1575 5124 1752 5181 etiamhodie
1769 5134 1893 5195 pastores

199 5210 233 5268 N.
252 5211 285 5268 T.
303 5229 360 5266 non
377 5218 434 5267 tam
453 5209 548 5266 loculis
566 5216 595 5263 et
611 5210 771 5280 personalis,
796 5227 880 5281 qnam
898 5210 1034 5266 doctrina·
1061 5211 1126 5283 eligi
1152 5210 1261 5265 debent.
1304 5209 1393 5280 Atqui
1415 5211 1510 5265 Aaron
1536 5229 1553 5266 a
1578 5212 1636 5267 solo
1655 5211 1753 5281 Moyse
1778 5218 1894 5266 vocatus

199 5296 233 5352 lis
249 5298 386 5354 1110011110
411 5298 447 5352 111
471 5296 652 5367 respicienda
691 5296 749 5352 Ubi
772 5313 825 5351 vox
848 5298 1035 5368 apostoloru'm
1060 5304 1089 5351 et
1113 5297 1217 5351 electus
1241 5301 1283 5350 est
1308 5298 1366 5350 sine
1389 5297 1446 5350 ullo
1470 5298 1516 5353 vel
1539 5315 1688 5359 consensu,
1711 5299 1756 5352 vel
1779 5299 1894 5353 consilio

198 5385 227 5438 in
245 5385 281 5441 N.
297 5385 331 5440 T.
345 5391 434 5453 sonat,
452 5383 491 5438 ibi
504 5382 652 5439 cathedrae
670 5382 855 5452 apostolerum
867 5383 1034 5453 praesident.
1061 5381 1255 5437 multitudinis.
1289 5382 1365 5453 Ergo
1384 5385 1468 5439 etiam
1486 5384 1569 5439 hodie
1586 5401 1604 5438 a
1622 5383 1680 5437 eolo
1697 5384 1828 5454 pontifice
1844 5401 1893 5455 pa·

198 5470 232 5525 ln
252 5470 287 5528 V.
307 5469 340 5527 T.
359 5470 498 5526 mceessie
517 5467 646 5526 Leritice
664 5467 872 5534 observabatur,
891 5469 939 5525 sed
957 5469 986 5524 in
999 5468 1033 5527 N.
1062 5475 1149 5524 stores
1163 5467 1229 5539 eligi
1247 5469 1357 5525 dabam.
1387 5470 1512 5541 Utraque
1521 5469 1672 5541 propositio
1683 5471 1794 5525 videtur
1805 5472 1894 5545 petita
