4020 6014
658 336 710 391 DE
727 331 979 392 MAGISTRATU
1000 332 1187 391 POLITIOO.
1710 346 1769 403 485

922 494 924 504 r

68 494 154 541 natur
182 507 205 541 v.
230 496 253 544 l.
279 491 345 560 quin
373 499 400 545 et
428 491 540 545 Petrum
560 492 595 544 ad
615 507 678 544 eum
697 491 795 557 mittit,
821 496 853 542 ut
870 486 924 602 ad,
941 488 997 555 stit,
1008 489 1055 556 qui
1066 489 1142 559 leges
1154 491 1362 559 etdisciplinam
1374 490 1694 560 pessundareconantnr.
1716 491 1770 547 Sed

69 573 222 642 pleniorem
244 578 422 647 evangelicae
442 578 584 631 doctrinae
602 576 787 646 cognitionem
808 575 907 644 perdu·
921 609 923 621 .
938 575 1112 643 magistratui
1132 576 1167 630 ad
1187 577 1281 647 legum
1302 585 1329 629 et
1347 576 1509 644 disciplinae
1528 576 1681 630 custodiam
1700 577 1769 630 divi-

69 666 152 712 catur
168 678 194 715 v.
213 667 253 716 20.
291 662 363 716 Num
382 680 446 715 vero
460 663 559 715 Petrus
572 662 608 715 ad
627 663 701 715 hunc
718 662 907 716 centurionem
935 658 1010 712 nitus
1032 659 1113 714 datus
1142 667 1185 716 est
1209 662 1326 733 gladius.
1363 661 1438 730 Ergo
1458 662 1522 730 jure
1547 677 1580 714 ac
1600 662 1697 715 merito
1715 662 1770 716 illis

68 744 182 798 veniens
202 762 219 799 a
236 746 348 801 militari
368 748 441 800 vitae
460 764 561 817 genere
584 748 674 816 ipsum
696 753 724 800 et
742 747 908 800 domesticos
920 752 922 820 j
934 746 1045 813 resistit,
1063 747 1110 814 qui
1122 746 1197 819 leges
1210 754 1239 803 et
1252 746 1427 816 disciplinam
1443 747 1613 816 pessundare
1626 753 1768 803 conantur.

68 830 130 897 ejus
148 832 249 886 milites
269 833 448 888 dehortatur?
469 833 538 886 nihil
551 833 649 899 minus,
667 833 717 887 sed
738 830 1017 902 baptismumTales
1046 848 1108 886 vero
1135 839 1199 886 sunt
1222 833 1314 887 hostes
1340 832 1414 886 bella
1438 832 1573 886 offensiva
1589 840 1692 888 temere
1712 848 1768 886 mo·

68 913 138 984 ipsis
158 917 266 972 confert
283 936 308 971 v.
328 925 369 973 48.
388 928 416 971 et
435 919 536 973 diserte
548 924 673 985 testatur,
692 921 722 971 is
739 919 815 971 omui
826 925 907 985 pente
933 924 1040 978 ventes,
1067 919 1189 988 quietem
1216 919 1389 973 subditorum
1414 918 1572 983 turbantes,
1605 919 1632 972 vi
1657 920 1767 973 eosdem

68 1002 119 1068 qni
148 1005 241 1055 Deum
270 1005 345 1057 timet
375 1013 401 1055 ct
425 1006 571 1072 justitium
600 1012 746 1072 operatur,
773 1019 831 1056 esse
860 1004 907 1056 itti
932 1003 1118 1071 opprimentes
1144 1010 1173 1059 et
1194 1004 1288 1074 legum
1313 1022 1346 1058 ac
1365 1004 1529 1073 disciplinae
1553 1005 1687 1075 repagula
1706 1021 1767 1074 pro·

69 1096 215 1155 acceptum
235 1108 260 1144 v.
280 1096 320 1144 35.
355 1097 379 1144 4.
400 1090 528 1159 Denique
547 1090 611 1144 Act
633 1096 679 1158 lt),
699 1108 722 1142 v.
744 1096 768 1145 ¹1.
805 1088 905 1143 Caesa-
931 1093 1008 1142 terre
1026 1097 1243 1159 perrumpentes.
1281 1091 1362 1144 Bella
1386 1089 1510 1159 legitima
1531 1095 1597 1143 sunt
1616 1108 1680 1159 pars
1698 1090 1767 1160 poli·

66 1172 166 1226 riensis
191 1174 238 1227 ille
264 1177 388 1230 centurio
418 1173 583 1246 σιρατιώτην
609 1174 707 1242 εὐσεβῆ
728 1176 765 1228 ad
791 1175 904 1229 Petrum
931 1174 1003 1227 ticae
1021 1175 1230 1245 gubernationis
1253 1183 1281 1230 ct
1310 1177 1449 1232 exsecutio
1480 1176 1608 1245 justitiae
1634 1176 1765 1230 adversus

67 1258 160 1314 mittit.
199 1262 287 1330 Atqui
312 1263 335 1315 si
359 1280 448 1332 genus
476 1264 549 1316 vitae
574 1262 693 1315 militare
712 1267 786 1315 esset
801 1260 904 1329 simpli-
931 1259 1046 1314 rebelles
1071 1268 1100 1313 et
1125 1270 1309 1317 contumaces.
1354 1270 1377 1316 4.
1402 1261 1452 1315 Cui
1480 1277 1513 1316 eo
1539 1261 1594 1316 fine
1613 1278 1630 1314 a
1646 1261 1765 1316 subditis

67 1345 137 1398 citer
164 1346 379 1415 repudiandum,
410 1365 460 1401 nec
487 1349 531 1400 hic
556 1347 633 1401 miles
659 1347 770 1416 pietatis
794 1345 904 1399 nomine
929 1345 1035 1399 tributa
1048 1355 1221 1417 praestantur
1233 1357 1261 1403 et
1272 1348 1406 1417 praestari
1425 1347 1507 1402 etiam
1523 1347 1616 1401 divino
1635 1347 1765 1401 mandato

68 1431 315 1494 commendaretur,
334 1451 385 1486 nec
404 1435 527 1487 centurio
547 1435 607 1502 ejus
621 1450 707 1502 opera
726 1434 754 1485 in
767 1432 904 1501 legatione
931 1431 1041 1495 debent,
1060 1439 1092 1486 ut
1105 1433 1199 1504 gladio
1220 1434 1369 1487 vindictam
1382 1433 1513 1487 adversus
1534 1433 1637 1486 malum
1649 1436 1764 1502 agentes

66 1517 103 1568 ad
124 1515 237 1569 Petrum
257 1518 353 1572 fuisset
371 1536 445 1573 usus.
929 1519 1082 1574 exercendo
1102 1525 1195 1588 partes
1217 1518 1301 1573 officii
1321 1520 1364 1574 sni
1382 1519 1505 1589 impleat,
1525 1519 1549 1572 is
1569 1519 1591 1571 si
1611 1518 1762 1571 vindictam

10 1613 53 1655 tte.
103 1608 160 1656 376.
198 1609 219 1652 t¹
234 1607 266 1656 el
291 1606 473 1672 magistratus
500 1607 604 1669 officio.
649 1604 830 1674 Magistratus
849 1621 904 1656 nors
929 1611 1055 1658 exerceat
1074 1612 1102 1659 et
1117 1605 1241 1674 gladium
1261 1607 1393 1660 adversus
1414 1605 1571 1659 turbatores
1592 1604 1763 1674 reipublicae

65 1691 138 1755 perit
157 1690 285 1754 pisidiam
297 1692 418 1757 fnestra,
437 1693 498 1745 Dei
509 1693 582 1745 enim
594 1692 720 1743 minister
733 1699 781 1757 est,
801 1690 903 1741 vindex
928 1689 1056 1758 stringat,
1075 1690 1143 1743 nihil
1159 1692 1226 1761 agit,
1246 1692 1320 1762 quod
1332 1691 1376 1746 vel
1395 1691 1456 1746 Deo
1475 1691 1511 1744 sit
1530 1690 1690 1756 adversum,
1718 1689 1762 1744 vel

10 1831 14 1866 ι
67 1775 95 1825 is
122 1775 193 1826 irem
213 1777 251 1842 ei,
277 1777 327 1844 qui
349 1777 454 1829 malum
482 1779 543 1856 qpit
565 1778 643 1830 Rom.
667 1782 712 1837 13,
737 1793 763 1830 r.
788 1781 811 1830 4.
836 1748 964 1828 imoiab
983 1774 1073 1829 officio
1095 1793 1145 1830 suo
1169 1777 1296 1836 alienum.
1331 1764 1566 1847 Magistratuteo
1588 1775 1642 1831 fine
1662 1791 1679 1828 a
1698 1775 1762 1829 sub·

13 1899 22 1908 .
67 1862 228 1911 necessitate
246 1861 354 1914 subditi
376 1869 476 1929 estote,
501 1880 558 1915 non
575 1863 666 1915 solum
681 1869 801 1931 propter
818 1837 992 1926 sammitis
1018 1860 1133 1914 tributa*
1151 1869 1326 1930 praestantur
1351 1869 1378 1916 et
1404 1862 1537 1931 praestari
1567 1862 1650 1914 etiam
1668 1861 1762 1914 divino

10 1993 28 2019 ‚-
65 1948 117 1997 sed
141 1948 222 1998 etiam
246 1955 365 2016 propter
389 1950 587 2002 secedentium
604 1966 632 2004 v.
652 1957 675 2002 5.
701 1949 766 2001 ideo
785 1948 857 2000 enim
876 1956 902 1999 et
928 1945 1057 2000 mandato
1087 1949 1203 2010 debent,
1226 1956 1258 2002 ut
1282 1949 1376 2019 gladio
1407 1949 1460 2002 sibi
1488 1948 1590 2002 tradito
1612 1947 1761 2000 vindictam

65 2033 169 2083 tributa
192 2035 361 2103 praestatis,
389 2036 513 2088 ministri
535 2039 607 2089 enim
636 2037 695 2089 Dei
717 2042 780 2088 sum
797 2034 827 2087 irs
849 2034 901 2087 hoc
928 2033 1061 2086 adversus
1093 2034 1196 2086 malum
1227 2042 1342 2103 agentes
1370 2034 1523 2088 exercendo
1552 2041 1645 2102 partes
1676 2031 1761 2086 officii

64 2119 155 2185 ipsum
180 2118 329 2171 servientes
355 2137 381 2175 v.
406 2126 431 2176 6.
479 2120 521 2174 Ex
544 2121 598 2175 hoc
632 2121 694 2175 loco
719 2120 797 2174 varia
820 2118 900 2173 nobis
928 2119 969 2171 sui
987 2119 1107 2188 impleat.
1139 2120 1214 2190 Ergo
1232 2120 1255 2172 si
1274 2119 1453 2190 magistratus
1471 2119 1621 2172 vindictam
1640 2117 1668 2170 in
1687 2117 1761 2172 bello

64 2208 216 2256 nascuntur
232 2212 404 2274 argumenta.
440 2212 460 2261 l.
474 2205 525 2260 Cui
543 2207 578 2261 ad
596 2206 748 2260 vindictam
767 2204 899 2258 malorum
927 2211 1054 2258 exerceat
1073 2211 1102 2258 et
1120 2205 1244 2275 gladium
1264 2205 1397 2258 adversus
1417 2204 1587 2273 reipublicae
1605 2203 1760 2257 turbatores

64 2288 147 2340 datus
170 2297 211 2342 est
237 2290 361 2358 gladius,
391 2290 438 2344 ills
465 2291 547 2346 etiam
574 2299 666 2360 potest
691 2291 765 2346 bella
794 2305 898 2360 gerere.
926 2305 958 2342 ac
976 2288 1068 2343 hostes
1086 2290 1218 2360 stringat,
1245 2290 1315 2343 nihil
1334 2290 1486 2360 quidquam
1506 2289 1579 2359 agit,
1604 2288 1679 2358 quod
1699 2287 1760 2342 Deo

64 2373 240 2445 Magistratui
255 2376 289 2427 ad
309 2375 459 2429 vindictam
479 2377 611 2430 malorum
631 2377 712 2429 datus
726 2382 768 2430 est
781 2376 899 2445 gladius.
926 2375 962 2428 sit
980 2375 1125 2429 adversum
1146 2375 1189 2429 vel
1208 2375 1244 2429 ab
1264 2375 1354 2429 officio
1373 2377 1432 2446 ejus
1450 2375 1580 2428 alienum.
1619 2372 1680 2437 Quo
1698 2390 1760 2442 per·

64 2458 138 2529 Ergo
154 2467 204 2514 etc.
242 2460 332 2531 Major
349 2461 491 2530 probatur,
512 2462 579 2532 quia
597 2461 722 2531 legitima
744 2461 817 2515 bella
834 2466 899 2514 sunt
926 2460 997 2514 tinet
1023 2460 1183 2514 mandatum
1210 2460 1312 2513 Christi
1338 2460 1372 2513 de
1397 2461 1496 2514 dandis
1519 2459 1624 2514 caesari
1648 2458 1759 2512 tributis

63 2561 128 2614 pars
148 2544 287 2598 vindictae
306 2546 442 2615 publicae.
479 2546 507 2602 Si
527 2548 705 2617 magistratus
719 2547 783 2616 jure
803 2546 899 2615 plectit
926 2546 1025 2600 Matth.
1045 2551 1087 2609 22,
1105 2563 1130 2600 v.
1150 2551 1192 2600 21.
1211 2545 1259 2616 qui
1278 2545 1376 2600 iisdem
1390 2546 1491 2600 milites
1510 2544 1704 2616 praesidiarios
1722 2543 1758 2597 ad

63 2629 197 2696 latrones,
226 2648 341 2700 quorum
370 2631 487 2700 injuriae
516 2633 544 2686 in
572 2648 674 2702 paucos
699 2638 807 2685 tantum
833 2637 899 2685 sunt
924 2632 1096 2701 reipublicae
1114 2631 1301 2687 defensionem
1321 2631 1421 2686 alebat

62 2732 239 2785 progressae,
264 2716 350 2769 multo
375 2717 464 2787 magis
484 2718 548 2786 jure
571 2717 768 2772 animadvertit
790 2718 818 2770 in
842 2734 896 2785 sos,
960 2724 1018 2774 377.
1054 2717 1167 2788 Excipit
1181 2711 1471 2773 Schmaltniuscontra
1485 2715 1646 2771 Franteium
1658 2733 1685 2784 p.
1700 2720 1759 2770 395.
1772 2719 1893 2768 sxsspsro-

62 2801 109 2870 qui
130 2808 216 2854 totam
239 2803 437 2871 rempublicam
457 2808 486 2858 et
505 2803 646 2874 regionem
663 2803 813 2857 latrociniis
827 2803 898 2857 alfii·
927 2811 948 2859 1.
966 2804 1058 2859 locum
1075 2804 1154 2860 Rom.
1178 2810 1217 2859 13.
1244 2820 1328 2872 apere
1354 2804 1390 2855 dc
1415 2804 1584 2872 magistratu
1610 2803 1640 2854 in
1659 2817 1759 2869 penses
1772 2772 1886 2863 affl

63 2903 130 2957 gere
149 2892 178 2940 et
195 2896 304 2941 vastare
323 2896 465 2943 conantur.
504 2889 578 2964 Quid
599 2889 676 2943 aliud
696 2896 761 2942 sunt
778 2889 896 2943 hostium
922 2891 966 2944 sel
980 2892 1078 2959 potius
1102 2890 1213 2958 infideli
1219 2929 1225 2953 ,
1250 2891 1301 2958 qui
1325 2906 1386 2942 essm
1410 2890 1459 2941 sub
1487 2889 1593 2943 Christi
1609 2889 1685 2956 jugo
1702 2904 1758 2939 non
1772 2875 1864 2965 {23:¹⁶

63 2972 295 3043 bellaillegitima
308 2990 390 3042 quam
406 2974 519 3043 publica
533 2973 695 3029 latrocinia?
712 2975 817 3040 Quodsi
831 2992 896 3046 ergo
923 2977 974 3040 sit,
994 2978 1087 3044 possit
1104 2977 1189 3029 etiam
1205 2992 1259 3044 per
1284 2976 1359 3029 delia
1377 2975 1528 3028 vendicare
1548 2974 1684 3041 trifariam
1702 2972 1759 3025 sihi
1771 2975 1826 3067 {gd
1839 2973 1886 3070 ²¹⁵2·

61 3064 138 3112 recte
161 3058 230 3112 facit
253 3060 443 3138 magistratus,
473 3076 536 3113 cum
560 3061 694 3115 latronem
720 3061 840 3132 aliquem
859 3062 896 3115 ad
924 3071 950 3115 et
967 3061 1088 3116 subditis
1107 3062 1228 3128 illatam,
1245 3062 1312 3115 inde
1330 3077 1396 3114 sero
1414 3079 1468 3115 noa
1487 3063 1573 3128 sequi,
1592 3061 1670 3127 quod
1683 3059 1757 3111 idem
1830 3057 1835 3068 '

60 3161 178 3215 poenam
197 3146 323 3214 quaerit,
341 3146 474 3216 quosdam
493 3165 525 3202 sx
545 3147 652 3202 civibus
673 3148 849 3202 convocando
869 3155 898 3201 et
922 3150 1008 3201 liceat
1034 3147 1197 3201 Christiano
1222 3148 1410 3214 magistratui.
1457 3146 1512 3203 Sed
1536 3145 1662 3200 frivolam
1686 3143 1758 3197 hanc

60 3236 168 3284 armata
185 3248 268 3284 manu
287 3248 349 3284 eum
373 3232 579 3302 aggrediendo;
605 3233 702 3302 utique
722 3233 804 3300 etiam
822 3239 897 3287 recte
923 3233 1111 3304 exceptionem
1135 3234 1261 3302 superius
1285 3230 1314 3305 ξ.
1342 3239 1401 3288 299.
1432 3233 1542 3302 penitus
1571 3229 1756 3301 protrivimus.

60 3316 142 3384 facit,
164 3317 274 3386 quando
301 3319 430 3386 publicae
453 3317 573 3372 hostium
604 3319 753 3373 violentiae
785 3320 896 3385 resistit,
924 3325 949 3374 2.
971 3320 1139 3388 Apostolum
1156 3337 1211 3372 non
1232 3319 1312 3386 loqui
1330 3319 1495 3386 depublicet
1512 3317 1639 3370 vindicta
1658 3318 1758 3368 adver·

60 3402 205 3456 latrocinia
223 3420 316 3456 eorum
334 3407 443 3457 codrcet
462 3413 490 3457 et
505 3404 556 3458 hoc
573 3404 628 3457 fine
646 3412 780 3459 armatam
794 3405 896 3458 civium
922 3424 970 3458 sus
995 3407 1088 3458 hostes
1113 3407 1282 3471 exercenda,
1309 3405 1380 3473 quid
1404 3405 1476 3456 euim
1499 3405 1541 3455 nd
1561 3418 1619 3455 rem
1639 3403 1758 3466 fuceret,

59 3495 146 3558 atque
166 3489 283 3543 militum
309 3506 421 3542 manum
447 3489 499 3542 sibi
524 3490 661 3560 adjungit.
698 3491 779 3544 Certe
797 3492 896 3545 Petrus
922 3494 1060 3545 timendos
1078 3500 1118 3544 est
1139 3492 1329 3558 magistratus,
1352 3491 1419 3557 quia
1436 3497 1528 3557 potest
1548 3489 1623 3540 bella
1640 3490 1758 3553 perere!

60 3575 173 3646 quando
195 3580 215 3627 l.
234 3574 313 3644 episi.
334 3584 357 3637 2,
376 3593 400 3627 ν.
427 3582 460 3629 lt.
480 3575 563 3643 dicit,
585 3576 777 3647 magistratum
797 3578 896 3631 consti·
923 3581 975 3630 sed
1011 3580 1047 3630 de
1059 3577 1186 3645 prisma,
1205 3593 1289 3644 mmm
1308 3577 1444 3628 edomas
1463 3575 1588 3627 subrides
1606 3574 1756 3639 magristru-

61 3669 152 3714 tutum
175 3676 235 3715 esse
251 3665 289 3720 sir
311 3663 450 3726 lxdr'urrmv
466 3664 632 3728 κακοποιῶν,
650 3662 679 3715 in
692 3663 791 3732 plurali
810 3663 896 3732 loqui·
923 3673 981 3729 tus,
1006 3663 1176 3731 praesertim
1194 3662 1333 3727 infidelis,
1353 3677 1480 3713 exercere
1494 3667 1594 3727 potest.
1633 3658 1756 3728 Respon-

61 3755 115 3813 tur,
138 3764 190 3800 nec
208 3747 276 3801 facit
288 3747 490 3815 differentiam,
509 3765 545 3801 an
564 3749 655 3818 pauci,
673 3765 709 3802 an
729 3751 822 3818 plures
842 3750 898 3802 sint
924 3751 1034 3804 demus:
1059 3748 1083 3800 si
1103 3747 1145 3801 vel
1166 3747 1283 3801 maxime
1302 3747 1407 3814 demus,
1421 3747 1460 3819 ,de
1476 3745 1527 3799 tali
1545 3745 1680 3798 duntaxat
1698 3745 1757 3797 vin·

60 3832 261 3888 malefactores.
310 3838 333 3886 t.
361 3832 412 3887 Cui
440 3834 476 3886 ad
507 3834 681 3887 subditorum
711 3835 896 3889 defensionem
924 3837 999 3890 dicta
1016 3835 1172 3903 apostolum
1192 3832 1281 3902 loqui,
1309 3849 1392 3904 quam
1416 3833 1596 3902 magistratus
1616 3847 1683 3900 erga
1703 3832 1756 3900 pri·

61 3916 173 3989 gladius
193 3923 235 3972 est
254 3919 348 3984 datus,
368 3919 415 3973 ille
434 3920 515 3973 etiam
536 3927 627 3989 potest
645 3920 717 3974 bella
734 3938 783 3989 pro
802 3921 896 3974 subdi·
923 3927 1001 3975 vatos
1024 3925 1138 3991 propter
1157 3919 1281 3972 facinora
1298 3925 1326 3972 et
1345 3917 1520 3989 malaopera
1539 3925 1656 3983 exercet,
1673 3934 1756 3988 quam

61 4009 152 4058 torum
172 4004 330 4058 defensione
343 4021 447 4075 gerere.
481 4006 655 4076 Magistratui
670 4007 706 4060 ad
721 4007 896 4061 subditorum
923 4005 1106 4068 Schmaltzius
1139 4020 1194 4058 non
1227 4003 1295 4056 satis
1328 4004 1470 4057 commode
1500 4003 1635 4072 privatam
1668 4010 1757 4068 vocat,

61 4090 249 4144 defensionem
261 4090 342 4144 datus
352 4098 393 4145 est
404 4092 520 4162 gladius.
547 4092 622 4163 Ergo
633 4098 685 4146 etc.
709 4095 896 4157 Nonfrastra
924 4093 1011 4145 nihilo
1030 4098 1122 4146 tamen
1143 4091 1234 4144 minus
1248 4106 1281 4143 ex
1300 4095 1378 4143 textu
1397 4089 1549 4159 apostolico
1562 4095 1755 4160 argumentum

62 4178 243 4244 magistratus
269 4177 397 4243 pladiom
423 4180 508 4243 perit,
543 4178 635 4247 inquit
662 4180 810 4247 apostolus.
857 4181 896 4232 At
922 4197 971 4249 pro
1000 4186 1094 4231 nostra
1132 4176 1269 4230 sententia
1301 4181 1395 4246 petere
1422 4192 1575 4246 possumus.
1623 4175 1651 4229 Si
1684 4176 1756 4228 enim

60 4263 163 4316 fnestra
181 4279 243 4314 eum
262 4269 383 4329 gereret,
401 4263 424 4314 si
448 4263 476 4315 in
495 4279 562 4315 casu
577 4264 764 4330 necessitatis,
784 4265 895 4334 quando
923 4265 1100 4335 magistratus
1116 4265 1180 4332 jure
1198 4279 1231 4315 ac
1251 4263 1348 4317 merito
1365 4262 1463 4332 plectit
1481 4263 1615 4324 latrones,
1640 4277 1755 4330 quorum

61 4346 139 4400 nulla
159 4347 214 4400 alia
231 4348 309 4417 pacis
326 4348 417 4401 media
433 4355 585 4419 suppetunt
602 4350 638 4402 ad
657 4349 783 4402 subditos
800 4349 895 4402 defen·
922 4352 1040 4420 injuriae
1063 4350 1092 4402 in
1117 4365 1219 4419 paucos
1243 4355 1350 4402 tantum
1377 4353 1442 4401 sunt
1467 4362 1642 4418 progressae,
1668 4346 1755 4402 multo

61 4433 182 4498 dendus,
207 4433 325 4487 eundem
349 4434 484 4504 stringere
507 4452 561 4489 non
586 4441 686 4504 posset.
731 4435 832 4490 Psalm.
853 4441 895 4499 82,
921 4437 1010 4507 magis
1026 4438 1089 4505 jure
1107 4434 1302 4488 animadvertit
1322 4435 1350 4487 in
1371 4450 1426 4500 sos,
1447 4434 1494 4504 qui
1513 4439 1598 4487 totam
1613 4433 1754 4502 regionem

58 4537 84 4571 v.
105 4524 128 4572 4.
148 4525 181 4572 ad
204 4520 270 4572 deos
289 4519 347 4573 sive
366 4520 542 4590 magistratus
558 4521 673 4575 dicitur:
694 4522 807 4588 Erspite
821 4539 894 4591 pau·
921 4529 950 4576 et
969 4521 1169 4591 rempublicam
1187 4520 1339 4574 latrociniis
1358 4519 1497 4589 affligunt,
1517 4525 1548 4571 ut
1565 4519 1650 4572 habet
1668 4518 1756 4572 illatio

54 4621 152 4674 parem
174 4613 198 4656 st
217 4614 368 4671 speravisset
385 4609 421 4658 de
438 4624 523 4658 mauu
536 4608 685 4675 impiorum
699 4608 793 4659 eruite.
823 4607 894 4660 Con·
922 4626 954 4662 ex
974 4614 1052 4662 textu
1074 4607 1158 4676 paulo
1176 4614 1241 4659 ante
1260 4606 1388 4659 adducta.
1429 4606 1485 4659 Sed
1504 4621 1558 4658 non
1579 4604 1756 4659 concedimus

56 4691 146 4761 junge
159 4690 240 4745 Pror.
259 4696 299 4757 24,
315 4708 341 4744 v.
359 4697 398 4745 ll.
431 4691 470 4743 At
487 4690 539 4744 hoc
560 4691 619 4744 sins
635 4690 708 4746 bello
727 4692 894 4762 quandoque
922 4692 1092 4748 Schmalteio
1113 4691 1186 4746 hanc
1203 4691 1371 4762 hypothesin
1394 4690 1577 4751 exclusivum,
1596 4689 1670 4759 quod
1690 4706 1755 4759 apo·

59 4774 120 4829 fieri
146 4776 249 4846 nequit.
297 4775 326 4830 Si
355 4791 422 4846 ergo
452 4776 517 4829 licet
542 4778 717 4847 magistratui
746 4778 894 4833 detondere
920 4779 1008 4834 stolus
1026 4785 1134 4829 tantum
1152 4777 1188 4831 dc
1207 4778 1255 4830 tali
1275 4773 1398 4830 vindicta
1415 4776 1560 4845 loquatur,
1579 4774 1665 4829 verba
1683 4776 1756 4830 enim

60 4861 187 4915 subditos
213 4878 230 4915 a
255 4860 378 4928 furibus,
405 4861 571 4925 latronibus,
600 4864 758 4932 raptoribus
782 4870 810 4918 et
834 4864 894 4917 aliis
922 4872 987 4919 sunt
998 4862 1153 4935 generalia:
1174 4863 1365 4932 Magistratus
1377 4878 1433 4913 non
1448 4861 1508 4912 sine
1522 4877 1612 4914 causo
1626 4861 1755 4928 gladium

59 4948 238 5010 facinorosis,
266 4946 314 5016 qui
346 4945 485 5015 publicam
518 4948 748 5017 tranquillitatem
780 4951 895 5004 interius
917 4957 1031 5019 portat,
1055 4949 1181 5001 minister
1199 4949 1272 5001 esim
1293 4949 1350 5000 Dei
1368 4954 1422 5013 est,
1442 4947 1545 4998 uindex
1561 4947 1590 4999 in
1609 4947 1683 4998 iram
1701 4947 1756 5010 illi,

59 5034 182 5096 turbant,
200 5031 317 5086 fortunis
335 5037 364 5085 et
383 5031 456 5085 vitae
478 5033 650 5085 subditorum
679 5034 845 5089 insidiantur
862 5053 894 5089 ac
922 5036 971 5105 qui
987 5035 1094 5088 malum
1114 5035 1182 5102 epit.
1220 5034 1279 5088 Nec
1297 5037 1352 5100 est,
1377 5031 1451 5102 quod
1478 5031 1655 5085 connexionis
1672 5033 1755 5085 ratio·

59 5119 227 5190 reipublicae
247 5117 364 5171 salutem
389 5129 519 5186 exparte
542 5125 664 5172 evertere
682 5120 824 5185 laborant;
841 5121 893 5174 uti·
923 5137 985 5175 nem
1006 5120 1035 5173 in
1054 5126 1131 5174 textu
1150 5117 1303 5188 apostolico
1331 5117 1487 5171 haereticus
1505 5117 1657 5183 desideret,
1684 5134 1756 5186 quae

59 5222 115 5276 que
134 5207 214 5258 etiam
232 5204 327 5257 licebit
346 5203 528 5273 magistratui,
550 5204 645 5272 gladio
664 5204 811 5260 defendere
830 5207 894 5259 sub·
921 5216 963 5261 cst
981 5206 1091 5260 omnino
1110 5205 1214 5274 optima
1234 5210 1261 5258 et
1281 5202 1507 5257 commodissima.
1540 5202 1692 5256 Timendus
1714 5208 1757 5256 est

60 5293 135 5346 ditos
156 5292 190 5345 ab
209 5290 334 5345 hostibus
354 5290 481 5352 externis,
499 5289 547 5359 qui
568 5290 665 5359 majori
684 5292 789 5359 impetu
808 5297 894 5345 totam
921 5292 1115 5362 magistratus,
1142 5306 1176 5343 ne
1197 5288 1299 5343 malum
1319 5288 1468 5350 faciamus,
1494 5287 1560 5358 quia
1583 5286 1756 5358 magistratui

58 5377 258 5447 rempublicam
278 5385 306 5431 et
326 5377 448 5430 omnium
468 5376 568 5429 civium
589 5374 714 5429 salutent
724 5376 894 5430 labefactare
906 5364 909 5427 fi
922 5377 1054 5431 divinitus
1074 5377 1154 5429 datus
1179 5381 1221 5429 est
1239 5374 1363 5444 gladius,
1390 5392 1445 5444 quo
1464 5373 1616 5427 vindictam
1634 5373 1687 5427 Dei
1708 5390 1756 5426 no·

59 5464 193 5534 cogitant.
234 5469 259 5517 3.
278 5460 330 5515 Cui
350 5462 386 5516 ad
405 5463 496 5533 legum
515 5468 544 5515 et
557 5460 720 5530 disciplinae
739 5462 894 5515 custodiam
921 5464 994 5517 mine
1014 5467 1042 5516 et
1059 5461 1121 5516 loco
1141 5467 1268 5515 exerceat
1286 5461 1419 5515 adversus
1440 5459 1542 5513 malum
1556 5464 1680 5529 agentes,
1698 5459 1757 5514 sive

59 5552 143 5605 datus
162 5554 205 5602 est
222 5548 342 5634 gladius,
362 5549 385 5603 is
401 5550 465 5620 jure
482 5566 515 5646 ac
535 5549 632 5603 merito
645 5547 740 5619 gladio
754 5547 810 5601 illis
827 5547 893 5603 resi·
922 5548 979 5604 sint
1003 5547 1086 5618 pauci
1109 5547 1167 5600 siva
1191 5547 1301 5617 plnres;
1327 5546 1385 5601 sive
1407 5546 1436 5600 in
1461 5545 1597 5616 quosdam
1621 5543 1757 5600 duntaxat
