4020 6014
214 290 270 348 172
795 277 920 335 Locus
939 275 1144 335 VIOESIMUS
1160 277 1327 337 TERTIUS

209 452 344 508 organum
372 436 557 492 conversionis
583 441 611 490 et
634 434 739 489 salutis.
776 432 831 488 Sed
859 450 909 503 per
927 431 1044 487 verbum
1071 432 1210 486 indiciam
1237 442 1276 487 est
1305 434 1403 488 mortis
1432 432 1544 488 evictae.
1580 431 1658 489 Neve
1683 431 1742 487 ulla
1767 437 1857 488 restet
1881 431 1918 489 66

209 541 290 577 suum
307 522 385 577 Deus
402 521 431 577 in
448 521 607 576 hominibus
624 521 751 576 accendit
777 520 875 587 fidem,
902 535 949 573 eos
967 534 1045 588 rege·
1069 516 1138 573 haec
1170 518 1397 589 interpretatione
1423 519 1573 588 dubitatio,
1604 521 1799 592 conjungimus
1822 520 1918 575 locum

209 615 297 678 uerat,
315 609 475 663 consolatur
484 615 520 662 et
538 608 637 676 salvat,
655 624 689 661 ac
706 606 821 661 verbum
839 606 907 659 illud
930 604 983 659 Dei
1002 608 1045 658 est
1074 611 1096 659 1.
1117 601 1177 657 Cor.
1198 610 1227 672 1,
1254 623 1278 658 v.
1307 613 1346 662 11.
1367 612 1395 660 61
1417 611 1457 664 18.
1475 605 1525 660 ubi
1550 606 1660 661 disertis
1682 607 1773 662 verbis
1794 622 1915 678 evauge-

209 696 277 750 utile
308 695 344 749 66
375 694 544 757 docendum,
575 692 762 764 arguendum,
793 691 987 763 corrigendum
1018 696 1045 744 et
1071 691 1138 744 lium
1158 708 1176 744 a
1195 691 1284 747 Paulo
1301 693 1491 762 praedicatum
1516 693 1618 748 dicitur
1640 693 1692 747 Dei
1717 693 1813 748 virtus.
1850 693 1916 751 Nou

210 781 392 837 erudiendum
412 787 507 851 estque
527 780 621 833 vivum
641 785 669 834 et
692 778 799 842 efficax,
817 777 912 848 gladio
930 770 1059 845 aucipiti¹
1074 778 1151 830 misit
1169 795 1212 831 me
1230 776 1357 833 Christus
1377 779 1492 850 (inquit)
1511 779 1549 834 ad
1568 779 1785 849 baptizandum,
1803 781 1855 836 sed
1877 780 1915 835 ad
1939 768 1942 773 ¹

208 867 409 938 penetrantius.
435 867 511 938 Ergo
530 865 646 919 verbum
666 865 719 937 Dei
735 883 791 919 non
810 870 852 919 est
872 863 955 918 litera
975 878 1045 915 mor·
1072 864 1335 934 cvangehsandum,
1362 882 1419 919 non
1437 865 1467 918 in
1485 866 1623 934 sapientia
1639 865 1725 934 verbi,
1743 882 1778 921 ne
1796 883 1915 923 evacue-

209 960 267 1018 tua‚
296 953 345 1009 sed
365 952 464 1009 efficax
493 969 627 1023 organum
658 951 844 1007 conversionis
874 966 907 1004 66
939 948 1045 1003 salutis.
1071 957 1117 1004 tur
1146 968 1213 1004 crux
1237 949 1354 1020 Christi3
1385 969 1411 1008 v.
1441 957 1479 1006 18.
1512 951 1627 1006 verbum
1653 952 1726 1006 enim
1748 951 1838 1008 crucis
1866 952 1915 1018 (de

209 1039 295 1094 Hisce
314 1038 443 1093 addimus
464 1036 553 1107 dicta,
577 1054 649 1109 quae
675 1037 786 1108 proprie
809 1042 838 1092 et
862 1034 991 1106 specifice
1011 1033 1046 1087 de
1072 1051 1168 1104 cruce,
1200 1035 1252 1092 hoc
1288 1043 1331 1091 est
1361 1036 1396 1090 de
1423 1036 1533 1092 Christo
1562 1037 1703 1106 crucifixo)
1722 1037 1914 1107 'pereuntibus

209 1123 335 1179 efficacia
353 1124 423 1194 legis
442 1124 599 1194 loquuntur.
636 1123 715 1178 Rom
734 1129 758 1190 4,
776 1140 801 1176 v.
824 1128 870 1178 15:
894 1123 953 1175 Les
971 1121 1045 1173 iram
1072 1121 1183 1190 quidem
1208 1121 1329 1177 stultitia
1353 1127 1409 1190 est,
1441 1123 1522 1177 nobis
1541 1129 1643 1193 autem,
1669 1123 1716 1194 qui
1740 1123 1810 1177 salvi
1831 1122 1914 1191 fiunt,

209 1218 352 1278 operatur.
388 1215 412 1265 2.
431 1209 493 1266 Cor.
514 1215 544 1278 3,
571 1226 597 1264 v.
618 1214 649 1263 6:
668 1210 727 1262 Les
745 1215 786 1260 est
803 1208 889 1261 litera
907 1207 1045 1260 occidens.
1072 1208 1126 1262 Dei
1143 1208 1230 1262 virtus
1247 1214 1298 1264 661

211 1295 403 1365 Quodcunque
421 1299 553 1365 operatur
570 1294 639 1348 iram
657 1293 712 1348 Dei
737 1297 765 1348 61
782 1292 895 1361 6661611,
923 1309 979 1346 666
1004 1298 1047 1346 est
1108 1300 1165 1351 2511.
1206 1301 1228 1350 2.
1251 1295 1332 1351 Rem.
1358 1300 1403 1362 10,
1428 1312 1454 1347 v.
1481 1301 1520 1351 11.
1545 1295 1668 1362 intellipi
1689 1295 1802 1348 verbam
1825 1294 1912 1349 inter·
1924 1282 1949 1378 {l

209 1380 291 1434 litera
313 1386 434 1445 mortua,
464 1379 602 1451 quomodo
629 1380 703 1434 enim
727 1378 757 1432 id
782 1377 856 1450 quod
887 1376 989 1448 ἄεργον
1019 1383 1047 1433 61
1073 1381 1590 1448 6666661616166166666166166,
1616 1383 1693 1450 quod
1709 1398 1742 1435 66
1756 1382 1946 1450 praedicas.

210 1473 348 1521 mortuum
366 1472 417 1535 est,
435 1472 596 1537 operaretur
614 1471 643 1520 et
662 1464 821 1520 occideret?
846 1464 901 1521 Sed
922 1465 966 1519 lex
983 1481 1046 1536 ope
1072 1468 1145 1521 tione
1170 1467 1250 1521 verbi
1281 1467 1388 1521 6616661
1411 1468 1448 1520 sit
1460 1469 1550 1536 fides,
1579 1470 1631 1521 sed
1655 1469 1733 1537 qaod
1756 1484 1788 1521 66
1808 1468 1912 1521 andin

210 1557 288 1606 ratur
307 1552 377 1606 iram
395 1558 424 1607 et
442 1551 552 1608 occidit.
583 1552 660 1623 Ergo
677 1552 722 1606 lex
740 1567 796 1605 non
817 1555 859 1606 661
876 1550 958 1606 litera
976 1568 1047 1605 mor·
1072 1553 1179 1607 scilieet
1200 1553 1317 1617 interno,
1336 1554 1386 1621 661
1398 1553 1557 1607 immediate
1574 1560 1615 1606 est
1639 1571 1658 1606 a
1671 1553 1784 1625 Spiritu
1803 1562 1911 1619 666616,

82 1646 155 1686 sses-
210 1644 266 1695 166
304 1637 417 1709 Excipit
435 1636 627 1693 Svencieldius
650 1643 671 1691 1.
689 1637 768 1694 Rom.
792 1643 815 1706 l,
834 1654 860 1694 v.
882 1642 921 1693 16.
937 1639 1048 1715 nomine
1071 1641 1144 1702 fides
1164 1641 1280 1692 oriatur.
1319 1641 1535 1704 stemmatis
1553 1647 1622 1692 esset
1646 1640 1912 1708 apraedicationis

96 1698 174 1791 „⁸¹23”
210 1726 349 1791 66666616Ι
373 1725 497 1793 intelligi
520 1726 613 1794 ipsam
640 1724 781 1777 Christum
810 1724 958 1777 essentiale
988 1725 1049 1777 Dei
1073 1733 1099 1778 et
1119 1725 1221 1779 666116
1236 1726 1315 1778 verli
1332 1726 1449 1789 externi,
1467 1742 1634 1794 consequens
1639 1726 1729 1791 soret,
1741 1744 1843 1795 omnes,
1862 1726 1913 1796 661

82 1799 182 1894 ξῗῗάῐ·
207 1812 333 1880 amdam,
353 1829 414 1865 oum
434 1813 470 1865 de
488 1813 544 1866 tali
560 1812 704 1878 evangelio
722 1811 869 1881 apostolas
891 1810 1047 1878 16116666-
1072 1811 1183 1864 verbam
1201 1812 1333 1876 antliam,
1363 1814 1405 1865 ad
1424 1814 1508 1886 videm
1525 1813 1687 1881 pervenire,
1716 1815 1795 1881 6666
1819 1822 1911 1868 taines

208 1905 262 1961 tur,
283 1897 331 1950 cni
344 1897 502 1951 essentialis
516 1898 575 1951 Dei
583 1897 758 1967 proprietas,
770 1897 901 1950 uidelicet
909 1897 1045 1966 potentio,
1072 1899 1184 1951 minime
1195 1898 1262 1962 fieri·
1274 1897 1407 1962 violemus,
1427 1900 1502 1952 ande
1515 1900 1599 1952 etiam
1611 1907 1727 1952 6666661
1747 1900 1909 1967 Latiarum,

208 1985 345 2053 competit.
380 1984 449 2037 Jam
469 2000 534 2038 aero
552 1985 609 2037 soli
624 1985 707 2039 aerbo
729 1983 885 2047 essentiali,
912 1983 1045 2038 videlicet
1072 1986 1148 2054 66661
1165 1985 1262 2038 vitiose
1280 1984 1525 2053 testmnverterit,
1552 1986 1726 2044 1661116616
1743 1985 1837 2042 intrusi
1855 1990 1910 2042 out

210 2070 329 2138 Christo,
348 2088 405 2124 666
424 2078 518 2123 autem
538 2072 619 2125 verbo
627 2071 798 2140 praeds'eato
817 2057 974 2123 essentialis
986 2069 1047 2123 Dei
1072 2071 1254 2140 1611111161,
1279 2070 1329 2127 boi
1355 2070 1476 2141 usstigun
1501 2072 1561 2126 abet
1588 2072 1680 2141 111161
1705 2074 1782 2130 {butt
1801 2074 1910 2132 (antiss.

204 2156 380 2227 proprietas,
398 2157 528 2210 videlieet
548 2157 692 2225 potentia,
713 2157 849 2227 competit.
884 2156 1045 2226 Responde·
1070 2157 1295 2229 Respondemus:
1314 2156 1351 2211 66
1362 2156 1445 2212 fidem
1460 2157 1563 2228 requiri
1577 2158 1660 2212 etiam
1679 2158 1807 2212 auditum
1826 2159 1908 2214 iuter·

208 2259 285 2299 mus:
314 2241 498 2314 Evangelium
526 2241 676 2299 definiente
695 2243 840 2313 Scriptura
867 2247 910 2295 661
935 2240 1045 2311 praedi·
1071 2262 1151 2312 num,
1176 2250 1204 2298 et
1222 2243 1360 2298 internum
1379 2243 1458 2297 ihum
1482 2243 1610 2298 auditum
1630 2260 1689 2299 esse
1714 2260 1731 2298 6
1756 2244 1861 2315 Spiritu
1885 2263 1908 2303 6.

208 2329 280 2384 catio
298 2329 332 2384 de
352 2328 470 2386 Christo.
510 2328 586 2400 Ergo
604 2345 659 2384 non
679 2335 721 2384 est
744 2329 805 2398 ipse
825 2326 966 2391 Christus,
995 2344 1045 2383 neo
1073 2329 1155 2384 facile
1172 2330 1365 2396 concedimus,
1392 2329 1441 2384 sed
1465 2328 1518 2383 hoc
1542 2329 1571 2383 in
1598 2330 1762 2400 quaestione
1792 2335 1847 2399 est,
1873 2348 1910 2387 an

207 2415 315 2486 uspiam
333 2416 361 2470 in
387 2419 448 2470 tota
473 2414 617 2486 Scriptura
641 2414 798 2470 invenietur
821 2413 913 2483 locus,
943 2413 1045 2483 inquo
1072 2415 1192 2486 Spiritus
1211 2434 1233 2468 s.
1261 2415 1420 2471 immediate
1445 2415 1553 2486 operari
1577 2416 1645 2471 velit
1665 2416 1748 2470 fidem
1773 2424 1802 2472 et
1824 2418 1909 2473 inter·

209 2501 346 2572 evangehi
373 2517 473 2555 nomen
504 2501 540 2556 de
564 2502 624 2572 ipso
650 2500 762 2556 Christo
785 2500 894 2555 ratione
910 2501 1046 2555 essentiae
1072 2518 1139 2556 num
1156 2502 1234 2556 illum
1252 2501 1378 2556 auditum
1396 2502 1455 2557 sive
1477 2518 1629 2557 assensum.
1667 2501 1861 2558 Svencfeldius
1878 2503 1909 2559 it

207 2587 367 2658 accipiatur.
403 2587 485 2642 Adde
505 2588 580 2658 quod
594 2589 624 2642 in
643 2586 695 2642 hoe
712 2587 773 2658 ipso
790 2587 851 2642 loco
867 2586 1046 2642 circumstsn·
1070 2587 1200 2658 affirmat,
1216 2605 1267 2643 nos
1285 2604 1349 2644 vero
1368 2605 1503 2660 negamus
1528 2593 1558 2643 et
1580 2589 1715 2644 rationem
1735 2590 1856 2659 petimus
1874 2607 1908 2647 ex

207 2673 264 2728 tiae
281 2679 372 2728 textus
384 2673 542 2741 ostendunt,
555 2692 609 2729 non
625 2672 766 2727 Christum
782 2673 887 2727 ratione
903 2672 1046 2737 essentiae,
1070 2675 1124 2729 hoe
1141 2681 1218 2730 textu
1239 2674 1401 2746 apostolico.
1436 2673 1553 2730 Constat
1570 2675 1643 2730 enim
1668 2692 1701 2730 ex
1719 2677 1906 2734 antecedenti·

207 2759 257 2814 sed
276 2759 510 2830 praedicationem
529 2761 563 2815 de
582 2759 692 2815 Christo
710 2758 847 2830 evangelii
870 2759 981 2814 nomine
1009 2759 1045 2814 ab
1071 2762 1124 2817 bus
1154 2768 1182 2817 et
1206 2761 1439 2833 consequentibus
1473 2761 1630 2832 apostolum
1655 2762 1732 2833 loqui
1762 2763 1798 2818 de
1822 2763 1908 2820 verbo

207 2846 332 2916 apostolo
358 2846 493 2917 intelligi,
523 2845 662 2917 siquidem
691 2862 717 2899 v.
751 2850 790 2900 15.
819 2843 900 2913 61611,
930 2861 960 2898 sc
988 2861 1046 2898 esse
1072 2847 1233 2917 praedicato
1252 2854 1281 2902 et
1299 2846 1395 2901 audito
1413 2863 1446 2901 ac
1461 2846 1496 2902 66
1510 2863 1542 2902 66
1555 2846 1656 2904 diserte
1668 2847 1815 2918 affirmare,
1834 2850 1909 2920 quod

203 2941 345 3002 promtam
375 2933 513 2987 Romanis
547 2931 739 2999 eoanpelisare
774 2930 833 2983 sive
871 2932 1046 3000 evangelium
1071 2932 1910 3008 666111661166666111666661666666116616,6.1116-

203 3016 786 3089 6666616666666166666.6611161666
807 3017 1046 3088 evaugelioprae·
1072 3023 1149 3094 quit:
1177 3022 1321 3084 1166666616
1341 3021 1519 3088 invocabant,
1542 3020 1572 3073 in
1595 3038 1675 3089 qnam
1700 3039 1756 3075 non
1773 3025 1910 3079 66666611

209 3104 301 3159 dicato
319 3103 395 3170 dicit,
415 3104 491 3173 qaod
509 3103 761 3174 sitpotentiaDei
779 3103 963 3158 adsalutem.
989 3103 1045 3160 No-
1072 3111 1211 3180 66661666
1229 3110 1351 3172 madent,
1370 3109 1405 3161 de
1426 3125 1480 3176 666
1495 3109 1756 3163 66666616666611
1770 3112 1909 3178 quomodo

209 3195 301 3247 tanter
329 3189 411 3245 etiam
437 3189 467 3244 in
493 3194 570 3264 textu
596 3187 704 3243 Graeco
733 3195 849 3243 vocatur
873 3190 1046 3256 evangelium
1071 3212 1136 3249 aero
1162 3195 1278 3248 assdicnt
1314 3194 1374 3246 sine
1397 3194 1603 3261 praedicante?
1632 3211 1660 3250 v.
1690 3200 1727 3248 ti.
1766 3195 1910 3257 Quomodo

193 3278 326 3345 ,0161616
345 3293 411 3348 ergo
430 3283 472 3331 est
488 3275 649 3330 distinctum
670 3275 705 3328 ab
726 3274 787 3344 ipso
801 3273 918 3343 Christo,
937 3292 970 3330 66
982 3293 1006 3330 v.
1020 3283 1045 3333 9.
1071 3299 1136 3336 aero
1154 3281 1368 3350 praedicabant,
1386 3280 1443 3332 nisi
1461 3280 1626 3335 mitta-ntem!
1648 3299 1674 3336 v.
1697 3286 1736 3338 16.
1776 3282 1836 3336 Sed
1853 3299 1910 3336 non

210 3360 448 3435 dicitapostolus,
468 3362 1046 3432 6666666616111661666666616·οέἲὶἱί
1072 3384 1165 3422 omnes
1198 3368 1363 3420 obedierant
1392 3367 1553 3435 evangelio,
1586 3368 1694 3421 Esaias
1724 3369 1798 3421 enim
1822 3369 1909 3423 dicit:

90 3460 150 3501 1111.
164 3458 197 3502 711.
210 3451 278 3520 ejus.
295 3469 320 3504 v.
344 3457 364 3507 l.
386 3455 457 3505 616.
482 3451 559 3518 qnod
580 3449 618 3502 sit
634 3456 793 3517 seprepatns
813 3451 853 3502 ael
871 3450 1046 3519 evangelium
1072 3454 1203 3517 Domine,
1222 3453 1284 3522 6616
1302 3453 1392 3506 eredit
1410 3453 1524 3506 nuditati
1534 3454 1651 3507 nostro?
1676 3472 1702 3510 v.
1724 3460 1764 3509 16.
1784 3456 1864 3523 Erga
1875 3459 1909 3520 tt·

210 3539 245 3591 cla
263 3537 342 3591 Filio
360 3538 427 3605 Dei,
447 3536 543 3606 utique
561 3551 628 3606 ergo
649 3535 824 3606 evangelium
842 3534 921 3600 illud,
941 3535 1044 3607 dequo
1073 3543 1122 3595 des
1144 3557 1176 3592 cs
1195 3538 1307 3601 666116,
1338 3539 1452 3591 auditas
1466 3556 1521 3608 per
1540 3540 1652 3592 eertum
1676 3542 1741 3596 Dei.
1764 3540 1908 3598 ·Ostendit

208 3628 306 3692 postea
324 3623 484 3693 praedicat,
508 3621 583 3693 quod
602 3620 855 3691 sitpotentiaDei
874 3621 1045 3676 adsalutem
1072 3625 1214 3697 apostolus
1240 3623 1427 3695 pulcherrima
1455 3625 1575 3695 quadam
1593 3626 1755 3697 gradatione
1773 3628 1906 3694 ordinem,

209 3709 284 3763 omni
301 3708 439 3774 credenti,
470 3708 631 3763 distinctum
652 3712 695 3763 661
718 3708 754 3763 ab
777 3709 838 3779 ipso
856 3707 980 3779 Christo,
1010 3709 1046 3764 66
1073 3730 1155 3786 quem
1173 3712 1251 3767 Deus
1272 3710 1302 3765 in
1323 3709 1480 3765 hominibus
1499 3713 1690 3768 convertendis
1715 3720 1743 3768 61
1766 3714 1906 3770 salvandis

209 3812 264 3865 quo
290 3796 464 3865 evangelium
493 3796 680 3851 concionatur.
720 3795 829 3850 Dicitur
856 3803 948 3851 autem
976 3795 1045 3851 11166
1073 3800 1213 3866 observet,
1243 3796 1318 3868 quod
1337 3796 1443 3851 scihcet
1460 3797 1530 3853 nolit
1554 3799 1713 3855 immediate
1734 3817 1831 3871 agere,
1857 3802 1907 3858 666

208 3880 323 3935 verbum
343 3880 478 3952 evangelii
497 3880 623 3951 potentia
641 3880 710 3952 Dei,
734 3883 801 3952 quia
819 3881 925 3936 scilicet
944 3881 973 3936 16
992 3899 1045 3936 666
1071 3884 1220 3940 instituerit
1239 3883 1422 3938 ministerium
1434 3883 1561 3952 docendi,
1578 3902 1629 3955 per
1643 3886 1719 3956 quod
1737 3903 1800 3940 cum
1820 3886 1907 3942 homi·

209 3966 340 4021 divinitus
369 3967 495 4021 instituto
522 3974 564 4022 est
592 3967 690 4022 efficax
711 3985 847 4039 organum
868 3974 896 4023 et
915 3968 1045 4037 medium,
1072 3972 1154 4027 nibus
1173 3969 1242 4026 velit
1259 3986 1359 4042 agere,
1378 3971 1451 4025 sient
1466 3971 1549 4025 etiarn
1567 3970 1636 4040 Eph.
1657 3979 1685 4039 1,
1703 3991 1730 4028 v.
1753 3979 1905 4032 116611.

207 4071 258 4123 per
287 4054 361 4125 quod
394 4053 471 4107 Deus
502 4053 530 4108 in
559 4053 690 4109 cordibus
721 4053 863 4109 homiuum
894 4054 1045 4110 salutarem
1072 4057 1155 4124 dicit,
1187 4057 1328 4112 Christum
1346 4058 1458 4111 dedisse
1476 4057 1627 4126 apostolos,
1643 4060 1808 4126 prophetas,
1826 4077 1907 4114 euan-

208 4156 285 4194 suam
318 4137 472 4194 efficaciam
505 4139 607 4195 exserit
633 4140 670 4193 ad
695 4156 790 4194 eorum
813 4140 938 4196 salutem.
975 4139 1045 4194 Cum
1071 4144 1205 4213 pelistas,
1233 4151 1362 4213 pastores
1389 4160 1423 4196 ac
1456 4145 1584 4196 doctores
1608 4145 1650 4196 acl
1674 4145 1907 4201 instaurationem

207 4226 421 4281 haemorrhousa
451 4225 554 4281 Christi
585 4231 690 4281 vestem
718 4231 836 4297 tangens
863 4242 881 4280 a
909 4226 1045 4296 profluvio
1071 4229 1281 4297 sanctornms'n
1296 4246 1366 4301 opes
1377 4229 1534 4291 ministerii,
1555 4232 1597 4282 ad
1607 4231 1830 4292 aedificationem
1846 4250 1907 4287 cos·-

207 4321 365 4382 sanaretur,
398 4313 467 4368 dicit
497 4314 608 4369 blancus
636 4330 660 4369 6.
693 4320 723 4382 5,
755 4331 780 4367 v.
806 4318 848 4368 30.
874 4314 1002 4367 virtatem
1027 4333 1046 4366 a
1068 4317 1153 4386 paras
1179 4315 1293 4371 Christi.
1329 4314 1512 4385 Nequaquam
1536 4314 1622 4385 igitur
1647 4334 1665 4370 a
1686 4319 1784 4373 mediis
1810 4319 1907 4374 salutis

210 4401 323 4455 Christo
339 4401 452 4468 6611666,
477 4400 507 4455 16
525 4400 600 4472 6666
621 4399 712 4453 Lucas
733 4416 757 4456 6.
777 4403 806 4465 6,
826 4392 859 4454 vs
875 4405 913 4456 ts.
935 4400 962 4454 in
984 4399 1045 4455 reli·
1073 4403 1230 4459 excluditur
1249 4401 1361 4456 auditus
1380 4401 1458 4456 verbi
1475 4408 1618 4468 externus,
1638 4405 1687 4459 sed
1707 4405 1799 4476 potius
1816 4406 1907 4460 inclu-

208 4502 324 4556 quorum
342 4487 426 4541 etiam
445 4492 621 4557 aegrotorum
641 4484 785 4540 sanatione
804 4484 954 4556 contigisse
971 4502 1045 4541 asse·
1072 4491 1160 4557 ditur,
1191 4492 1223 4542 61
1247 4487 1368 4542 ostendit
1395 4486 1493 4542 relatio
1522 4488 1595 4543 inter
1619 4491 1852 4562 praedicationem
1879 4499 1908 4549 61

208 4572 259 4640 rit,
275 4589 452 4644 nequaquam
469 4573 521 4627 hoc
542 4589 640 4639 sensu,
665 4571 745 4641 quasi
766 4571 920 4626 essentialis
940 4572 1044 4627 Christi
1072 4575 1206 4630 auditum.
1240 4573 1282 4630 Ut
1298 4572 1371 4626 enim
1390 4572 1561 4642 praedicatio
1580 4584 1622 4630 est
1640 4584 1766 4646 externa,
1784 4578 1823 4632 ita
1841 4596 1908 4650 quo·

208 4657 297 4712 virtus
316 4657 428 4728 abipso
447 4656 551 4726 exierit,
569 4656 617 4711 sed
635 4654 702 4726 6616
719 4652 847 4725 potentia
860 4658 976 4712 sanandi
994 4675 1044 4728 per
1073 4679 1128 4733 quo
1150 4660 1321 4715 6661166661
1340 4663 1484 4729 externus,
1510 4679 1560 4732 per
1580 4680 1663 4734 quem
1683 4665 1759 4721 Deus
1782 4665 1818 4718 66
1835 4665 1908 4719 exci-

208 4748 343 4797 attactum
381 4744 479 4812 vestis,
516 4760 565 4813 per
591 4740 794 4811 impositionem
820 4758 967 4811 manuum,
996 4761 1047 4814 per
1071 4748 1186 4802 tandum
1206 4745 1332 4801 auditum
1349 4744 1487 4799 internum
1507 4747 1635 4804 attidem
1649 4752 1711 4805 vult
1726 4751 1908 4819 esseaifioax,

207 4829 321 4884 verbum
339 4828 463 4882 mandati
483 4836 533 4883 616.
553 4828 705 4883 efficaciter
722 4844 752 4881 66
769 4829 897 4897 exseruit,
918 4831 958 4885 ita
975 4848 1042 4901 quo·
1072 4834 1145 4888 sicut
1162 4833 1198 4887 de
1216 4832 1309 4903 Lydia
1326 4831 1428 4886 dicitur
1444 4832 1509 4890 Act.
1534 4841 1578 4904 16,
1601 4855 1627 4892 v.
1647 4844 1687 4893 14.
1713 4841 1789 4906 qnod
1809 4839 1909 4892 Domi·

207 4931 260 4984 666
280 4913 455 4982 evangelium
474 4914 575 4969 Christi
596 4918 639 4969 est
651 4913 776 4985 potentia
787 4914 843 4969 Dei
860 4916 896 4970 66
916 4917 1042 4986 salutem,
1071 4938 1124 4974 nns
1138 4919 1283 4988 66666661
1294 4919 1321 4971 ei
1334 4934 1383 4971 eor
1396 4923 1552 4991 προσέχειν,
1575 4929 1606 4975 61
1618 4924 1772 4976 intenderet
1781 4925 1825 4976 liis
1835 4941 1908 4992 qaae

207 5001 272 5069 6616
290 4997 414 5068 66166116
431 4998 556 5053 salvandi
575 5019 624 5070 per
645 5000 821 5072 evangelium
840 5002 1043 5071 praedicatum,
1072 5024 1090 5058 a
1110 5005 1204 5058 Panlo
1223 5004 1529 5078 sincerissimaeque
1547 5007 1699 5079 quidquam
1725 5009 1785 5063 vitii
1810 5016 1853 5065 est
1878 5010 1907 5066 in

205 5085 330 5139 auditum
361 5101 394 5138 ac
418 5083 473 5138 fide
497 5093 639 5156 receptum
670 5086 821 5143 efficaciter
845 5104 905 5143 sese
934 5090 1043 5144 exserit
1070 5090 1195 5146 versione
1215 5089 1346 5158 Lutheri,
1371 5108 1443 5161 6666
1468 5094 1557 5163 petita
1576 5097 1620 5147 661
1642 5108 1676 5146 ex
1695 5092 1834 5151 idiotismo
1851 5096 1907 5152 He·

207 5169 370 5224 Ambrosius
389 5170 418 5225 in
436 5187 533 5224 comm.
551 5171 701 5227 hocloco:
730 5175 915 5229 Praedicatio
932 5182 1044 5245 aposto·
1068 5177 1162 5233 braico
1204 5177 1272 5231 61611
1307 5177 1461 5247 prophetici
1496 5196 1579 5236 versu
1612 5177 1736 5247 proximo
1771 5183 1806 5236 ab
1841 5200 1907 5254 apo·

205 5256 263 5308 lica
279 5256 367 5309 sistas
388 5257 449 5310 Dei
464 5263 518 5321 est,
548 5273 619 5324 6666
641 5259 738 5312 invitat
762 5262 805 5314 acl
828 5262 912 5326 fidem
943 5268 969 5314 61
993 5263 1045 5315 dat
1068 5262 1140 5317 stolo
1174 5263 1264 5318 citati:
1303 5265 1425 5319 Domina
1453 5265 1516 5334 6616
1547 5264 1637 5316 eredit
1666 5266 1782 5319 aeditui
1809 5279 1906 5325 nostro

206 5341 325 5393 66161616
343 5343 419 5394 aneni
436 5342 573 5408 eredenti,
593 5343 659 5396 dnm
674 5354 794 5413 peceato
811 5349 899 5401 donat
918 5348 1043 5415 6116611-
1069 5334 1225 5427 ³:¹2⁷?in
1246 5350 1299 5405 hoc
1318 5356 1360 5404 661
1377 5348 1721 5420 praedicatissimum,
1745 5354 1811 5423 quia
1833 5346 1906 5431 31616
1921 5362 1949 5404 11

201 5428 281 5496 fleat,
298 5433 329 5477 61
345 5443 365 5479 6
383 5430 508 5482 secanda
525 5435 612 5482 morlo
629 5429 752 5484 detineri
769 5450 825 5486 non
838 5434 930 5503 possit
949 5434 1045 5503 61666·
1069 5434 1207 5492 Hebraeis
1233 5436 1372 5508 significat
1396 5452 1452 5490 non
1477 5434 1565 5490 solum
1600 5433 1731 5491 audiendi
1761 5442 1907 5512 actionem,

208 5520 253 5567 tas
271 5513 402 5579 16666616
420 5517 521 5580 mnam,
537 5514 723 5585 praedicatio
734 5517 811 5570 anim
827 5519 920 5573 666616
938 5519 1046 5575 atrati
1070 5522 1121 5579 666
1145 5524 1230 5580 etiam
1253 5522 1452 5598 666666161κῶ6
1463 5535 1642 5588 sermonen,
1668 5525 1720 5592 661
1737 5529 1855 5583 6661166·
1873 5547 1907 5584 es
