4006 6022
707 246 772 302 -DE
789 242 1043 307 uelamen
1057 242 1247 304 Pantitae.
1762 254 1831 314 -537

137 400 212 455 eat&
230 406 324 455 nolam
344 406 371 454 et
388 400 559 471 replicatam
578 400 670 463 fuisse
687 400 873 469 metationem,
891 416 976 468 quem
997 398 1157 469 perietibus
1182 399 1290 467 lepibsss
1307 405 1471 465 uterentur,
1505 400 1651 469 qmtsnur'·
1667 399 1836 470 'spismae

134 486 236 541 cleriei
249 486 316 555 jure
337 487 433 542 damno
451 488 602 552 habebant,
630 494 742 541 sanetas
766 494 860 540 autem
874 493 974 554 patres
1002 484 1077 538 aetio
1095 504 1115 539 a
1131 485 1295 540 ramalibus
1315 488 1435 543 distaret
1450 488 1610 542 ιἰιοιιιιιόιιο
1633 493 1661 542 et
1676 488 1742 542 ideo
1759 487 1834 542 miti

131 572 277 642 paulatim
300 591 362 627 eam
391 574 532 643 eoplisare
568 581 651 643 utque
682 574 860 627 introducere
888 572 973 626 nuos.
999 577 1064 623 tans
1088 572 1151 625 Deo
1175 571 1288 625 minime
1312 590 1343 627 se
1363 574 1483 643 nepomis
1507 574 1683 631 secularibus
1706 573 1836 643 implica·

136 659 178 714 At
203 658 330 715 Christus
354 666 383 715 et
405 660 523 732 apostoli
545 661 593 729 jus
610 659 681 714 illud
701 658 826 713 divinum
843 656 972 727 nuspiam
999 662 1056 720 ret,
1086 674 1122 710 ac
1140 657 1263 711 οιοίιοίιιι
1283 677 1338 712 non
1357 660 1410 714 ille
1433 661 1516 715 rebus
1541 660 1646 715 ἀιοιιιίο
1664 660 1829 731 proruens

131 745 308 817 explicarunt
335 762 387 802 nec
417 746 545 817 patribus
571 745 644 800 hanc
678 745 789 799 laudem
818 742 974 813 praeripue-
1001 743 1156 812 rideretur,
1185 745 1235 812 ons·
1252 754 1322 799 esset
1339 747 1459 815 nepotiis
1477 747 1651 801 secularibus
1672 746 1834 815 implicatus

132 836 209 887 runt
267 831 305 885 Et
343 839 449 903 quanta
491 830 561 886 haec
605 831 690 886 fuerit
726 829 848 884 omnium
887 829 971 898 impe·
999 828 1317 886 acumadverumetc
1331 831 1729 890 disttb.Le01V.Lothario
1747 831 1834 903 impe·

131 921 258 972 retorem
291 933 325 972 ac
361 934 458 989 regum
494 923 560 971 ants
596 915 783 970 Hildcbrandi
818 914 970 969 adventum
999 914 1083 970 satori
1099 915 1225 986 scripsit.
1252 923 1284 971 ut
1301 917 1421 972 habetur
1437 918 1695 976 inc.9.dist10:
1720 918 1835 975 Dersa-

133 1003 261 1072 inscitia,
286 1003 362 1074 quod
380 1003 495 1059 clericos
509 1018 577 1058 suae
598 1001 730 1072 potestati
756 1000 896 1071 subjectos
915 999 971 1054 exi·
994 1001 1098 1068 pilulis
1109 1002 1154 1055 oei
1164 1003 1326 1073 praeceptis
1344 1004 1541 1072 imperialibus
1557 1005 1655 1058 sesne
1666 1011 1834 1056 ammonen-

133 1088 291 1157 stimarunt,
309 1105 327 1142 a
342 1104 397 1160 qua
415 1094 508 1144 nmen
528 1087 648 1142 divino
636 1102 701 1157 jure
720 1086 777 1140 sint
795 1086 911 1141 exemti!
999 1103 1052 1154 que
1090 1089 1255 1158 pontificum
1291 1091 1574 1158 praedeeessorum·
1591 1089 1835 1158 irrefrapabilitsr

53 1185 120 1225 sps·
170 1176 355 1231 tea.7.1tr
370 1183 486 1245 patrum
509 1183 535 1229 et
562 1174 756 1243 episcoporum
778 1174 971 1227 Romanorum
999 1174 1192 1228 autodiendis
1211 1183 1238 1228 et
1254 1177 1470 1244 consemusndis,
1495 1183 1631 1244 qssantum
1648 1175 1789 1230 valuimus
1807 1181 1834 1228 et

53 1232 100 1370 :set
134 1269 195 1314 ants
191 1263 314 1330 'quomm
348 1262 495 1331 suffraps'o
544 1259 697 1332 Gregorius
732 1276 796 1313 cum
831 1258 972 1313 &munus
998 1258 1122 1312 ualemus
1151 1258 1263 1314 Obristo
1282 1261 1430 1330 propitio,
1460 1278 1533 1315 nunc
1556 1268 1584 1314 et
1608 1261 1638 1313 in
1663 1277 1761 1315 mrum
1782 1276 1835 1316 noe

53 1341 122 1422 'sss
133 1347 283 1420 epiecopus
302 1353 382 1417 esset,
400 1355 494 1403 tamen
513 1347 706 1417 imperatorem
732 1346 874 1400 mminum
891 1364 972 1399 meum
998 1353 1212 1399 conservaturos
1232 1347 1324 1401 modis
1344 1347 1469 1401 omnibus
1485 1348 1660 1415 prodimur.
1691 1361 1715 1400 c.
1731 1344 1834 1401 Adria·

53 1434 121 1474 snt·
135 1433 265 1506 agnoscit
293 1433 343 1488 lib.
368 1439 394 1489 3.
421 1450 465 1504 ep
493 1439 536 1489 bl.
562 1431 735 1504 imperatoris
764 1432 910 1503 indignum
941 1449 971 1486 se
997 1435 1112 1487 amate
1128 1431 1191 1486 dist
1207 1436 1249 1487 63
1262 1433 1407 1486 Adrianus
1420 1431 1834 1513 tradiditOorolopotestatem

134 1526 351 1588 vocationum,
371 1517 531 1591 ibidemque
557 1520 743 1574 obedientium
766 1536 796 1572 se
825 1520 853 1572 ei
871 1520 972 1573 debm
998 1518 1125 1585 elipandi
1137 1519 1299 1588 pontificem
1315 1526 1342 1571 et
1361 1501 1518 1574 ordinandi
1528 1519 1713 1589 apostolicam
1732 1522 1834 1584 sedern

134 1604 256 1676 istaturp
272 1605 322 1662 lib.
338 1611 365 1661 t.
382 1621 424 1675 cp.
451 1612 499 1663 31:
525 1604 792 1660 Sacerdotibasnon
809 1613 972 1660 saturano
999 1603 1163 1672 ἀίοιιιοοιοιιι
1184 1621 1293 1675 puroque
1309 1605 1527 1676 patriarchatus
1547 1606 1576 1661 ei
1594 1606 1743 1674 contudi,
1759 1606 1835 1660 insa-

133 1695 276 1765 potsstate
307 1693 438 1746 dominsa
466 1700 562 1746 noster
597 1692 680 1746 citius
710 1693 890 1762 indipnetur,
920 1659 1050 1758 sedlpsr
1068 1691 1296 1760 metteptssopos
1322 1700 1349 1745 et
1370 1692 1516 1762 episeopus
1537 1709 1591 1762 per
1615 1693 1744 1762 stapulas
1767 1710 1836 1762 pro·

136 1778 285 1833 anselmi
307 1778 534 1832 conmderats‘one
555 1786 676 1848 propter
696 1795 770 1842 eum,
798 1778 880 1846 cujus
896 1777 972 1830 serui
997 1776 1104 1829 vineias
1123 1777 1158 1830 ab
1178 1795 1211 1831 eo
1228 1777 1421 1832 investituram
1438 1779 1567 1847 accipere
1590 1779 1725 1843 desiniat
1754 1778 1833 1835 Idem

134 1871 208 1932 sant,
226 1864 268 1917 eis
277 1864 319 1917 ita
330 1864 496 1930 dominetur,
512 1871 543 1917 ut
556 1865 642 1919 etiam
654 1865 775 1918 debitam
786 1864 969 1918 reverentiam
994 1863 1041 1932 jus
1055 1862 1113 1918 Iseo
1124 1862 1297 1919 confirmavit
1311 1863 1415 1933 Ottoni,
1427 1880 1451 1919 c.
1465 1865 1496 1920 iu
1508 1863 1615 1936 synodo
1626 1872 1679 1921 etc.
1693 1864 1756 1921 dist.
1770 1862 1832 1921 aad.

136 1951 291 2020 impendat,
309 1949 358 2005 ubi
377 1948 530 2021 Gregorius
547 1967 577 2005 se
593 1950 665 2005 inter
685 1967 733 2006 eos
751 1956 894 2019 numeret,
911 1949 970 2020 qui-
997 1948 1056 2003 Leo
1093 1949 1142 2005 1v.
1175 1950 1212 2005 ab
1243 1951 1410 2021 imperatore
1444 1951 1588 2007 leudorico
1624 1951 1694 2022 petit
1725 1951 1835 2022 judiees

135 2035 189 2091 bus
205 2035 304 2092 merit
321 2035 513 2107 imperatorem
526 2035 675 2100 dominaris
695 2036 744 2093 lib.
765 2043 789 2092 2.
809 2053 852 2106 ep.
870 2041 912 2091 65.
931 2035 971 2089 la·
997 2040 1025 2089 st
1044 2051 1137 2090 sorum
1156 2037 1310 2092 sententiae
1329 2054 1359 2093 se
1377 2038 1531 2109 pariturum
1557 2038 1694 2110 promittit
1712 2056 1735 2093 c.
1772 2038 1833 2096 Nes

133 2128 224 2189 tetur,
242 2122 373 2193 principi
387 2125 485 2177 άοέιιηι
497 2131 665 2192 patenulam
688 2140 744 2175 non
762 2129 867 2175 tantum
885 2137 969 2190 saper
997 2120 1173 2180 sistemus.
1189 2129 1252 2194 lq.
1267 2130 1296 2179 l:
1317 2116 1378 2178 Nos
1389 2126 1416 2177 si
1427 2126 1642 2196 imornpumter
1654 2118 1834 2195 utmutdepi·

135 2210 256 2276 milites,
290 2209 343 2263 sed
377 2216 404 2262 et
433 2212 602 2264 secerdotes.
648 2208 760 2278 Excipit
786 2206 970 2262 Bellarminus
999 2225 1059 2261 mus
1082 2217 1109 2262 et
1131 2211 1250 2263 subdetis
1266 2212 1368 2279 justae
1390 2211 1462 2278 ispe
1487 2212 1626 2267 namium
1646 2228 1704 2266 non
1722 2226 1833 2266 consen

134 2292 198 2350 libr.
216 2285 244 2350 2.
262 2293 298 2350 de
313 2293 394 2349 Rom
414 2300 490 2364 pont.
509 2310 570 2366 cap.
595 2300 637 2350 28.
677 2294 847 2363 Greporium
861 2292 972 2361 partim
998 2295 1137 2358 cauimus,
1161 2304 1253 2350 oestro
1275 2314 1309 2350 ae
1329 2296 1474 2351 messorssm
1491 2305 1646 2352 amborum
1669 2306 1768 2352 οιιιιοοιι
1786 2314 1831 2353 eo

135 2397 170 2434 ea
184 2380 359 2449 bumilitate,
381 2383 490 2451 partim
511 2398 545 2434 en
567 2381 730 2434 aeruminis
755 2397 785 2434 se
804 2380 973 2450 imperatori
1000 2381 1090 2435 luanus
1115 2384 1264 2436 emendare
1274 2384 1391 2452 judicio
1408 2389 1461 2440 etc.
1497 2382 1605 2439 Similia
1620 2389 1729 2440 autaut
1756 2373 1856 2439 aom·'

53 2466 302 2536 '.ttt.sebjeeiese,
329 2466 398 2536 mata
420 2483 451 2521 eo
479 2475 602 2536 tempore
633 2467 789 2536 imperator
817 2466 973 2519 dominium
997 2469 1087 2538 plura.
1123 2467 1233 2540 Excipit
1259 2468 1444 2524 Bellarmiuua
1471 2469 1518 2524 tib.
1539 2475 1564 2525 2.
1591 2470 1626 2524 de
1648 2468 1728 2525 Rom.
1753 2475 1830 2541 pont.

134 2553 293 2624 temporale
311 2552 342 2606 in
360 2553 455 2608 sabens
475 2555 632 2609 &monam
652 2554 799 2622 obtinebat,
817 2561 843 2606 et
866 2551 972 2620 Grepo-
997 2570 1021 2610 c.
1042 2560 1083 2609 20.
1101 2570 1173 2624 resp.
1187 2554 1224 2608 ad
1241 2560 1266 2611 b.
1285 2556 1405 2609 Manem
1416 2556 1567 2624 subiecisse
1580 2556 1730 2625 sejudicio
1749 2557 1833 2628 impe

133 2640 198 2694 reite
215 2640 280 2708 ejus
296 2656 349 2710 ope
365 2657 400 2694 ae
417 2641 546 2694 emmila
570 2640 742 2694 veliementer
760 2640 916 2708 indipebat,
939 2648 970 2694 ut
998 2640 1106 2693 ratoris
1124 2641 1284 2704 discretivo,
1304 2658 1360 2695 non
1381 2643 1516 2696 noadiae.
1554 2640 1608 2698 Sed
1626 2640 1711 2697 rerba
1730 2640 1831 2696 munis

134 2733 194 2780 tam
210 2727 282 2796 ι’ριο,
299 2742 385 2797 mam
401 2727 475 2782 bona
491 2728 661 2797 temporalia
678 2727 811 2782 eeclesiae
832 2734 859 2780 et
879 2744 970 2796 popu·
998 2726 1090 2795 ganda
1109 2732 1175 2781 sunt
1191 2741 1255 2781 cum
1273 2725 1389 2794 effectu,
1414 2743 1547 2797 quorsum
1572 2726 1646 2782 enim
1670 2727 1777 2800 legatos
1795 2727 1832 2784 ab

135 2812 181 2866 lus
200 2813 348 2867 Romanus
371 2831 391 2867 a
413 2814 669 2883 Langobardorum
695 2814 804 2881 pladiis
824 2814 971 2877 abiurare
998 2811 1164 2882 imperatore
1188 2817 1310 2882 peteret,
1338 2813 1362 2867 si
1385 2812 1571 2883 cognitionem
1595 2812 1748 2883 duntaxat,
1775 2830 1833 2870 non

135 2899 348 2964 defenderetis.
386 2897 613 2970 Respondemus:
639 2899 782 2954 humilitas
803 2898 852 2953 illa
873 2897 973 2953 suaset
999 2902 1092 2952 autem
1116 2896 1304 2953 definitionem
1334 2902 1363 2952 et
1393 2897 1596 2952 exsecutionem
1622 2898 1663 2952 illi
1680 2898 1834 2955 tribueret?

135 2980 313 3054 hypocritiae
329 2990 359 3040 et
376 2984 546 3047 adulatoria,
565 2984 619 3038 nisi
638 2983 790 3055 Gregorius
808 3000 872 3039 rere
891 2989 971 3039 etex
998 2983 1091 3052 Adde,
1110 2984 1185 3056 quod
1203 2985 1289 3039 verba
1306 2983 1368 3055 ipsa
1387 2983 1489 3039 Leonis
1507 2983 1674 3039 contrarium
1688 2985 1835 3042 mamfeste

136 3067 229 3124 mimo
247 3069 400 3138 mmissu,
419 3086 449 3126 ιο
465 3068 625 3140 imperatori
643 3085 704 3125 esse
721 3069 751 3123 in
772 3069 972 3140 temporalibus
998 3074 1143 3125 testentur.
1182 3070 1291 3138 Omnia,
1311 3069 1416 3142 iuquit,
1435 3070 1546 3138 repotia
1565 3070 1609 3124 ita
1626 3086 1722 3126 eorum
1741 3072 1833 3141 lepiti

137 3152 305 3225 subjectum,
332 3153 447 3225 perinde
464 3161 496 3209 ut
513 3155 596 3209 bodie
615 3154 760 3226 pontifices
781 3172 811 3210 se
829 3155 973 3226 appellant
999 3173 1044 3208 mo
1075 3156 1257 3210 terminentur
1290 3157 1432 3223 stamine,
1468 3164 1604 3226 quatenus
1632 3156 1663 3210 in
1689 3164 1835 3226 posterum

136 3257 233 3296 mos
250 3257 402 3310 ιοιοοιιιιιι,
421 3245 506 3311 atque
526 3240 635 3295 interim
656 3240 781 3295 dominos
800 3241 971 3296 dominorum
998 3243 1071 3296 nibil
1086 3243 1137 3311 sit,
1162 3244 1239 3312 quod
1261 3243 1297 3295 ab
1316 3244 1357 3297 eis
1374 3243 1563 3297 mdssmmsum
1586 3243 1631 3297 ael
1650 3243 1835 3314 indiffinitum

136 3343 166 3383 ιο
183 3342 246 3383 οιιο
259 3326 422 3399 gloriamur.
456 3325 547 3391 Quam
564 3326 799 3382 subabsurdum
820 3333 875 3395 est,
894 3326 969 3396 quod
998 3336 1149 3391 remaneat,
1168 3326 1217 3383 ubi
1236 3328 1436 3384 discussionem
1455 3334 1483 3383 et
1507 3327 1695 3384 definitorem
1719 3330 1833 3399 conjun·

134 3411 322 3469 Bellarmiuas
341 3410 480 3484 Gregorio
496 3412 604 3482 tribuit,
622 3413 713 3483 ipsum
727 3413 790 3468 ideo
806 3419 863 3467 tam
881 3410 971 3467 humi·
999 3413 1046 3485 git.
1082 3414 1130 3468 Ad
1148 3413 1284 3468 Hadriani
1311 3420 1339 3470 et
1358 3414 1460 3471 Leonis
1482 3415 1694 3471 constitutiones
1717 3431 1831 3487 respon-

134 3498 201 3555 liter
224 3499 261 3555 ad
284 3498 479 3570 imperatorem
504 3499 663 3571 scripsisse,
696 3500 761 3571 quia
787 3502 849 3571 ejus
877 3514 929 3569 ope
947 3507 973 3552 et
1000 3500 1061 3568 det,
1095 3517 1141 3556 eos
1160 3508 1267 3554 tannem
1285 3501 1525 3564 confimationem
1547 3501 1592 3555 rel
1614 3502 1835 3571 infirmationem

135 3586 266 3640 amicitia
280 3585 443 3654 indicebat!
460 3585 572 3658 Ergone
592 3585 744 3659 Gregorius
756 3586 810 3643 fuit
829 3604 862 3643 er
877 3602 971 3643 eorum
999 3586 1140 3640 electionis
1158 3586 1325 3655 imperatori
1343 3587 1523 3655 emersisse,
1546 3604 1582 3641 ae
1603 3587 1759 3659 privilepia
1777 3587 1833 3642 illa

135 3686 263 3742 numero,
279 3670 434 3744 dequibus
451 3671 540 3727 Poeta
559 3672 646 3726 canit:
994 3679 1115 3742 propter
1131 3672 1248 3726 istorum
1262 3679 1416 3742 temporum
1431 3673 1583 3727 schismata
1602 3680 1628 3726 et
1644 3673 1737 3726 bostes
1759 3674 1834 3728 Lon·

266 3757 373 3829 Vulpus
390 3759 534 3813 amicitia
555 3758 678 3812 utilitate
691 3759 817 3828 proban
999 3759 1141 3826 poteram
1165 3776 1199 3812 ac
1226 3758 1351 3812 Graecum
1384 3759 1600 3828 imperatoribus
1621 3760 1706 3829 data,
1739 3761 1832 3824 ΐιιίοιο

136 3858 243 3916 ergone
271 3843 393 3899 aulicum
424 3843 597 3899 adulatorem
631 3843 778 3913 episcopus
816 3843 872 3898 ille·
894 3844 972 3915 egit?
995 3853 1095 3915 postea
1113 3851 1251 3899 reuocata.
1287 3844 1511 3917 Respondemus:
1528 3845 1553 3898 si
1567 3845 1632 3914 jure
1651 3844 1745 3899 <brim
1764 3862 1832 3916 porr·

136 3928 239 4001 Neque
263 3930 418 4002 quidquam
440 3929 548 3998 obstat,
574 3930 650 4000 quod
677 3928 864 3985 Bellarminua
882 3936 972 4002 urget.
999 3929 1066 3984 tifex
1086 3934 1209 3984 exemtus
1227 3934 1270 3984 est
1284 3929 1320 3984 ab
1333 3929 1407 3985 omni
1426 3935 1563 4000 potestate
1580 3928 1670 3984 civilis
1687 3929 1833 4003 magistre-

140 4012 313 4084 Greporium
337 4017 458 4071 wluisse
479 4016 665 4070 reuerentiam
691 4017 727 4070 ab
757 4017 973 4085 imperatoribus
998 4019 1053 4079 tas,
1072 4031 1123 4070 nec
1140 4014 1310 4085 Hadrianus,
1328 4031 1380 4070 nec
1392 4014 1451 4070 Leo
1465 4014 1678 4086 imperatoribus
1697 4016 1767 4070 illud
1782 4016 1830 4086 jus

136 4101 264 4156 eabibmi
278 4102 481 4171 mcerdotibus,
495 4105 572 4172 quod
584 4110 626 4154 est
643 4102 800 4169 inferioris,
819 4119 874 4156 non
893 4120 972 4173 supe·
999 4100 1152 4156 concedere
1171 4101 1340 4157 debuissent.
1379 4099 1493 4155 Falsum
1510 4108 1604 4156 autem
1621 4107 1677 4172 est,
1703 4101 1778 4172 quod
1795 4102 1831 4157 de
1846 4100 1902 4148 HV·-
1913 4097 1960 4143 Μ

135 4187 236 4242 rioris.
269 4186 350 4243 Haec
373 4187 445 4244 enim
475 4188 531 4243 duo
554 4203 731 4259 nequaquam
758 4187 876 4242 invicem
901 4206 971 4260 pug-
1000 4186 1207 4241 confirmatione
1226 4186 1362 4242 duntaxat
1386 4186 1529 4243 electionis
1548 4185 1730 4242 Bellarminus
1746 4186 1832 4252 addit,

136 4277 216 4336 nant,
234 4271 394 4344 imperatori
410 4289 429 4328 a
449 4272 640 4328 sacerdotibus
659 4271 755 4327 deberi
784 4271 972 4328 obedientiam
999 4270 1085 4327 verbe
1107 4271 1179 4326 enirn
1206 4270 1322 4341 capituli
1350 4269 1530 4326 eishabent:
1567 4273 1737 4325 Hadrianus
1749 4271 1834 4341 papa

136 4364 169 4413 et
184 4356 378 4413 acerdotibus
398 4356 582 4413 exhibendam
609 4374 669 4412 esse
693 4358 730 4412 ab
750 4358 915 4428 imperatore
931 4375 973 4415 re·
1000 4376 1062 4412 cum
1079 4359 1211 4410 senisersa
1222 4360 1330 4425 synodo
1347 4358 1529 4411 tradiderant
1548 4344 1652 4411 amoto
1668 4365 1834 4426 potestatem

136 4442 407 4513 mendam,·illud
425 4443 499 4500 enim
523 4450 652 4514 respectu
679 4444 888 4514 temporalium,
918 4445 971 4500 hoc
1000 4443 1125 4511 stipendi
1136 4444 1297 4512 pontificem
1316 4451 1342 4496 et
1356 4444 1513 4496 ordinandi
1529 4443 1714 4511 apostolicam
1729 4445 1833 4500 sedem.

134 4544 205 4585 vero
219 4534 350 4602 respectu
367 4528 552 4600 spiritualium
569 4545 661 4584 rerum
687 4530 888 4599 accipiendum.
926 4529 972 4585 Sic
998 4529 1091 4583 Idem:
1114 4529 1178 4596 Epo
1192 4530 1250 4582 Leo
1263 4529 1409 4597 episcopus
1428 4547 1490 4583 eum
1507 4535 1564 4581 toto
1585 4529 1661 4582 clero
1676 4546 1712 4582 ac
1726 4529 1834 4601 populo

136 4612 270 4672 Galatiae
306 4614 337 4669 in
373 4614 455 4685 epist.
493 4614 530 4668 ad
565 4613 745 4669 Anastasium
781 4615 973 4685 imperatorem
1001 4617 1128 4668 Romano
1152 4615 1344 4668 constituimus
1372 4623 1400 4667 et
1424 4616 1620 4684 confirmamus
1642 4623 1668 4668 et
1694 4615 1834 4684 lorpimur

134 4706 221 4757 vocat
246 4701 338 4767 filiam
363 4706 392 4756 et
414 4699 589 4772 proesulibus
614 4717 706 4756 rerum
731 4701 887 4755 divinarum
906 4700 971 4754 sub·
1000 4701 1096 4754 Ottoni
1112 4699 1227 4769 eiusque
1248 4700 1453 4754 accessoribus
1477 4701 1561 4769 hujus
1579 4700 1661 4768 repni
1676 4701 1784 4755 Italiae
1802 4702 1834 4756 in

134 4785 244 4857 dinus,
268 4785 387 4843 eundem
404 4791 499 4842 tamen
515 4785 620 4840 ibidem
649 4785 717 4841 dicit
735 4786 834 4854 penem
849 4787 972 4841 bumana
995 4793 1164 4858 perpetuum
1186 4787 1361 4852 fumdlatem
1392 4786 1516 4854 stipendi
1537 4802 1724 4840 successorem
1750 4795 1834 4858 etque

130 4872 315 4943 praesidere.
999 4887 1123 4924 summae
1141 4871 1217 4924 sedis
1234 4871 1408 4941 apostolicae
1425 4872 1585 4941 pontificem
1603 4873 1763 4926 ordinandi
1779 4879 1832 4929 etc.

170 4962 233 5016 tto.
267 4956 383 5014 Praeter
404 4956 572 5029 Gregorium
596 4958 679 5012 etiem
703 4955 751 5010 alii
777 4973 810 5011 ex
839 4956 971 5011 Romanis
1000 4957 1035 5010 de
1071 4956 1246 5013 revocatione
1283 4956 1391 5011 illorum
1425 4956 1634 5028 privilegiorum
1662 4974 1831 5028 usurpamrm

133 5043 445 5117 episeoplsimperatori
463 5059 524 5099 sess
541 5042 681 5112 subJectoe
701 5042 768 5097 tussi
785 5042 870 5097 fuere.
890 5043 973 5098 Nico·
999 5042 1070 5096 illud
1087 5041 1258 5109 Bellarmiui,
1276 5041 1345 5097 haec
1365 5041 1506 5111 quideme
1524 5041 1702 5112 pontificibus
1722 5059 1833 5099 succes·

132 5126 237 5187 lsml.
250 5129 376 5201 pontifex
387 5128 529 5184 Romnae
542 5128 578 5184 ad
599 5129 790 5198 imperatorem
809 5128 972 5184 Michaelem
1000 5127 1108 5183 scribas
1126 5125 1211 5181 fuisse
1228 5128 1318 5196 facta,
1342 5127 1416 5198 quod
1434 5127 1625 5198 imperatorem
1641 5127 1679 5183 ab
1698 5128 1833 5185 electione

131 5215 246 5284 ecribit,
265 5216 359 5270 Deam
376 5214 504 5269 ἀιόιοίιιο
518 5215 698 5281 Pontificiam
722 5216 919 5269 audomtatem
937 5217 973 5270 ob
999 5212 1392 5286 planeerclusumrolueriut,
1412 5215 1464 5266 sed
1475 5231 1530 5282 qao
1537 5214 1607 5282 jure
1625 5214 1683 5283 ipsi
1702 5215 1833 5269 uiderint

129 5300 287 5372 inaperialt‘
309 5306 465 5369 pubertate,
496 5307 529 5354 at
552 5307 578 5354 et
601 5298 760 5354 censeant·
789 5301 972 5370 imperatores
1035 5306 1095 5355 451.
1148 5304 1170 5353 8.
1206 5299 1253 5352 Ea
1288 5300 1414 5368 ipsorum
1448 5301 1677 5358 adversariarum
1714 5301 1833 5357 calculo.
1846 5293 1961 5337 ΗΜ·

124 5404 191 5460 pro
207 5393 328 5445 werna
344 5386 404 5441 sita
416 5385 598 5456 pontificibus
616 5386 791 5454 indipersm,
820 5394 846 5440 et
859 5388 972 5456 pontifi·
1002 5381 1195 5458 Gratianus}
1221 5384 1292 5440 Item
1311 5401 1375 5439 cum
1391 5384 1508 5440 Balaam
1524 5401 1602 5443 caus.
1622 5390 1647 5442 2.
1672 5393 1832 5458 quaesti:
1824 5349 1960 5438 NJdddf‘s'ii

126 5488 254 5545 erepto
271 5488 357 5528 οιιιιιι
375 5472 572 5545 sewardum
594 5474 785 5527 tantummodo
807 5488 901 5527 remum
919 5471 969 5526 im-
1001 5474 1086 5527 Duae
1108 5478 1173 5526 sunt
1193 5487 1347 5541 personae,
1368 5472 1467 5541 quibus
1490 5473 1609 5527 munau
1635 5472 1688 5526 ists
1714 5472 1832 5543 sepitur,
1845 5449 1906 5489 ⁶¹¹⁰·
