4020 6014
608 227 661 284 Du
678 224 902 286 hssNISTERIO
921 224 1224 287 uccmsmsrrco.
1722 242 1758 301 13

64 399 125 436 cere
155 391 323 456 cooperunt,
347 389 467 452 propter
492 384 632 453 quaedom
651 400 707 454 per
730 401 777 438 eor
800 381 1077 485 frauratsubjicitur,
1090 385 1329 486 quodpraeirerit
1340 387 1445 453 faciem
1454 387 1761 458 Dominipraeparane

63 471 121 524 eive
140 487 251 540 quoquo
271 471 354 524 modo
372 470 545 538 sipniticata,
570 471 627 525 stite
639 472 807 540 praedicta,
800 440 1006 575 ,φιαιροίοοι
1023 482 1086 527 ante
1109 473 1218 545 ipram,
1252 473 1281 529 id
1311 480 1353 530 est
1390 475 1543 547 prophetae
1571 474 1606 532 V.
1629 473 1664 529 Τ.
1690 475 1759 530 vati·

59 558 236 625 pertinerent
253 559 295 612 aci
312 557 452 611 civitatem
476 558 535 613 Dei
558 575 728 628 repnumqae
751 555 1008 627 coelomm„cinati
1031 566 1096 614 sunt
1119 560 1154 615 de
1177 560 1281 617 Massia
1306 568 1370 632 post
1394 562 1500 635 aliquot
1531 561 1627 618 scema
1650 561 1760 617 demum

62 663 120 698 non
142 644 279 698 immerito
297 662 446 715 postumae
465 645 615 714 appellare
629 646 796 717 prophetae,
811 662 898 715 prae·
911 630 1055 714 venturo,
1074 645 1145 701 sicut
1165 644 1306 702 Bileamns
1325 646 1407 705 Num
1428 655 1478 717 24,
1496 667 1521 706 v.
1544 655 1583 704 17.
1601 646 1683 703 dicit:
1716 646 1760 701 Vi-

63 732 161 784 eertim
178 732 248 801 quia
271 731 421 785 nonnullos
443 748 538 786 cotum
562 730 596 785 id
611 734 767 804 capressina
781 733 898 801 lepimar
925 732 995 785 ciebo
1015 749 1090 796 eam,
1107 735 1159 787 aed
1177 752 1232 787 non
1251 736 1350 805 monim·
1370 736 1496 790 intuebor
1522 736 1618 804 mum,
1635 737 1688 788 sed
1704 751 1760 787 noa

63 819 332 891 mesepotamiam
343 818 495 882 Abraham,
508 818 580 872 sicet
593 820 722 888 Moysen,
736 827 828 873 tamen
838 820 899 874 dies
922 834 1020 888 prope,
1046 835 1079 872 ac
1106 818 1256 875 Malachiae
1282 821 1396 877 ultimus
1425 822 1460 878 V.
1485 822 1518 878 T.
1545 819 1682 893 propheta
1710 826 1760 877 466

60 905 266 974 prophetaram
279 904 435 974 praecipue
454 905 625 975 marthaeque
638 905 670 958 hi
686 905 759 959 dicti
775 913 848 975 sunt,
866 922 898 958 ea
923 905 1002 958 annis
1025 904 1251 961 antechristum
1285 914 1380 963 natum
1410 908 1601 980 prophetavit,
1637 907 1687 962 sed
1711 906 1759 961 Jo-

63 1009 119 1060 qao
137 991 229 1064 coepit
241 992 416 1061 prophetare
434 990 559 1046 Samuel.
591 990 693 1046 Rabirii
711 991 897 1047 cremarit
924 990 1029 1047 hanaes
1049 991 1189 1048 Christum
1205 998 1376 1065 praesentem
1390 993 1478 1065 digito
1490 995 1661 1064 monstravit,
1681 993 1760 1048 mini-

62 1075 214 1147 prophetas
233 1082 262 1132 et
279 1075 466 1148 prophetissas
484 1075 571 1132 fuisse
588 1076 733 1150 colligunt.
768 1077 815 1131 Ad
826 1077 898 1132 hanc
925 1077 1039 1133 sterium
1062 1076 1098 1135 N.
1127 1077 1161 1135 T.
1190 1079 1343 1148 inchoavit,
1375 1096 1477 1135 novum
1508 1081 1641 1152 baptismi
1671 1096 1760 1135 sacra·

63 1163 185 1219 classem·
204 1163 408 1236 quodammodo
427 1163 522 1219 referri
539 1171 657 1235 possunt
680 1164 831 1236 prophetae
849 1163 899 1228 illi,
924 1170 1046 1219 mentum
1071 1164 1165 1219 dimna
1190 1166 1354 1221 auctoritate
1371 1165 1504 1236 instituit,
1533 1166 1562 1220 id
1590 1166 1664 1238 quod
1692 1164 1760 1220 nulli

64 1250 112 1322 qui
132 1249 161 1304 in
178 1249 315 1322 principio
333 1249 369 1307 11.
387 1249 420 1304 T.
444 1251 516 1305 dono
541 1250 720 1322 praedicendi
745 1250 840 1305 futuru
858 1249 898 1304 in·
924 1250 1121 1321 prophetarum
1159 1250 1193 1307 V.
1233 1251 1267 1307 T.
1303 1251 1427 1323 contigit.
1479 1251 1611 1309 irenaeus
1647 1252 1696 1307 lib.
1735 1258 1760 1308 3.

63 1337 162 1392 structi
179 1335 310 1401 sumunt,
328 1336 418 1409 qualis
435 1336 499 1392 funt
516 1338 646 1409 Agabus,
666 1339 729 1393 Act.
750 1340 790 1405 11,
808 1355 833 1391 v.
852 1343 898 1393 27:
925 1354 948 1391 c.
972 1342 1015 1407 11,
1046 1356 1073 1409 p.
1100 1341 1162 1394 tet:
1188 1339 1305 1408 Reliqui
1328 1357 1419 1393 omnes
1434 1341 1592 1411 prophetae
1611 1339 1761 1393 annuntio-

63 1427 99 1478 In
117 1425 162 1478 his
187 1424 285 1478 (11111111
309 1432 525 1494 superuenerunt
545 1425 580 1477 oh
606 1425 810 1493 Hierosolymis
829 1441 898 1493 pro·
925 1426 1183 1478 oeruntadcentam
1191 1425 1309 1496 paterni
1322 1425 1443 1491 luminis,
1456 1426 1760 1498 conmtpierantautem

59 1511 163 1580 phetae
187 1510 381 1578 Antiochiam,
408 1528 434 1562 v.
463 1516 503 1565 29.
527 1519 554 1565 et
578 1529 787 1580 carpentanus
808 1511 898 1563 ereis
925 1511 1006 1581 dipne'
1022 1527 1078 1564 aare
1099 1511 1195 1564 uidere
1214 1529 1288 1581 eum,
1309 1529 1389 1581 quem
1402 1513 1625 1582 praedicabam
1650 1511 1758 1566 Johan·

62 1599 174 1652 nominc
203 1597 321 1666 Apahur
350 1596 527 1666 significabat
548 1614 603 1668 per
634 1599 772 1668 Spiritum
793 1598 899 1663 famem
925 1605 1077 1651 necantem
1089 1605 1115 1651 et
1130 1597 1342 1667 praertsmtiovit
1359 1598 1573 1653 eimslitcrsicat
1592 1598 1647 1652 alii
1663 1606 1688 1651 ct
1708 1599 1759 1651 ad·

61 1702 195 1754 mapnam
221 1686 350 1748 saturam
379 1685 409 1736 in
435 1685 564 1738 aniverso
592 1685 665 1743 orbe.
703 1691 727 1743 3.
752 1684 825 1754 Illis,
852 1683 900 1756 qui
924 1693 1032 1738 ventum
1062 1685 1134 1739 uidit
1163 1693 1189 1738 et
1217 1686 1417 1739 demonstrarit
1443 1694 1469 1739 et
1499 1686 1612 1739 credere
1639 1684 1670 1737 in
1700 1700 1760 1737 eum

63 1772 172 1843 absque
191 1770 264 1826 dono
281 1769 477 1842 praedictionis
494 1770 651 1826 futurorum
676 1772 788 1827 divinae
804 1772 898 1827 volun·
927 1771 1017 1824 suasit
1030 1771 1132 1841 multis,
1153 1771 1194 1824 ita
1207 1779 1237 1825 ut
1249 1772 1310 1841 spec
1328 1780 1354 1825 et
1368 1771 1524 1842 prophetae
1536 1779 1563 1825 et
1580 1770 1703 1842 apostoli
1720 1770 1759 1825 lo-

63 1857 130 1914 tatis
141 1863 207 1913 sunt
218 1855 508 1929 interpretesacverbi
519 1857 605 1912 divini
617 1874 775 1928 praecones,
786 1859 842 1914 Jer.
857 1863 900 1921 26,
927 1876 988 1910 cam
1007 1857 1140 1912 hahuerit.
1178 1863 1204 1912 2.
1226 1856 1287 1918 Quo
1299 1874 1380 1911 sensu
1394 1859 1468 1912 idem
1487 1858 1623 1929 Baptista
1635 1874 1665 1910 ee
1683 1863 1760 1925 nepet

64 1963 90 1999 v.
113 1952 152 2001 ll.
181 1962 205 2000 c.
225 1951 272 2013 29,
290 1962 317 2004 v.
332 1951 353 2000 1.
383 1943 480 2002 Matth.
503 1949 546 2013 111,
569 1961 595 1999 v,
615 1950 656 2000 41,
688 1960 712 2000 c.
740 1950 788 2010 23,
813 1963 838 2000 v.
858 1951 899 2001 34.
927 1961 986 1998 esse
1006 1944 1173 2014 prophetam
1199 1943 1263 2000 Joh.
1296 1950 1323 2014 1,
1349 1963 1374 1999 v.
1403 1950 1443 2000 21.
1468 1964 1530 1999 cumn
1551 1944 1719 1999 nouaclum
1741 1962 1760 1997 a

66 2039 89 2088 1.
107 2030 169 2086 Cor.
189 2037 234 2101 14,
257 2049 282 2089 v.
299 2037 339 2087 29.
360 2035 412 2086 etc.
432 2029 568 2103 (quamvis
586 2029 699 2100 quidam
717 2029 814 2085 malint
831 2033 900 2086 haec
927 2030 1072 2083 Zacharia
1095 2037 1226 2100 parente,
1251 2028 1320 2086 Luc.
1341 2036 1370 2100 1,
1394 2049 1420 2086 r.
1436 2036 1476 2086 16.
1496 2032 1548 2084 secl
1566 2031 1648 2084 etiam
1667 2047 1686 2082 a
1705 2037 1760 2083 toto

66 2117 141 2173 dieta
166 2116 270 2173 referre
294 2117 330 2172 ad
355 2115 567 2188 praecedentem
587 2117 724 2183 classem).
762 2117 850 2188 Atqui
872 2116 899 2170 hi
922 2117 1032 2187 populo
1048 2116 1209 2170 Israilits'co
1222 2117 1362 2186 propheta
1385 2117 1477 2183 fucrit
1501 2117 1611 2171 hattus
1646 2133 1681 2169 ac
1693 2135 1762 2188 pro·

66 2204 197 2259 dicuutur
214 2204 381 2275 prophetae,
411 2208 470 2257 tum
490 2202 556 2274 quis
572 2200 727 2273 funguntur
745 2202 836 2258 officio
854 2203 900 2258 illo
923 2204 1025 2274 phetae
1038 2203 1228 2275 appellatione
1240 2203 1400 2268 honoratim,
1418 2202 1516 2259 Matth.
1538 2209 1582 2268 14,
1595 2221 1620 2258 v.
1634 2208 1659 2258 5.
1683 2220 1707 2260 c.
1720 2209 1761 2268 21,

65 2307 144 2345 sacro
164 2294 193 2344 et
211 2288 407 2354 ecclesiastico,
427 2304 481 2359 quo
493 2286 632 2359 perfuncti
651 2286 728 2343 fuere
748 2289 900 2360 prophetae
926 2309 951 2344 v.
959 2296 1000 2346 46.
1011 2289 1096 2346 Marc.
1109 2293 1135 2346 11
1141 2308 1181 2355 ,v.
1190 2296 1231 2347 32.
1241 2287 1594 2360 Respondemm:Quidam
1602 2287 1762 2360 Hierosoly·

66 2379 94 2432 ia
110 2375 145 2432 V.
166 2376 200 2431 T.
220 2381 280 2431 tum
302 2376 367 2447 quia
384 2376 488 2446 scripta
512 2374 708 2446 prophetarum
728 2381 856 2430 enamant
874 2380 902 2430 et
927 2375 1453 2450 mitanorumlegatornmqnaestioaem
1464 2374 1607 2446 accipiunt
1616 2374 1651 2430 de
1659 2373 1761 2446 insigni

23 2483 55 2525 sa,
66 2463 221 2535 explicant,
252 2467 312 2517 tum
334 2462 454 2533 denique
482 2460 548 2533 quia
573 2460 606 2516 de
630 2460 723 2517 futuro
742 2462 787 2518 die
800 2460 901 2532 judicii
927 2463 974 2518 illo
998 2463 1134 2537 propheta
1156 2464 1240 2520 Dent.
1265 2470 1310 2534 18,
1338 2482 1363 2520 v.
1388 2469 1427 2520 18.
1450 2461 1599 2534 promisso,
1628 2461 1679 2515 sed
1697 2461 1762 2532 quia

68 2556 94 2606 et
120 2548 251 2622 praemiis
278 2546 412 2604 bonorum
440 2564 472 2602 sc
502 2547 599 2619 poenis
624 2548 758 2603 malorum
781 2548 900 2604 aeternis
921 2552 982 2621 jam
1006 2559 1071 2607 aute
1090 2553 1267 2623 quaesierant
1291 2570 1308 2606 a
1330 2550 1475 2622 iohanne,
1504 2569 1540 2603 an
1568 2551 1606 2603 eit
1626 2548 1761 2617 Chrhtus,

68 2635 233 2692 annuntiant
251 2651 298 2703 ea,
317 2652 388 2706 quae
407 2635 437 2689 in
456 2633 605 2704 Scripturis
624 2639 734 2690 exstant
749 2635 899 2706 praedicta.
925 2637 1011 2694 otiose
1039 2638 1156 2708 repetita
1174 2638 1272 2694 fuisset
1291 2638 1430 2710 quaestio,
1459 2654 1496 2692 au
1520 2637 1557 2692 sit
1574 2652 1692 2708 magnus
1713 2635 1759 2690 ille

68 2721 220 2795 Gregorius
247 2727 319 2792 part.
348 2727 371 2776 1.
401 2719 548 2790 pastoralis
575 2737 599 2775 c.
627 2726 656 2775 4:
686 2720 845 2791 Prophetae
870 2723 900 2775 in
924 2723 1067 2796 propheta,
1084 2742 1147 2779 cum
1164 2743 1219 2780 aon
1239 2725 1292 2780 nisi
1311 2726 1345 2780 de
1363 2723 1467 2781 Messio
1485 2722 1540 2778 dici
1557 2724 1658 2794 possit,
1685 2720 1761 2793 quod

67 2898 128 2949 dam
145 2894 271 2964 mitium
289 2910 347 2947 esse
360 2893 522 2964 praesentia
543 2893 684 2962 indicant,
710 2911 780 2964 quac
792 2896 900 2963 statuero
926 2896 1015 2952 dicere
1034 2896 1165 2961 velimus,
1189 2898 1296 2969 legatos
1322 2914 1355 2952 ac
1382 2896 1542 2968 synedrium
1560 2893 1760 2967 Hierosolymi-

67 2992 126 3037 rant
155 2982 348 3052 manifestant.
385 2980 544 3035 Photiniani
576 2979 647 3036 hanc
671 2980 901 3052 significationem
929 2989 1024 3038 mnam
1038 3001 1055 3038 a
1068 3000 1132 3038 vero
1145 2984 1229 3053 hujus
1242 2982 1404 3054 prophetiae
1416 3000 1498 3038 sensu
1509 2982 1593 3053 plane
1610 2981 1763 3051 aberrasse,

68 3070 138 3124 vocis
155 3067 310 3140 prophetae
326 3073 453 3139 proterve
471 3071 590 3138 negant,
612 3066 653 3122 sic
676 3066 749 3121 enim
774 3065 900 3122 Andreas
927 3070 1002 3143 quod
1028 3069 1075 3141 qui
1095 3075 1236 3139 stuporem
1263 3076 1292 3124 et
1314 3070 1476 3126 coecitatem
1501 3084 1596 3123 eorum
1622 3066 1761 3138 expendit,

67 3153 219 3211 deeccius
237 3153 266 3207 in
284 3153 355 3209 notis
375 3153 411 3209 ad
430 3152 529 3208 librum
548 3152 698 3225 Smiglecii,
719 3170 801 3225 quem
820 3162 902 3210 vocat
926 3154 1009 3211 facile
1037 3155 1138 3212 credet.
1178 3153 1297 3220 Quidam
1315 3155 1498 3227 respondent,
1521 3153 1677 3211 iohannem
1701 3171 1763 3225 pro·
1850 3200 1863 3219 ,

67 3240 260 3298 mfutationam
284 3239 471 3296 dissolutionis
495 3239 560 3294 nodi
585 3240 628 3294 sui
658 3239 756 3295 Gordii
781 3258 846 3312 pag.
869 3248 899 3298 7:
927 3248 1022 3312 pterea
1033 3259 1062 3295 se
1076 3241 1242 3313 prophetam
1255 3257 1380 3312 negasse,
1398 3242 1463 3313 quia
1474 3241 1562 3311 major
1574 3256 1607 3296 ac
1622 3246 1763 3312 praestan·

68 3328 170 3383 Faieue
185 3324 403 3401 prophetaret,
427 3345 483 3380 non
502 3328 551 3396 qui
565 3327 647 3391 salsa
665 3329 759 3396 docet,
784 3329 903 3398 1οάροί
928 3327 980 3382 tior
1000 3326 1142 3398 prophetis
1161 3344 1178 3382 a
1197 3325 1307 3381 Christo
1328 3326 1412 3381 fuerit
1431 3326 1529 3383 dictus.
1567 3326 1686 3391 Quidam
1709 3329 1763 3380 sta-

68 3416 100 3469 de
117 3414 256 3469 celatim
275 3413 409 3467 diuinitas
418 3413 503 3477 sacta
518 3413 627 3481 injuria
639 3412 788 3482 gloriatur.
821 3415 899 3468 Unde
927 3421 1017 3483 tuunt,
1034 3411 1210 3478 iohannem,
1229 3413 1340 3487 qnando
1361 3431 1390 3468 se
1410 3413 1573 3485 prophetam
1593 3429 1653 3467 esse
1672 3417 1763 3482 negat,

68 3509 181 3564 emetat,
200 3501 242 3554 aa
260 3499 403 3554 minhtros
420 3500 499 3554 nullo
517 3501 604 3554 mocio
623 3501 677 3554 ista
695 3498 803 3555 Christi
815 3502 899 3554 oerha
927 3515 959 3555 eo
976 3499 1136 3569 respexisse,
1157 3499 1232 3571 quod
1250 3517 1305 3555 non
1324 3498 1361 3553 sit
1380 3516 1413 3554 cx
1430 3516 1544 3554 numero
1564 3495 1762 3569 prophetarum

69 3584 162 3645 liatth.
183 3591 209 3655 7,
227 3603 252 3639 v.
274 3591 319 3641 15:
341 3583 440 3639 Carme
462 3603 480 3637 a
494 3585 749 3659 pseudoprophetes
767 3592 818 3642 etc.
834 3605 899 3660 per·
926 3584 1012 3644 V.T.
1032 3584 1185 3657 dequibus
1210 3584 1310 3640 Matth.
1332 3590 1377 3654 ll,
1403 3603 1428 3640 v.
1454 3591 1493 3641 13.
1516 3583 1634 3639 dictum:
1662 3585 1763 3638 Omrsea

68 3675 159 3728 haere.
195 3669 384 3728 wocinmin
404 3669 507 3724 ducas.
526 3670 662 3726 animadv.
677 3672 899 3745 contraEutrop.
922 3672 1077 3742 prophetae
1095 3690 1180 3743 aeque
1205 3674 1246 3727 ad
1268 3671 1427 3726 Johannem
1445 3671 1660 3741 prophetarant.
1697 3668 1763 3736 Qui-

68 3776 89 3815 c
114 3763 135 3813 1.
166 3777 195 3831 p.
223 3762 247 3814 3.
297 3758 401 3812 Christi
417 3758 586 3812 admonitio:
606 3760 740 3813 attendite
765 3776 783 3811 a
811 3761 899 3825 salsis
927 3760 990 3814 dam
1022 3764 1161 3823 statuuat,
1196 3759 1304 3830 legatos
1342 3757 1511 3829 quaesivisse
1540 3765 1568 3812 et
1606 3756 1762 3813 Johannem

64 3845 224 3917 prophetie,
241 3863 298 3898 non
315 3852 388 3900 recte
408 3845 636 3899 accommodatur
655 3848 696 3900 ad
712 3862 774 3915 eor,
799 3848 848 3915 qai
865 3846 900 3900 ab
928 3845 1102 3915 respondisse
1122 3845 1156 3899 de
1173 3843 1299 3914 Elisaeo,
1325 3843 1373 3916 qui
1392 3851 1419 3898 et
1436 3843 1495 3915 ipse
1509 3843 1625 3915 jusserit
1643 3843 1762 3900 Naama-

69 3932 183 3987 eccleeia
201 3931 332 3987 Ronmna
350 3932 539 3998 warmunt,
565 3932 676 3986 etiamsi
692 3931 803 4003 alioqui
816 3933 898 3999 falsa
926 3949 992 3986 num
1019 3931 1099 4004 aquis
1125 3930 1259 4003 immergi
1285 3928 1405 3995 Quidam
1421 3929 1587 3998 existimant,
1604 3927 1760 3986 Johanuem

69 4019 201 4088 deperata
220 4019 360 4074 doceant.
399 4016 546 4088 Quidquid
562 4019 633 4072 enim
655 4017 705 4071 icti
729 4021 841 4085 docent,
867 4020 901 4074 id
927 4034 960 4073 ex
973 4016 1127 4073 humilitate
1140 4034 1265 4090 negasse,
1279 4034 1309 4072 se
1321 4033 1382 4072 esse
1395 4015 1568 4087 prophetam,
1588 4033 1651 4071 cnm
1668 4023 1761 4072 tamen

68 4123 117 4158 noa
136 4112 271 4174 tanquam
290 4103 346 4158 eidi
360 4103 504 4174 einpulari
519 4103 618 4175 aliqua
639 4105 749 4159 ratione
766 4106 899 4160 divinitus
925 4120 990 4160 vere
1002 4109 1074 4160 esset
1086 4103 1230 4175 propheta.
1267 4102 1386 4168 Quidam
1399 4101 1585 4173 suspicentur,
1605 4100 1761 4158 «iohannem
1776 4113 1823 4152 ιιι.
1837 4106 1902 4153 111.

68 4191 242 4263 patefactum
255 4183 363 4255 docent,
381 4191 668 4261 quodprcphetarum
686 4201 724 4246 eet
737 4193 898 4264 propriam,
925 4192 988 4247 ideo
1000 4188 1120 4245 noluisse
1136 4188 1268 4245 honorem
1285 4187 1437 4261 prophetae
1456 4189 1605 4259 suscipere,
1624 4189 1762 4261 quianon

69 4279 115 4332 red
133 4294 167 4331 eu
184 4293 219 4331 ea
234 4275 432 4347 patefactione
451 4277 548 4330 divina
566 4295 595 4332 ee
616 4279 793 4348 idcelliperc
812 4282 898 4351 profi-
926 4276 1082 4350 attingebat
1108 4282 1215 4347 partem
1239 4274 1361 4347 aliquam
1394 4276 1513 4331 muneris
1538 4272 1659 4346 politici,
1686 4274 1761 4347 quod

68 4366 165 4434 leatw,
183 4380 256 4433 qrtae
274 4363 426 4417 communis
445 4370 484 4416 eet
502 4365 635 4432 omnium,
656 4382 688 4419 ea
710 4383 743 4420 ea
760 4368 899 4437 nimai-um,
924 4363 1065 4437 prophetis
1092 4361 1126 4418 V.
1158 4358 1190 4416 T.
1216 4362 1244 4415 ia
1270 4379 1322 4417 usu
1349 4368 1415 4417 erat.
1458 4359 1513 4417 Sed
1541 4358 1694 4432 simplicius
1721 4378 1762 4414 re-

69 4466 135 4520 quae
158 4449 252 4504 roccis
278 4449 369 4503 literis
395 4450 596 4507 continetur.**
632 4457 656 4506 4.
675 4456 902 4529 Καταχρρσιικῶς
925 4451 1089 4523 spondetur,
1106 4447 1264 4504 iohannem
1282 4452 1478 4518 attemperasse
1499 4463 1661 4518 responsum
1682 4462 1761 4501 suum

69 4542 93 4593 et
105 4537 189 4608 juxta
209 4535 327 4592 aliorum
346 4534 502 4606 opinionem
522 4535 651 4591 dicuntur
667 4539 833 4610 prophetae,
852 4539 900 4615 qui
926 4538 962 4594 ad
984 4536 1173 4611 quaestionem
1200 4534 1361 4606 legatorum.
1400 4534 1615 4606 Interrogabant
1640 4532 1694 4600 illi,
1725 4550 1761 4589 an

70 4625 175 4680 nomine
192 4628 222 4678 et
238 4639 353 4678 manem
370 4622 529 4694 prophetico
547 4624 694 4680 abutentes
705 4642 765 4682 sese
779 4626 896 4698 prophe·
927 4626 963 4680 sit
978 4624 1128 4697 propheta,
1153 4622 1206 4676 hoc
1224 4628 1267 4676 est
1285 4639 1356 4675 nnus
1374 4638 1407 4675 ex
1425 4621 1547 4692 antiquis
1570 4619 1625 4674 illis
1643 4619 1761 4690 prophe·

70 4715 109 4766 iss
133 4728 196 4766 esse
222 4708 391 4765 mentiuntur
421 4726 455 4765 as
479 4709 523 4766 vel
547 4710 618 4767 falsa
641 4713 777 4783 quaedam
793 4714 900 4784 praedi·
926 4714 961 4769 tis
981 4715 1040 4783 jam
1065 4709 1130 4765 alirn
1155 4706 1305 4764 demortuis
1322 4712 1350 4762 et
1373 4723 1423 4778 per
1439 4704 1656 4781 μετεμψύχωσιο
1675 4723 1761 4778 quan·

71 4797 171 4868 cerdo,
198 4796 243 4853 vel
261 4794 443 4867 praedictioni
467 4813 549 4853 verae
566 4797 720 4854 doctrinam
737 4797 836 4854 falsam
853 4800 900 4855 ad·
928 4801 992 4856 dam
1019 4795 1236 4869 Pythagoricum
1265 4796 1294 4849 in
1324 4795 1410 4850 vitem
1437 4793 1578 4850 revocatis.
1631 4792 1762 4849 Testatur

68 4882 206 4939 miscendo
227 4880 386 4937 hominihus
412 4881 530 4954 turpiter
556 4884 709 4957 imponunt,
749 4884 831 4942 Dent.
862 4893 901 4956 13,
928 4886 1000 4942 enim
1016 4884 1093 4939 Elias
1106 4883 1204 4938 levita
1222 4883 1251 4936 in
1270 4879 1375 4945 Thisbi,
1394 4879 1526 4937 Judaicos
1538 4880 1682 4950 praesules
1700 4898 1761 4936 sen·
1837 4910 1839 4914 >

67 4988 90 5029 r.
110 4980 132 5029 1.
163 4976 184 5027 1.
200 4966 272 5042 Bag.
295 4976 335 5035 18,
355 4988 380 5026 v.
404 4975 443 5026 19.
480 4969 544 5029 Eae.
560 4979 585 5040 11,
597 4991 623 5032 r.
640 4980 680 5030 16.
699 4980 751 5029 etc.
769 4971 816 5028 Ad
828 4972 901 5029 hanc
928 4973 1043 5029 tendam
1062 4971 1097 5025 de
1114 4967 1328 5042 μετεμψοχώοει
1346 4967 1394 5022 illo
1413 4972 1538 5037 tempore
1555 4964 1641 5023 inisse
1657 4967 1760 5039 ample·

69 5058 184 5114 classem
203 5054 407 5128 quodammodo
426 5056 521 5112 referri
538 5063 643 5128 potest,
666 5060 740 5131 quod
761 5060 900 5131 Epimeni·
928 5078 992 5128 ros,
1021 5058 1094 5130 quod
1113 5058 1203 5127 ipsum
1222 5056 1305 5112 etiam
1324 5051 1464 5123 colligitur
1481 5070 1515 5108 ex
1533 5052 1623 5108 verbis
1641 5053 1760 5110 Herodis

67 5142 127 5201 dem
143 5149 257 5217 poetam
275 5142 417 5200 emnem
435 5142 609 5200 Cretensium
626 5146 788 5217 prophetam
808 5147 901 5218 appel·
928 5147 1025 5202 Matth.
1047 5152 1093 5210 14,
1111 5161 1136 5198 v.
1157 5151 1178 5199 l.
1208 5142 1293 5198 Marc.
1312 5147 1342 5207 6,
1364 5158 1391 5197 v.
1413 5144 1452 5195 14,
1472 5139 1520 5194 ubi
1539 5139 1574 5195 de
1594 5138 1704 5196 Christo
1721 5141 1760 5194 sic

68 5230 106 5288 lat
124 5230 269 5303 apostolus
284 5228 341 5285 uu.
363 5237 385 5295 1,
403 5248 428 5286 ι.
447 5235 486 5286 12.
623 5260 630 5272 ·
924 5232 1051 5305 judicat:
1076 5229 1222 5284 Johannct
1239 5227 1375 5296 Baptista
1398 5229 1521 5281 secreuit
1539 5245 1558 5281 a
1575 5228 1699 5296 morasca,
1716 5228 1760 5281 id-

10 5335 23 5365 s
98 5322 138 5375 21.
158 5314 311 5383 Quaeritur
329 5313 382 5371 hoc
400 5315 477 5387 loco,
516 5323 538 5373 1.
557 5334 612 5388 qno
629 5335 755 5374 sensuac
772 5327 900 5391 respectu
931 5340 962 5376 eo
979 5321 1094 5373 virtutes
1108 5323 1260 5386 operantur
1279 5313 1381 5368 inille.
1410 5312 1576 5398 Cumprimis
1595 5328 1659 5367 vero
1679 5331 1761 5385 quee-

10 5388 34 5422 '“
10 5398 205 5472 „tamma
234 5400 366 5474 Baptista
395 5359 503 5458 dicathr
538 5403 729 5480 περισσότερος
756 5427 793 5477 πρ
779 5427 852 5478 ροφ,
855 5429 902 5461 roo
934 5406 1028 5462 adonis
1056 5419 1151 5459 sensus
1174 5419 1207 5457 ex
1231 5389 1457 5455 antecedentibus
1475 5399 1573 5455 elucet.
1610 5398 1671 5463 Quo
1688 5399 1761 5454 enim

10 5483 42 5524 ¹¹*
65 5491 161 5549 liatth
175 5498 215 5561 11,
222 5495 283 5549 v.9.
297 5488 368 5547 Luc.
378 5497 401 5559 7,
414 5508 438 5546 v
451 5496 491 5546 26.
513 5490 736 5561 Respondemus.
742 5494 902 5548 aausaibid.
931 5511 1012 5548 sensu
1031 5496 1173 5564 quaerent,
1194 5504 1229 5543 an
1246 5485 1386 5543 lohannes
1405 5487 1441 5540 sit
1460 5487 1543 5551 Elias,
1562 5484 1658 5540 eodem
1679 5486 1760 5541 etiam
