4020 6014
215 255 274 321 mo
481 270 486 277 -
796 239 922 301 mous
938 239 1146 300 moremus
1163 239 1327 299 smnus

211 401 292 456 houd
312 405 386 454 recte
412 399 454 452 cd
475 398 568 451 sclam
590 397 719 463 referunt
743 395 902 461 libidinem,
928 411 991 450 curn
1007 397 1050 451 ud
1075 403 1183 464 emtor,
1203 397 1251 450 cui
1276 397 1427 452 multimdo
1445 411 1597 467 sonnonem
1620 397 1755 466 deseruit,
1781 397 1920 468 minna

212 503 307 544 ονυιον
321 485 466 559 pertineat
483 486 612 554 affamur,
630 484 718 552 uam,
736 483 903 552 auaritiam,
923 483 1049 537 ambitio·
1075 481 1208 537 uirtutum
1238 486 1279 538 uri
1309 483 1399 538 solum
1422 483 1537 554 redipit.
1579 482 1723 538 Sarmdm
1755 484 1852 554 ι’ίσσιιο
1881 487 1920 540 de

212 592 289 640 nem,
307 572 461 641 invidiam,
486 571 619 626 timorem.
653 569 866 641 chrysostomus
884 570 957 625 hom.
978 575 1002 625 2.
1021 569 1050 624 in
1076 567 1167 622 atari
1182 569 1290 637 cinere,
1319 587 1376 624 non
1395 570 1539 625 lemuriuri
1555 578 1683 640 quaerat.
1709 586 1734 626 c.
1752 570 1815 628 lion
1834 589 1918 642 opor·

213 678 236 718 o.
251 667 274 717 1.
294 659 362 714 Tit:
393 658 527 731 ἐγκρατῆ·
547 656 580 711 οὐ
599 655 648 710 τὸν
665 654 1051 725 νηστευτὴνελπενένταῦθα,
1076 659 1126 710 tet.
1148 655 1212 713 dist.
1233 656 1295 711 eud.
1316 674 1349 712 ex
1366 656 1592 713 conchlaodio.
1609 673 1634 713 c.
1653 661 1701 712 24:
1720 658 1787 712 Non
1804 666 1919 727 oportet

146 774 150 783 ·
215 746 283 803 itti
305 745 352 801 τὸν
371 744 480 805 πάθους
497 745 651 816 κρατοῦντα
675 748 722 799 nul
745 741 866 815 γλώττης
889 747 935 797 καλ
958 741 1051 817 χειρὸς
1076 741 1400 796 cenomannense
1425 743 1596 812 presbyteris
1614 758 1702 812 usque
1719 745 1761 797 ud
1778 745 1919 799 ἀίσσουσι

174 840 178 847 “
213 837 261 889 καλ
283 832 443 905 ὀφθαλμῶν
459 827 630 899 ἀκολάστων,
647 832 728 886 τοῦτο
748 830 803 903 γάρ
822 832 897 885 iores
906 828 1050 904 ἐγκράτεια
1076 835 1103 880 et
1120 829 1252 898 deincps
1269 830 1380 883 ordinis
1397 830 1582 885 ecolmiastics'
1598 846 1692 885 omnes
1710 835 1764 885 etc.
1783 831 1919 885 taem

180 916 190 929 ‘
213 920 245 975 τὸ
263 922 362 987 μηδενὶ
382 916 574 991 incoleretur
593 915 688 971 πάθει.
724 916 897 972 Athanasius
914 923 943 972 et
962 916 1050 972 Oean-
1077 914 1135 968 nisi
1152 931 1239 968 cause
1256 916 1432 970 necarintis
1452 916 1574 985 inpredi.
1611 915 1731 983 (Eadem
1753 916 1920 972 constitutio

215 1001 323 1062 menius
347 1024 398 1078 per
423 1007 542 1075 ἐγκρατῆ
564 1004 725 1076 intelligunt
749 1007 827 1069 eum,
855 1005 906 1073 qui
930 1004 1051 1072 imperat
1076 1001 1195 1071 repetita
1214 1006 1257 1055 est
1277 1000 1306 1055 in
1333 1008 1417 1057 const
1444 1002 1542 1059 eccles.
1561 1001 1664 1059 Saron.
1691 1002 1770 1058 artic.
1788 1003 1920 1074 genereli

216 1093 350 1162 linquae,
373 1092 478 1160 oculu,
496 1091 623 1144 manibus
644 1096 695 1146 etc.
714 1095 746 1145 ut
765 1096 859 1146 autem
877 1094 920 1145 est
938 1090 1051 1144 omittas
1080 1091 1118 1141 lb.
1139 1103 1203 1158 pag.
1222 1090 1292 1154 337.)
1304 1103 1330 1144 e.
1345 1086 1454 1143 Clerici.
1467 1087 1531 1145 dist.
1543 1088 1603 1143 ead.
1616 1105 1651 1143 ex
1668 1087 1766 1143 concil
1781 1087 1918 1161 Carthag.

217 1177 361 1251 virginalis
387 1184 416 1232 et
439 1176 552 1232 castitas
570 1176 739 1247 conjugalis,
765 1177 806 1230 ita
824 1191 935 1246 quoquc
955 1174 1051 1247 ίμιιριέ·
1077 1177 1100 1227 3.
1118 1188 1141 1228 c.
1163 1177 1210 1228 tt:
1232 1173 1338 1228 Clerici
1353 1173 1458 1228 edendi
1475 1175 1519 1229 oet
1538 1174 1656 1229 nornen·
1673 1191 1762 1228 ceusu
1782 1174 1920 1229 laborm

215 1283 273 1320 τεια
298 1262 466 1335 quandoque
494 1263 613 1318 sumitur
640 1261 807 1333 specialiter,
837 1268 869 1316 at
896 1261 1050 1332 virginibus
1077 1276 1132 1312 τιοιι
1162 1260 1362 1327 inpredinntur
1394 1259 1451 1314 nisi
1477 1261 1717 1330 perecrinntionis
1749 1261 1919 1315 necessitate

217 1354 295 1405 extra
319 1349 481 1420 conjugium
506 1354 582 1404 caste
605 1347 762 1403 viventibus
780 1352 888 1400 tantum
905 1346 1051 1412 tribuatur,
1077 1346 1220 1412 cmspntsi.
1237 1362 1261 1400 a
1279 1344 1334 1399 Pro
1351 1346 1506 1401 reverentia
1522 1346 1586 1403 dist.
1607 1347 1669 1406 ead.
1691 1363 1724 1401 ex
1741 1346 1841 1402 concil.
1858 1345 1917 1402 Το-

219 1441 242 1491 1.
258 1433 321 1492 Cor.
346 1441 377 1504 7,
400 1453 427 1488 v.
452 1440 483 1490 9:
511 1438 536 1489 ei
558 1432 609 1489 oin
634 1431 859 1505 ἐγκρατεύονται,
886 1431 1050 1502 pannonien-
1077 1430 1123 1484 lot.
1148 1436 1171 1486 t.
1195 1447 1219 1485 c
1244 1437 1273 1486 ’λε
1296 1433 1358 1488 Pro
1380 1433 1538 1486 reuerentia
1555 1433 1614 1487 Dei
1641 1440 1667 1486 et
1685 1433 1862 1487 sacerdotum
1882 1433 1919 1486 id

216 1535 281 1586 σαν,-
305 1522 472 1592 quandoque
495 1537 561 1576 vcro
587 1519 754 1592 generaliter
773 1518 925 1589 accipitur,
949 1525 982 1573 ut
998 1519 1051 1590 piis
1076 1517 1209 1571 uniuersa
1231 1518 1373 1572 constituit
1391 1520 1531 1586 synodius,
1554 1526 1585 1572 ut
1611 1519 1690 1587 (cuia
1708 1518 1800 1572 τοίοιιί
1816 1519 1918 1573 crebro

85 1614 147 1655 ¹¹¹1·
160 1611 204 1654 ¹⁰⁶·
216 1606 385 1678 conjugibus
422 1607 505 1661 etiam
536 1611 678 1677 competat
708 1603 800 1662 Galat.
835 1611 865 1673 5,
896 1622 922 1658 v.
952 1610 993 1660 23.
1024 1612 1052 1660 et
1078 1604 1178 1657 menne
1198 1604 1303 1658 otiosae
1320 1604 1439 1670 fabulae
1457 1605 1618 1676 interponi)
1637 1605 1668 1658 in
1688 1607 1765 1659 anmi
1779 1607 1917 1661 mesrds-
1954 1603 1963 1610 ’

218 1698 243 1750 2.
262 1693 338 1749 Petr.
361 1699 384 1763 1,
403 1711 430 1747 v.
449 1699 473 1749 6.
494 1693 566 1747 inter
583 1692 691 1747 fructus
701 1691 821 1764 Spiritus
840 1696 870 1745 et
887 1691 1004 1746 virtutes
1016 1690 1051 1745 ah
1077 1690 1133 1744 tali
1149 1691 1274 1743 conm'oio
1299 1692 1382 1746 lectio
1399 1693 1561 1746 diuinarum
1588 1692 1804 1761 Scripturarum
1823 1692 1916 1745 immi·

216 1779 346 1850 omuibus
367 1780 421 1850 piis
440 1777 586 1849 requisitas
605 1784 766 1832 numeratur
790 1776 941 1848 ἐγκράτεια.
976 1776 1052 1831 Εοολ.
1077 1783 1203 1843 sceatnr,
1221 1793 1277 1845 per
1300 1778 1352 1830 boc
1376 1778 1450 1831 enim
1477 1785 1503 1832 et
1525 1779 1639 1831 animae
1665 1777 1855 1846 adificantur
1872 1780 1917 1831 ud

218 1869 262 1935 ti,
290 1884 317 1921 v.
340 1871 381 1921 20.
406 1865 563 1936 conjugatis
587 1880 715 1934 expresse
739 1863 870 1918 tribuitur
893 1861 1050 1936 sructura:
1077 1862 1177 1914 bonnm
1212 1871 1238 1915 et
1267 1864 1387 1927 semdae
1421 1881 1476 1917 non
1505 1863 1682 1918 vicennariae
1718 1863 1915 1933 probibentur.

217 1953 284 2006 Non
304 1960 344 2005 eei
358 1953 472 2022 pondus
491 1968 570 2005 omne
589 1951 705 2019 dipnum
725 1950 874 2020 ἐγκρατοῦς
895 1953 984 2019 ψυχῆς
1004 1948 1050 2002 oi·
1081 1953 1105 2002 4.
1123 1945 1193 2002 itti
1213 1947 1361 2019 νηφάλιος,
1379 1950 1490 2003 sobrias
1511 1955 1531 2004 l.
1550 1948 1622 2003 'llum
1642 1954 1667 2015 3,
1685 1965 1712 2002 v.
1725 1953 1751 2005 2.
1769 1955 1801 2004 ut
1818 1954 1914 2005 autem
1927 1950 2000 2019 Νρφ

217 2039 276 2104 τῆς,
296 2037 344 2091 ubi
365 2053 518 2091 sermonem
536 2053 596 2092 esse
615 2037 650 2091 de
666 2036 781 2091 muliere
799 2038 950 2107 conjugata
966 2053 1050 2106 appa·
1078 2033 1153 2104 apud
1174 2033 1290 2088 Latinos
1311 2034 1419 2091 sobrius
1440 2050 1497 2088 non
1515 2035 1604 2090 solum
1633 2034 1669 2090 dc
1687 2033 1836 2091 solnietete
1852 2052 1914 2091 cor·
1927 2020 1996 2077 2‘05·

217 2129 260 2178 ret
277 2139 310 2177 cx
327 2141 351 2175 r.
374 2128 418 2178 to:
447 2121 554 2177 Gratia
575 2121 703 2175 mulieris
724 2123 845 2176 delectet
868 2123 958 2175 cirum
981 2122 1049 2188 eius.
1077 2119 1161 2189 poris,
1190 2120 1240 2174 sed
1268 2119 1352 2175 etiam
1379 2119 1414 2175 de
1442 2120 1592 2176 sobrietate
1619 2120 1737 2190 ments,
1766 2120 1915 2192 vigilantia

219 2207 277 2263 Sed
293 2208 347 2263 hac
370 2207 406 2263 de
433 2225 463 2263 re
481 2208 510 2262 iu
530 2207 693 2279 quaestione
712 2207 747 2261 ds
766 2204 896 2279 conjugio
916 2206 1049 2262 ministro·
1078 2205 1191 2275 scilicet,
1210 2205 1358 2275 prudentia
1375 2212 1404 2260 et-
1428 2207 1581 2262 attentione
1598 2212 1762 2276 usurpatur,
1786 2206 1914 2278 itaquo

73 2293 124 2365 Μὴ
136 2294 205 2371 πάρ·
218 2311 280 2349 rum
304 2293 401 2350 itidem
425 2293 553 2349 dicentur
582 2294 672 2364 plura.
717 2299 742 2350 3.
765 2290 805 2366 μὴ
829 2291 977 2364 πάροινος,
996 2311 1051 2347 non
1078 2308 1133 2361 que
1152 2292 1227 2361 apud
1247 2290 1370 2346 Graecos
1389 2291 1695 2363 rupitsorinutrequc
1709 2291 1914 2363 significatione

74 2386 157 2427 Μῦς·
217 2381 373 2436 vinolentus
394 2387 415 2435 1.
435 2380 506 2434 Tim.
526 2385 556 2448 3,
581 2397 607 2432 τ.
632 2384 656 2434 3.
674 2377 730 2433 Tit
752 2385 777 2446 1,
801 2397 828 2432 τ.
849 2385 872 2434 7.
901 2379 1051 2450 Apostolus
1077 2377 1196 2448 ponitur.
1232 2377 1310 2433 Sicut
1327 2384 1355 2433 et
1373 2377 1473 2451 νήφειν
1491 2384 1550 2433 tum
1568 2379 1716 2450 opponitur
1733 2382 1771 2448 τῷ
1785 2379 1913 2453 μεθύειν,

217 2467 277 2537 ipse
297 2467 419 2537 exponit,
439 2466 506 2538 quid
524 2482 574 2536 par
591 2465 641 2520 τὸν
658 2463 795 2535 πάροινον
812 2464 958 2537 intelligat,
976 2467 1051 2521 vide·
1078 2471 1137 2519 tum
1155 2465 1191 2519 de
1208 2480 1241 2518 eo
1259 2463 1378 2530 dicitur,
1398 2464 1446 2536 qni
1464 2470 1507 2519 est
1524 2464 1657 2535 vigilans,
1675 2465 1799 2534 prudens
1813 2471 1844 2521 et
1860 2465 1912 2520 cir-

217 2552 283 2607 licet
300 2551 350 2607 τὸν
368 2555 407 2621 τῷ
424 2557 493 2622 οίνρ
512 2555 695 2625 προσέχοντα,
714 2569 785 2620 cnm,
802 2551 850 2621 qui
865 2551 929 2606 vino
942 2552 1052 2607 deditus
1077 2555 1262 2621 cumspectus.
1298 2550 1483 2620 Epicharmus
1509 2551 1584 2621 apud
1604 2549 1759 2605 Lacianum
1783 2556 1813 2608 et
1833 2552 1912 2608 Cice·

218 2645 260 2694 est
279 2642 302 2693 1.
320 2637 390 2693 Tim
411 2642 441 2701 3,
468 2655 494 2695 v.
514 2643 538 2694 8.
573 2636 660 2707 Apud
680 2636 853 2692 Athenaeum
874 2637 921 2693 lib.
944 2644 983 2693 10.
1004 2635 1050 2692 cir·
1077 2652 1181 2703 ronem,
1193 2642 1266 2709 νῆφε
1277 2641 1323 2692 καὶ
1333 2641 1462 2711 μέμνησο
1472 2636 1607 2705 ἀπιστεῖν,
1619 2638 1715 2690 anima
1729 2637 1802 2692 essin
1813 2639 1911 2695 sobria

217 2731 331 2797 tpnnoc
348 2723 484 2797 πάροινος
501 2723 610 2792 dicitur,
635 2739 718 2793 quem
737 2722 832 2778 Latini
855 2729 958 2780 vocant
975 2723 1050 2778 vino·
1078 2740 1112 2777 nc
1129 2725 1260 2795 prendens
1287 2725 1318 2778 in
1340 2724 1414 2779 eicco
1433 2725 1557 2793 bobitot,
1583 2723 1738 2779 undenum
1760 2731 1912 2798 ypnyopeir

217 2827 288 2880 sum,
307 2828 334 2881 q.
351 2810 379 2867 d.
398 2810 462 2865 vino
478 2809 646 2866 assidentem
664 2809 702 2864 ad
716 2808 920 2880 perpotandum
938 2827 972 2865 ac
990 2827 1050 2881 per·
1078 2809 1259 2880 conjungitur
1282 2816 1304 2866 t.
1326 2809 1423 2865 Thess.
1440 2816 1466 2879 5,
1482 2827 1509 2866 v.
1529 2814 1553 2866 5.
1587 2815 1609 2866 1.
1629 2809 1703 2863 Pstr.
1725 2815 1749 2877 5,
1766 2826 1793 2864 r.
1811 2815 1836 2866 8.
1868 2810 1912 2865 Eo

216 2898 414 2969 mercandum.
433 2901 565 2966 nupseris
584 2901 628 2951 cst
644 2895 806 2966 petulantia,
826 2895 936 2965 injuria,
956 2903 1051 2951 contu·
1077 2894 1227 2964 respiciens
1246 2894 1460 2966 chrysostomus
1478 2896 1571 2950 homil.
1591 2901 1632 2952 10.
1656 2897 1687 2950 in
1707 2902 1729 2952 l.
1746 2896 1817 2951 Tim
1837 2902 1862 2952 3.
1883 2905 1912 2953 et

216 2984 300 3039 melia
318 2989 370 3039 etc.
390 3000 463 3055 quae
482 2982 644 3039 ebrietatem
662 2982 817 3046 comitatur,
837 2999 871 3037 cx
891 2998 947 3053 quo
966 2981 1052 3037 dubio
1076 2979 1107 3033 in
1123 2980 1171 3036 lib.
1192 2980 1228 3036 de
1250 2981 1356 3037 sacerd.
1380 2979 1520 3055 νηφάλιον
1544 2982 1676 3054 intelligit
1695 2982 1861 3053 prudentem
1877 3001 1912 3040 ac

216 3069 315 3140 procul
332 3068 521 3138 chrysostomi
550 3068 689 3123 sententia
718 3068 852 3140 originem
882 3067 974 3132 duxit,
1004 3069 1052 3139 qui
1077 3067 1314 3138 circumspectum.
1330 3066 1470 3140 νηφάλιον
1482 3068 1593 3139 (inquit)
1608 3071 1732 3123 τουτέων
1746 3068 1911 3143 διορατιιιὸν,

217 3151 354 3225 πάροινον
367 3150 555 3222 intelligitrbr
567 3151 706 3224 ὑβριστήν,
719 3152 811 3209 homil.
824 3159 862 3209 to.
875 3153 904 3207 in
918 3158 940 3209 1.
950 3153 1052 3212 Time.
1076 3161 1193 3227 μυρίους
1217 3154 1318 3224 ἔχοντα
1346 3152 1530 3228 ὀφθαλμοὺς,
1557 3153 1606 3216 ὀξὺ
1634 3157 1775 3223 βλέποντα
1799 3160 1846 3209 nul
1871 3157 1911 3229 μὴ

218 3238 250 3295 οὐ
273 3239 322 3293 τὸν
333 3242 462 3311 μέθυσον
489 3238 599 3310 (inquit)
626 3240 749 3293 irruite
774 3241 875 3310 φησίν,
903 3236 973 3294 ἀλλά
1003 3241 1052 3294 τὸν
1077 3238 1236 3309 inplicare
1266 3240 1296 3293 rb
1329 3243 1374 3308 τῆς
1403 3240 1530 3300 διανοίας
1557 3237 1635 3313 ὄμμα
1666 3247 1718 3296 otc.
1749 3242 1911 3297 clars‘ssimu

217 3325 364 3400 ὑβριστὴν,
391 3322 440 3380 τὸν
457 3323 576 3391 αὐθάδη.
616 3324 651 3378 In
670 3325 734 3395 jure
760 3325 892 3379 canonico
916 3324 1052 3394 praeclari
1077 3327 1176 3379 mentis
1188 3327 1248 3379 acie
1263 3325 1427 3394 praemium
1445 3325 1658 3395 innumerosque
1673 3326 1817 3382 iubentem
1834 3329 1913 3382 omni
1924 3332 2009 3375 ¹111·¹·

218 3417 327 3469 emunt
343 3410 395 3466 hac
414 3411 449 3465 dc
467 3426 497 3465 re
513 3426 640 3466 mones
658 3410 723 3467 dist.
737 3416 779 3467 35.
794 3410 824 3464 in
840 3410 945 3480 princ:
969 3411 1051 3473 Quod
1077 3428 1109 3464 ee
1121 3419 1206 3480 porte
1218 3411 1325 3480 oculos,
1341 3410 1442 3480 quibus
1459 3412 1617 3473 mutumne
1631 3420 1730 3466 cuncta
1737 3414 1909 3483 prospiciet.

217 3499 366 3570 episcmsus
383 3514 439 3551 non
459 3496 559 3550 debeat
577 3512 637 3550 esse
654 3496 817 3564 vinolentae,
833 3513 865 3550 en
883 3497 1050 3551 auctoritate
1075 3497 1113 3552 Et
1128 3503 1242 3568 postea:
1262 3494 1409 3568 ἄγρυπνον
1428 3504 1523 3554 τοίνυν
1541 3495 1626 3553 αὐτὸν
1648 3498 1720 3553 sirm
1735 3496 1791 3573 χρὴ
1808 3497 1857 3554 τὸν
1876 3498 1908 3554 oi

222 3584 252 3640 V.
274 3584 306 3636 Τ.
325 3583 514 3636 introductum
534 3589 582 3637 est.
620 3583 755 3637 Ministri
776 3583 848 3636 enim
869 3584 968 3652 templi
981 3601 1050 3654 pro·
1076 3584 1109 3637 τὰ
1127 3584 1227 3638 ἑαυτοῦ
1245 3585 1423 3658 μεριμνῶντα
1440 3584 1543 3654 μόνον,
1569 3583 1639 3639 ἀλλά
1658 3588 1705 3639 καλ
1729 3577 1764 3639 τά
1780 3587 1838 3641 τῶν
1855 3590 1910 3642 λοι·

216 3669 345 3725 libentur
363 3668 458 3722 uinum
475 3676 502 3721 et
519 3668 639 3722 οιόοτσιιι
659 3667 766 3736 bibere,
783 3684 817 3722 ne
837 3668 970 3723 ebrietate
985 3687 1050 3738 pra·
1077 3672 1146 3738 noir,
1164 3671 1346 3742 διεγργίρθαι
1361 3669 1417 3744 χρὴ
1433 3675 1479 3724 καλ
1498 3675 1552 3734 ζεῖν
1568 3671 1607 3740 τῷ
1624 3669 1762 3742 πνεύματι
1784 3676 1832 3725 sul
1855 3674 1911 3746 πῦρ

216 3763 313 3809 renim
332 3755 545 3822 cordatorum,
563 3762 594 3808 ut
605 3771 701 3810 sensus
719 3772 815 3810 eorum
828 3772 938 3824 semper
949 3756 1051 3825 cipeat,
1078 3761 1171 3811 πνέειν
1189 3754 1237 3824 (ὡς
1253 3760 1354 3824 εἰπεῖν)
1372 3760 1419 3811 καλ
1435 3760 1546 3830 μᾶλλον
1556 3760 1712 3829 στρατηγοῦ
1729 3758 1913 3813 salierunt

217 3841 262 3896 uel
281 3840 349 3910 quin
366 3847 462 3894 center
489 3857 565 3895 mero
590 3849 722 3896 aestuans
738 3843 835 3910 facile
854 3844 1003 3912 despumat
1021 3844 1051 3896 in
1078 3846 1125 3897 καλ
1143 3844 1174 3898 ίν
1195 3841 1285 3916 ἡμέρᾳ
1307 3841 1337 3896 τὸ
1364 3842 1520 3917 στράτευμα
1546 3840 1701 3916 περιιόντος
1723 3842 1843 3916 κάμνειν
1865 3847 1913 3898 ast

220 3926 376 3982 libidinem.
390 3943 414 3981 c.
426 3925 589 3996 Episcopus.
601 3932 652 3982 eta
666 3927 728 3982 dist.
744 3928 805 3982 ead
815 3945 848 3983 cx
860 3926 927 3983 Can.
941 3928 1053 3999 Apost.:
1077 3930 1271 3986 decennitates
1289 3932 1337 3982 καλ
1359 3928 1410 3994 τὴν
1433 3927 1504 4001 ὑπὲρ
1523 3927 1655 3983 ἁπάντων
1672 3929 1746 3999 ἔχειν
1773 3931 1912 4004 φροντίδα

218 4014 379 4083 Episcopus
399 4020 449 4066 aut
468 4013 617 4081 presbyter
646 4020 695 4066 out
714 4013 852 4067 diaconus
870 4015 951 4070 aleae
970 4024 1053 4084 etque
1078 4019 1125 4069 καλ
1141 4020 1291 4089 μέριμναν,
1309 4016 1472 4084 cipilantem
1489 4031 1599 4070 necesse
1619 4021 1659 4068 est
1676 4030 1736 4068 esse
1755 4015 1846 4086 iilum,
1863 4016 1914 4086 qui

218 4097 346 4152 οόνίοίαίι·
363 4098 521 4152 ἀττανίτην
539 4105 590 4152 out
607 4098 728 4164 desinat,
746 4106 794 4151 aut
808 4107 881 4153 certe
895 4102 1051 4159 damnetur.
1078 4121 1133 4158 non
1152 4111 1260 4157 tontum
1277 4103 1323 4156 sui
1339 4116 1436 4156 cenom
1454 4102 1553 4165 babet,
1571 4117 1667 4156 cenem
1685 4102 1770 4155 etiam
1789 4103 1912 4173 reliquo-

216 4200 240 4239 ο.
262 4183 338 4239 Anto
365 4182 464 4238 omnia
489 4182 552 4238 dist.
578 4182 639 4239 sad.
663 4199 697 4237 ex
723 4182 809 4242 (lonc.
834 4185 953 4257 Agath:
978 4189 1052 4242 Ante
1077 4207 1155 4258 νυνι,
1179 4190 1260 4242 decet
1279 4204 1337 4242 esse
1350 4187 1518 4257 precipitem
1541 4203 1619 4256 enm,
1645 4187 1694 4255 qui
1710 4188 1854 4256 ejusmodi
1872 4196 1913 4242 eet

216 4270 311 4326 omnia
323 4270 435 4324 clericis
446 4276 555 4324 orimur
567 4270 694 4339 ebrietas,
707 4286 779 4339 puae
792 4271 920 4326 citiorum
929 4275 1051 4327 omnium
1077 4293 1111 4329 ac
1128 4274 1231 4344 spiritu
1247 4276 1360 4339 serrem
1379 4281 1406 4327 et
1423 4275 1539 4343 affectus
1555 4273 1601 4328 sui
1613 4274 1761 4342 flammam
1779 4274 1912 4342 operibus

216 4357 313 4412 nutris
340 4374 374 4410 ac
400 4357 492 4422 fomes
516 4365 564 4413 est.
612 4357 714 4426 Itaque
739 4357 803 4428 ille,
835 4374 917 4427 quem
945 4360 1051 4414 ebriam
1076 4361 1147 4430 ipsis
1173 4361 1320 4414 ostendere
1343 4361 1482 4427 coemens
1503 4374 1597 4412 omnes
1619 4357 1802 4413 solicitudine
1828 4366 1913 4429 σίρτιι

209 4443 307 4512 fuisse
325 4444 493 4508 constiterit,
515 4450 566 4497 ant
589 4447 628 4498 30
645 4444 757 4498 dierum
774 4445 869 4514 spatio
894 4463 913 4498 ο
931 4463 1049 4500 commu-
1076 4446 1219 4501 industria
1242 4461 1394 4516 αιρινσνε,
1419 4452 1450 4498 ut
1475 4445 1522 4499 die
1550 4452 1686 4514 noctuque
1714 4445 1863 4500 menses
1888 4454 1914 4501 et

216 4530 298 4584 nionc
311 4530 514 4597 submoveatur,
533 4537 582 4584 ane
594 4529 741 4599 corporali
751 4530 889 4584 eamear
900 4533 1049 4602 supplicio.
1076 4540 1171 4586 castro
1184 4533 1352 4602 perlustret,
1376 4531 1485 4586 laboret
1505 4537 1531 4584 et
1547 4531 1594 4584 sui
1611 4529 1703 4599 officii
1727 4547 1828 4584 manses
1846 4531 1914 4587 cut

217 4614 281 4672 dist.
301 4621 343 4673 tl.
361 4614 391 4669 in
410 4615 514 4686 princ:
539 4615 610 4670 Cum
627 4615 784 4670 vinolentus
806 4631 864 4669 esee
887 4617 1050 4685 prolibatur
1076 4618 1233 4686 peritissime
1250 4619 1367 4688 impleat
1392 4625 1476 4687 atquc
1492 4617 1615 4670 omnium
1631 4624 1770 4670 emanet
1787 4617 1913 4672 solicitu-

216 4700 372 4770 episecpns,
391 4701 477 4771 perlue
496 4699 741 4768 intemperantiam
757 4717 934 4770 nequequam
949 4703 1051 4757 babere
1077 4704 1171 4758 dinem
1198 4710 1286 4771 perat.
1335 4702 1422 4759 Juxta
1449 4701 1522 4757 hano
1551 4700 1750 4773 expositionem
1779 4701 1914 4773 νηφάλιος

212 4786 396 4856 permittitur,
416 4803 504 4856 περιτο
524 4787 597 4841 enim
613 4785 734 4840 ebrinus
748 4787 915 4856 prohibetur
932 4796 1050 4843 τίοονσ-
1077 4790 1228 4860 pertineret
1253 4789 1290 4843 ad
1318 4786 1441 4842 oificium
1469 4788 1603 4857 ministri,
1634 4787 1683 4843 sed
1709 4787 1776 4858 quia
1800 4787 1914 4844 additur

217 4870 289 4926 στ’ίστ
303 4873 492 4940 permittitur,
516 4880 664 4941 nitrumque
689 4871 761 4926 enim
780 4873 855 4926 inter
872 4889 960 4943 opera
977 4882 1050 4928 tene·
1077 4875 1215 4952 nsisppar,
1242 4873 1411 4931 commodius
1432 4874 1598 4945 intelligitur
1615 4874 1651 4930 de
1671 4874 1792 4945 corporis
1809 4874 1913 4930 sobrie·

217 4950 333 5012 ὅτοιυπι
351 4961 494 5028 apostolus
512 4965 706 5014 commemorat
722 4957 793 5014 Rom
816 4962 855 5028 13,
874 4975 901 5015 r.
920 4964 958 5015 13.
984 4960 1050 5014 Ven-
1077 4967 1143 5027 tate,
1163 4965 1196 5016 ut
1207 4959 1347 5017 hutherus
1359 4959 1444 5015 etiem
1461 4961 1560 5028 reddit,
1581 4962 1711 5031 nititur,
1734 4977 1791 5030 qus
1807 4961 1914 5018 meone

215 5042 269 5097 tris
287 5059 406 5113 nemque
430 5042 553 5114 inpiatis
577 5045 619 5099 oei
640 5044 782 5099 ίτιτιινλοπι
800 5052 939 5115 prouocat
959 5046 1051 5112 facile
1078 5055 1120 5103 est
1142 5047 1231 5102 virtus
1257 5046 1327 5100 sexti
1350 5047 1493 5120 praecepti
1518 5047 1645 5118 opposite
1671 5051 1818 5121 παροινίας
1838 5047 1914 5102 sitio.

216 5134 244 5184 et
260 5144 339 5184 omne
357 5145 428 5198 opus
446 5128 546 5182 bonum
563 5129 701 5195 dissoluit,
717 5132 793 5186 unde
804 5130 992 5200 Hieronymus
1012 5133 1054 5184 ad
1079 5142 1103 5191 5.
1124 5130 1262 5205 σώφρων,
1282 5133 1361 5203 quasi
1378 5133 1509 5206 σόρφων,
1538 5131 1587 5203 qui
1604 5135 1647 5186 est
1665 5137 1758 5188 mente
1774 5132 1914 5204 prudenti,
1926 5130 2006 5204 tto

216 5216 395 5269 Amandum:
426 5214 526 5269 Venter
540 5224 572 5270 'et
590 5217 728 5286 penitulia
747 5218 939 5287 sibimetipsis
956 5192 1211 5325 cicinelprudons,
1232 5218 1359 5284 sobrinis,
1381 5224 1414 5274 ut
1430 5219 1556 5291 Vulgata
1581 5216 1712 5272 reddidit.
1755 5218 1915 5290 Usurpatur

216 5309 289 5366 sunt,
301 5309 332 5355 nt
343 5318 376 5355 en
389 5300 535 5357 ολοίοίίοιο
546 5305 731 5359 cumbrorum
742 5304 958 5374 confoederatio
969 5303 1051 5358 intel·
1080 5304 1164 5359 etiem
1181 5320 1233 5375 pro
1250 5305 1393 5360 moderato
1409 5322 1443 5360 sc
1459 5307 1639 5374 temperante,
1659 5303 1734 5357 sicut
1749 5303 1914 5362 Demosthe

119 5427 122 5432 .
216 5386 325 5457 tipatnr
350 5388 490 5442 sitorum.
528 5388 604 5442 Hinc
629 5391 832 5446 Nabuserdam
853 5391 1053 5462 princepscc·
1080 5407 1130 5447 nes
1147 5397 1176 5448 et
1190 5389 1343 5446 Aeschines
1361 5389 1496 5461 crippus«
1514 5389 1561 5441 nul
1575 5391 1691 5462 μέτριον
1709 5384 1781 5446 εἶναι
1799 5391 1915 5462 conjun-

216 5488 334 5543 ςυστ-τινι
355 5492 451 5530 muros
468 5474 650 5530 Hs'erusaiem
669 5476 838 5532 dammim
856 5476 968 5546 nrum,
985 5477 1055 5546 cuia
1081 5483 1189 5544 xerunt,
1207 5476 1282 5533 unde
1293 5473 1433 5531 lantherus
1445 5471 1577 5529 hocloco
1588 5474 1672 5531 ssrdt
1684 5475 1790 5546 militm
1803 5493 1914 5550 σοφρο·
