4020 6014
711 331 761 387 DE
780 329 1034 388 MAGlSTRATlJ
1049 330 1238 389 pontiaco.
1763 339 1822 396 tat

134 487 296 541 Melitinam
317 487 464 554 ιοιαιιιι,
483 489 545 556 fide
569 495 628 541 tum
651 488 736 541 semel
762 493 846 554 aspie
863 486 963 538 derum
994 492 1139 551 paramur,
1159 486 1268 541 interim
1285 493 1403 558 negant,
1428 484 1503 539 belle
1519 499 1616 555 gerere
1632 499 1693 537 esse
1709 483 1825 545 licitum,

128 573 261 640 percitos,
278 589 370 639 penna
388 574 419 625 in
437 574 502 640 ipsa
514 574 574 626 acie
594 581 692 626 cauma
707 573 797 625 hostes
809 574 851 624 od
860 578 966 623 terram
993 585 1055 624 cum
1075 570 1138 625 finis
1157 573 1254 627 talium
1269 574 1511 630 instrumentorum
1529 569 1638 640 proprie
1658 568 1825 623 defensionis

131 673 217 726 uepres
236 675 367 711 carcesae
389 666 416 710 et
438 661 479 710 ad
497 658 717 726 supplicandum
737 660 800 710 Deo
828 671 886 708 esse
904 672 967 708 con·
994 673 1073 710 usum
1092 663 1206 728 spectet.

131 760 235 797 versos.
274 743 343 796 Cum
361 752 453 796 autem
477 744 601 797 hostibus
619 743 807 811 spectaculum
826 742 906 794 hoc
894 757 967 793 inso-
1028 746 1085 796 384.
1121 742 1265 797 Hactenus
1279 747 1401 797 nostram
1414 740 1634 797 confirmavimus
1652 738 1826 807 sententiam,
1840 727 1965 827 {mm

131 830 193 880 lens
216 838 384 897 appareret,
411 831 508 893 ferunt
534 831 620 882 aliud
642 830 778 896 quiddam
804 827 968 880 insolentiam
994 828 1119 896 sequitur
1141 829 1204 881 nt
1196 846 1225 881 ιιι
1252 827 1383 882 antithesi
1409 827 1596 881 examinemus
1622 825 1779 894 opinionem
1799 829 1879 879 etrus
1894 831 1954 871 osus

132 913 216 966 ctiam
240 916 429 982 subsecutum,
450 916 561 978 fulmen
589 915 704 979 scilicet,
728 915 806 982 prend
828 910 950 965 hostcs'
938 928 982 962 sn
980 919 1160 992 argumenta
1179 929 1281 980 eorum,
1298 912 1347 983 qui
1366 911 1607 966 bellumabsolute
1627 883 1951 978 etsimpliciter{iiiii⁰¹

131 1000 233 1065 sapam
252 1007 277 1051 et
295 1000 406 1052 esitium
427 1001 571 1067 expulerit,
583 1008 611 1053 et
628 1000 742 1052 imbrem
753 1000 793 1051 ad
802 997 969 1062 refocillari
995 997 1159 1066 i.mprobant
1210 1004 1232 1052 l
1262 998 1427 1051 Manichaei
1453 997 1557 1051 bellum
1584 1013 1618 1050 ex
1648 1002 1727 1049 natu·
1726 1011 1749 1048 ·a
1777 1009 1828 1048 sua
1841 984 1945 1034 ⁹¹⁰b⁸⁰²

133 1084 199 1135 dum
218 1085 375 1152 exercitum,
391 1087 441 1153 qui
456 1087 517 1152 jam
536 1093 608 1138 totus
621 1086 671 1137 siti
682 1085 884 1153 propemodum
894 1082 969 1149 peri·
994 1082 1120 1164 illicitum
1146 1099 1207 1137 esse
1234 1081 1372 1149 dicebant,
1401 1081 1518 1152 ideoque
1543 1080 1675 1150 Moysen,
1701 1079 1826 1147 losuanr,

133 1177 214 1220 turus
244 1170 361 1223 coeleste
388 1173 498 1224 Numen
519 1171 730 1242 imploraverat
771 1169 851 1222 Haec
878 1174 969 1220 autem
996 1166 1133 1222 Davidem
1152 1175 1180 1223 et
1199 1167 1315 1222 aliosV.
1328 1167 1360 1221 T.
1381 1175 1498 1230 sanctos,
1518 1167 1566 1237 qui
1584 1165 1658 1221 bella
1675 1168 1828 1236 gesserunt,

132 1254 252 1307 historia
279 1256 373 1316 fertur
398 1258 510 1324 quidem
535 1256 619 1308 edam
642 1256 678 1307 ab
697 1254 758 1308 ιιιιι
778 1260 982 1306 commentato·
981 1253 1147 1339 impietatis
1165 1252 1343 1315 accusabant,
1361 1252 1402 1305 uti
1423 1251 1507 1306 refert
1524 1250 1700 1348 Augustinus
1718 1250 1765 1303 lib.
1788 1253 1829 1305 22

134 1341 224 1405 ribus,
249 1341 407 1407 perictioni
433 1349 498 1394 suist
518 1360 536 1392 a
555 1348 654 1394 nostro
674 1339 805 1393 doctrina
824 1337 925 1402 (Dione
942 1344 983 1407 et,
996 1345 1093 1391 contra
1111 1337 1205 1392 Faust.
1226 1355 1249 1392 c.
1269 1344 1310 1393 tt.
1332 1343 1360 1392 et
1376 1337 1443 1391 alibi
1463 1336 1574 1406 passim.
1613 1342 1636 1391 2.
1661 1335 1783 1396 Quidam
1796 1350 1829 1387 es

134 1380 313 1491 Claudiano),
342 1427 440 1493 quibus
466 1444 551 1479 curae
570 1426 630 1488 suit
648 1441 681 1477 ec
688 1441 785 1492 ,quaa
796 1424 862 1491 jam
880 1376 1131 1503 ἀιιιοιιυιιιιιιιι
1163 1425 1329 1494 quandoque
1358 1424 1425 1477 satis
1460 1422 1632 1476 incommode
1667 1421 1826 1489 loquuntur.

135 1513 344 1579 concernebant,
362 1512 536 1578 describam
555 1511 680 1579 exposita
699 1526 764 1561 uero
783 1516 823 1561 est
842 1515 867 1561 ιι
886 1526 905 1560 a
922 1525 970 1561 no·
996 1508 1186 1565 Tertullianus
1210 1509 1257 1563 lib.
1281 1509 1317 1562 de
1335 1524 1435 1562 corona
1460 1508 1554 1562 militis
1571 1513 1635 1577 post
1651 1506 1722 1561 med.
1744 1524 1768 1560 c.
1789 1511 1829 1562 ll.

137 1599 213 1664 stris,
240 1614 335 1649 oerum
366 1599 400 1648 ab
426 1597 527 1649 exteris
553 1596 695 1649 historicis
722 1603 853 1662 tanquam
873 1610 892 1645 a
913 1594 970 1660 fide
995 1614 1023 1664 p.
1051 1601 1106 1650 183.
1135 1601 1195 1650 tet:
1225 1597 1419 1662 Credimusne,
1444 1595 1592 1646 humanum
1624 1599 1830 1645 samamentum

136 1684 238 1735 alienis
260 1684 384 1750 positum
409 1684 523 1750 quidem
545 1690 592 1734 est·
609 1682 701 1749 ipsum
726 1679 907 1744 miraculum,
938 1678 971 1731 id
998 1682 1093 1734 diuino
1111 1682 1295 1749 superinduci
1311 1682 1396 1733 licere
1417 1689 1442 1733 et
1460 1681 1490 1732 in
1510 1680 1597 1732 alium
1616 1679 1768 1730 Dominum
1785 1691 1829 1730 re-

135 1775 227 1820 autem
246 1785 405 1836 supressum
425 1785 481 1821 non
500 1769 642 1836 estquod
660 1775 819 1820 nostrorum
839 1764 970 1832 hocpre·
996 1769 1134 1835 spondere
1154 1774 1219 1834 post
1246 1765 1408 1819 Christum
1431 1764 1524 1818 licebit
1547 1765 1576 1814 in
1601 1763 1700 1830 plodio
1720 1763 1829 1815 vasari

135 1855 364 1919 amassenus
379 1853 483 1906 nastris
499 1869 564 1904 vero
579 1860 714 1920 tanesiam
727 1851 854 1903 ueritatis
873 1848 971 1901 amicis
998 1853 1121 1905 Domino
1131 1852 1343 1920 pronuntiante,
1361 1850 1460 1918 plodio
1474 1850 1642 1917 periturum,
1660 1849 1710 1917 qui
1727 1848 1827 1916 plodio

135 1939 299 2006 simpliciter
325 1946 350 1989 ct
375 1938 514 2004 condida,
539 1939 615 2005 quod
638 1944 745 2003 pastum
763 1944 817 2003 est,
836 1936 970 1989 traditur.
994 1939 1085 2001 suerit
1102 1940 1190 1990 usust
1216 1945 1242 1990 ct
1262 1937 1371 2005 proelio
1390 1936 1552 2004 operabitur
1564 1935 1645 2002 filius
1660 1934 1758 2001 pacis,
1783 1934 1830 1985 cui

135 2024 237 2077 Postea
267 2023 380 2091 subjicit
410 2023 500 2076 locum
528 2039 561 2076 ex
588 2021 775 2092 Apollinario,
800 2021 874 2091 quod
901 2018 970 2074 haec
996 2040 1046 2076 nec
1068 2023 1183 2090 litipare
1205 2023 1369 2076 consecuisse
1395 2020 1506 2074 ”adde
1535 2021 1617 2074 eund.
1642 2018 1676 2072 de
1706 2018 1828 2072 idololat

135 2110 208 2180 legio
225 2109 262 2162 ab
282 2110 448 2177 imperatore
473 2109 649 2176 postmodum
673 2107 750 2161 dicta
773 2105 857 2160 fuerit
874 2125 970 2177 espau-
995 2125 1018 2162 c.
1045 2114 1084 2164 te.
1117 2126 1144 2178 p.
1172 2114 1227 2163 157.
1262 2113 1319 2161 158.
1344 2106 1409 2160 edit.
1441 2105 1569 2159 arante
1616 2103 1750 2174 Origenes
1779 2103 1828 2158 lib.

137 2194 258 2262 sopitos,
276 2194 418 2256 fulminea,
436 2199 465 2246 et
485 2209 518 2246 ex
535 2192 708 2247 Tertulliano
727 2192 757 2246 in
772 2191 881 2262 apolog.
901 2209 925 2246 c.
946 2198 969 2244 5.
997 2200 1019 2248 2.
1048 2201 1121 2249 cont.
1146 2191 1272 2260 Celsum,
1302 2190 1443 2244 Christum
1468 2191 1498 2242 in
1524 2191 1560 2244 N.
1584 2190 1615 2242 T.
1642 2189 1737 2242 omnia
1755 2189 1829 2242 bella

136 2281 183 2334 nbi
209 2285 341 2348 provocat
365 2279 401 2331 ad
419 2277 513 2332 literas
535 2277 642 2333 Aurelii
660 2278 853 2347 imperatoris,
868 2276 969 2346 quibus
995 2280 1142 2333 sustulisse
1159 2280 1292 2348 disputat.
1332 2276 1411 2330 Idem
1430 2275 1502 2330 bom.
1525 2281 1564 2329 15.
1591 2274 1620 2327 in
1637 2273 1696 2329 Jos.
1717 2280 1745 2327 et
1764 2273 1829 2327 cita-

135 2365 209 2418 illam
224 2362 418 2418 Germanicam
436 2363 511 2417 sitim
524 2362 743 2417 Christianorum
761 2362 833 2416 forte
851 2362 968 2415 militnm
993 2371 1040 2419 tur
1052 2381 1075 2419 c.
1088 2364 1148 2419 Nisi
1160 2370 1212 2420 eto.
1223 2380 1297 2418 caus.
1312 2367 1354 2417 23.
1371 2379 1397 2431 q.
1414 2367 1440 2415 1:
1460 2359 1527 2414 Nisi
1538 2360 1612 2413 bella
1626 2360 1681 2413 isto
1694 2360 1828 2413 carnalia

137 2448 343 2519 precationibus
364 2448 510 2517 impetrato
523 2448 604 2502 imbri
620 2449 772 2503 discussam
791 2453 969 2502 contestatur.
995 2454 1115 2518 riparum
1143 2449 1337 2519 spiritualium
1364 2447 1498 2500 bellorum
1521 2453 1662 2513 parerent,
1688 2461 1830 2513 utinquam

135 2535 213 2589 idem
237 2534 375 2588 Eusebius
394 2533 441 2586 lib
461 2539 484 2588 9.
508 2532 571 2586 hist
597 2534 663 2587 eccl
689 2549 712 2586 c
735 2539 758 2587 9.
776 2532 969 2587 miraculosam
995 2545 1026 2589 ut
1049 2536 1151 2606 opinor
1168 2535 1359 2588 Judaicarum
1384 2533 1566 2587 historiarum
1585 2531 1655 2585 libri
1680 2529 1830 2597 discipulis
1926 2537 1930 2561 ²

134 2619 309 2675 Constantini
339 2619 483 2672 victoriam
512 2635 546 2672 ιιι
575 2617 648 2672 bello
676 2624 773 2671 conus
798 2604 982 2738 Μιιιιιιιιιιιιῑ
997 2621 1112 2690 Christi,
1129 2621 1262 2690 quiverit
1277 2636 1379 2689 pacem
1396 2620 1519 2686 tradere,
1539 2615 1830 2684 topandiinecclesiis

135 2711 304 2776 reportatam
322 2704 454 2758 describit
465 2704 513 2758 hb
536 2710 558 2758 1
572 2702 677 2756 devite
690 2703 863 2759 Constantini
888 2709 1032 2801 ι.28.1αι
1056 2708 1193 2777 apostolis
1218 2708 1341 2771 fuissent
1368 2705 1477 2759 traditi.
1515 2705 1575 2766 Quo
1595 2702 1667 2756 enim
1686 2703 1726 2754 ιιι
1744 2702 1830 2756 mtto

138 2792 204 2846 Cum
229 2792 272 2844 sol
301 2794 342 2843 cd
365 2791 486 2842 mediam
512 2789 619 2843 coelum
643 2790 848 2853 adscendisset,
874 2789 952 2842 die'
940 2804 1057 2846 rutrum
1082 2794 1235 2865 proficeret
1263 2793 1318 2844 ista
1347 2791 1514 2858 descriptio,
1548 2789 1648 2858 quibus
1677 2789 1783 2840 dictum
1809 2803 1830 2839 a

135 2879 360 2946 pomeridianum
377 2884 485 2945 tempus
500 2876 653 2944 pardulum
670 2875 822 2928 inclinante
836 2846 983 2930 (lanstan-¹
997 2877 1116 2946 Gliristo,
1131 2895 1231 2948 pacem
1249 2895 1339 2932 meam
1358 2878 1395 2929 do
1412 2875 1489 2929 cobis
1507 2882 1560 2929 etc.
1598 2872 1761 2929 Lactantius
1780 2869 1828 2926 lib.

137 2966 212 3017 tinus
235 2966 327 3016 crucis
353 2963 462 3030 sipnum
486 2979 520 3016 en
546 2963 618 3014 luces
645 2963 794 3030 splendore
820 2964 970 3028 dpuratum
997 2969 1021 3019 6.
1041 2962 1229 3018 dirimimur.
1249 2980 1273 3019 c.
1294 2968 1333 3018 19.
1351 2962 1433 3017 ιιιιι.
1451 2960 1513 3015 med
1531 2977 1558 3029 p.
1582 2965 1647 3014 ³65:
1674 2961 1740 3009 Gom
1758 2957 1828 3011 occi·

138 3051 167 3102 in
191 3050 253 3120 ipso
279 3049 356 3102 coelo
377 3049 434 3101 soli
460 3047 604 3100 imminens
632 3047 783 3112 manifesto
812 3048 902 3100 oeulis
919 3049 1064 3103 asi-'dere
1082 3052 1161 3104 Deus
1182 3055 1268 3116 uetat,
1291 3066 1347 3102 non
1371 3053 1476 3099 tantum
1500 3045 1671 3099 latrocinari
1689 3044 1830 3113 prohibat,

136 3136 226 3203 specil
258 3135 341 3201 inque
365 3150 397 3186 eo
424 3133 634 3200 inscriptionem
666 3132 870 3200 consipnatam,
899 3148 970 3202 quae
999 3137 1076 3202 quod
1103 3151 1137 3187 ne
1158 3150 1211 3202 per
1229 3134 1305 3201 lepes
1322 3133 1433 3202 quidem
1455 3132 1586 3200 publicas
1612 3130 1693 3198 licat,
1719 3131 1770 3182 sed
1795 3144 1829 3182 sa

138 3222 205 3274 haee
223 3221 306 3272 rerba
324 3219 571 3286 complectebatur,
592 3219 622 3269 in
639 3219 691 3270 hoc
708 3220 808 3271 uinces.
845 3217 971 3273 Socrates
998 3236 1106 3288 quoque
1131 3236 1166 3273 ne
1193 3221 1277 3287 dant,
1303 3226 1409 3281 monet,
1436 3233 1507 3287 puae
1532 3217 1613 3284 apud
1630 3216 1753 3270 homines
1771 3230 1830 3282 pro
1843 3219 1955 3262 Hm

29 3311 65 3354 tv.
79 3310 118 3350 ιιι
138 3308 184 3360 lib.
202 3313 225 3359 t.
240 3323 264 3359 c.
282 3313 324 3359 le:
345 3304 413 3358 Cam
426 3302 731 3371 Omsstantinopolitani
746 3309 870 3373 (propter
885 3302 971 3356 maxi-
997 3306 1086 3358 licitis
1110 3306 1253 3358 habentur.
1296 3303 1345 3357 Ita
1369 3318 1457 3372 nepte
1484 3302 1607 3355 militare
1625 3303 1705 3368 justo
1728 3299 1832 3363 licebit,

140 3408 200 3444 mas
220 3390 366 3444 Persarum
384 3389 491 3459 copias)
503 3390 587 3442 annio
600 3397 625 3441 et
638 3389 750 3440 solicito
769 3389 863 3442 animo
883 3395 972 3441 essent
998 3390 1081 3458 eujus
1099 3391 1204 3444 militia
1223 3397 1263 3443 est
1282 3391 1393 3457 inipso
1406 3387 1540 3456 justitia,
1559 3402 1646 3454 neque
1666 3402 1732 3440 aero
1750 3401 1831 3439 acca·

139 3486 163 3527 et
188 3484 305 3544 propter
329 3477 464 3528 incertam
492 3475 560 3528 belli
583 3476 731 3537 fortunam
757 3474 877 3542 ancipiti
903 3490 972 3526 cura
998 3493 1062 3530 sare
1080 3491 1235 3546 perquam
1259 3474 1375 3528 crimine
1399 3473 1532 3541 capitali,
1555 3472 1624 3540 puio
1645 3471 1717 3525 nibil
1734 3472 1832 3541 distat,

139 3563 282 3627 distracti,
307 3562 402 3628 ampeli
428 3562 487 3614 Dei
512 3561 541 3612 in
562 3561 699 3626 Bitbpnia
725 3560 881 3627 nonnullis,
904 3576 972 3628 quas
999 3570 1125 3616 utmmne
1140 3564 1227 3628 serra
1250 3579 1288 3614 an
1315 3561 1399 3613 ιιιιο
1419 3559 1515 3628 potius
1543 3559 1672 3624 occidas,
1699 3558 1832 3625 quoniam

139 3648 248 3713 nepotia
278 3648 439 3700 necusaria
465 3645 729 3715 Constantinopolin
757 3644 799 3698 ire
829 3647 972 3712 copelata,
999 3648 1102 3704 οιιιιιο
1127 3648 1194 3715 ipsa
1211 3647 1385 3716 prohibetur.
1430 3644 1530 3714 Itaque
1553 3644 1583 3696 in
1602 3644 1653 3696 hoc
1672 3645 1732 3697 Dei
1748 3643 1832 3712 prde-

139 3741 310 3805 npparentes
328 3734 430 3799 jubent
456 3732 618 3784 renuntiare
647 3730 972 3800 constantinopolitanis,
999 3741 1077 3803 capto
1112 3733 1220 3787 nullam
1246 3748 1366 3800 proruis
1401 3733 1586 3798 &ceptionem
1609 3731 1681 3797 fieri
1714 3738 1833 3799 oportet,

140 3828 167 3871 ut
186 3819 255 3870 bono
274 3818 368 3869 animo
388 3818 458 3879 sint,
481 3817 613 3884 precibus
638 3833 667 3869 se
692 3818 798 3870 dedant
821 3825 847 3869 et
864 3818 973 3880 tirmam
999 3821 1067 3888 quin
1096 3820 1223 3873 occidere
1252 3820 1389 3871 hominem
1418 3817 1456 3870 sit
1482 3833 1592 3884 semper
1622 3818 1721 3880 nefas,
1752 3832 1831 3885 quem

139 3906 168 3956 in
191 3907 254 3956 Dea
281 3921 357 3971 spem
379 3909 499 3970 ponant,
525 3903 668 3956 Romanos
689 3902 807 3956 victores
826 3904 912 3968 sore,
944 3920 972 3956 sa
1002 3909 1080 3959 Deus
1103 3913 1238 3968 sanctum,
1252 3903 1360 3956 animal
1386 3919 1444 3956 esse
1467 3903 1562 3957 uoluit.
1600 3901 1786 3972 Hieronymus
1803 3903 1833 3957 in

140 3991 211 4043 eriim
228 3991 474 4042 administratores
492 3987 560 4041 belli
577 4006 596 4039 a
615 3991 678 4042 Deo
695 3990 793 4041 missos
820 4005 879 4042 esse
898 3991 973 4041 dice·
1000 3992 1080 4062 epist.
1098 3991 1134 4045 ad
1152 3989 1339 4061 Ageruohiam
1357 3988 1392 4042 dc
1408 4003 1576 4059 monogama
1595 3989 1670 4042 Olim
1688 3989 1833 4042 bellatori·

141 4079 215 4133 burst,
234 4078 267 4127 id
283 4076 360 4144 quod
374 4082 471 4127 eventu
481 4072 654 4139 felicissimo
665 4075 724 4137 fnit
739 4082 973 4143 posteacompro·
1000 4077 1049 4129 bris
1068 4077 1222 4140 dicebmur,
1242 4075 1356 4143 accinpc
1380 4075 1508 4143 pladium
1534 4082 1609 4127 tuum
1636 4091 1720 4143 super
1731 4075 1833 4141 femur

144 4164 244 4216 latrem.
282 4159 457 4230 Augustinus
475 4159 523 4214 lib.
544 4166 568 4214 5.
588 4159 623 4213 de
641 4160 692 4213 ιιι.
710 4159 765 4214 Dei
783 4176 807 4214 c.
821 4165 861 4214 23.
880 4160 973 4229 refert,
999 4170 1075 4215 tuum
1100 4161 1304 4230 potentissime,
1335 4177 1408 4214 nunc
1437 4161 1526 4214 Petro
1558 4161 1674 4226 dicitur,
1705 4167 1832 4214 canuam

141 4248 288 4299 exercitum
308 4246 431 4298 Honorii
456 4245 551 4297 divino
569 4245 707 4297 miraculo
726 4245 918 4299 incredibilem
936 4248 971 4299 de
998 4248 1125 4317 pladium
1147 4256 1222 4300 tuum
1246 4248 1276 4299 in
1299 4246 1439 4313 napinam.
1487 4247 1545 4300 Leo
1568 4245 1597 4299 in
1621 4244 1700 4315 epist.
1725 4252 1767 4300 90.
1794 4246 1830 4298 ad

145 4332 244 4386 Gothis
261 4331 409 4383 riciarium
424 4330 561 4384 retulisse.
598 4329 741 4399 Ejusmodi
755 4330 883 4400 exempla
899 4348 972 4387 com·
999 4333 1151 4396 Rusticum,
1160 4331 1375 4388 ethabeturinc.
1383 4336 1501 4387 ιοιιιιιι.
1509 4336 1560 4386 ιιι.
1568 4329 1706 4385 distatis
1713 4330 1832 4400 poenit:

141 4417 221 4486 plura
253 4417 281 4469 in
314 4415 429 4469 historia
465 4415 653 4470 ecclesiastica
685 4421 818 4470 annotata
855 4423 973 4472 exstant.
1000 4419 1180 4473 Contrarium
1188 4415 1832 4484 estccclesioerepulispostpoenitentioeactio·
1900 4448 1903 4453 ·

141 4502 284 4557 Coronidis
305 4502 365 4555 loco
384 4517 541 4568 monemus,
563 4500 743 4556 Photinianos
763 4518 825 4555 cum
844 4519 896 4556 sua
913 4503 973 4573 opi·
1000 4523 1061 4559 nem
1072 4505 1166 4558 redire
1184 4505 1225 4556 ad
1244 4503 1374 4555 militiam
1391 4502 1556 4556 secularem.
1587 4499 1712 4569 Respicit
1724 4500 1833 4556 Lsosl

141 4588 222 4640 niune
247 4605 302 4640 non
327 4602 408 4656 posse
434 4586 521 4641 solide
546 4587 692 4641 conciliare
715 4593 863 4656 sequentes
885 4589 972 4659 hypo·
1001 4591 1142 4644 decretum
1154 4586 1263 4642 concilii
1275 4585 1392 4640 Nicaeni
1407 4602 1466 4640 can.
1488 4591 1527 4641 u.
1545 4585 1594 4639 ubi
1608 4586 1782 4654 poenitentia
1795 4586 1834 4640 iis

139 4673 239 4728 theses.
274 4680 294 4727 1.
314 4672 484 4738 Concedunt,
503 4673 587 4726 licere
604 4671 765 4726 Christiano
778 4675 973 4740 asapistratum
1001 4676 1167 4745 injunpitur,
1185 4673 1385 4743 puniturum,
1404 4672 1452 4724 θαι
1464 4671 1701 4739 renuntiaverant,
1717 4672 1834 4740 ΓθΡθιιι·

139 4777 243 4826 perere,
262 4757 371 4812 interim
390 4763 539 4826 negante
558 4758 896 4830 Christianomegistratu
916 4760 974 4815 bel-
1000 4745 1067 4818 rint.
1097 4760 1258 4827 (Balsamon
1274 4765 1302 4812 et
1313 4757 1434 4811 Zonaras
1453 4754 1527 4809 hunc
1542 4772 1674 4812 ιιιιοιιιιιι
1693 4762 1834 4827 exponunt

140 4844 196 4896 lum
208 4845 266 4913 geri
280 4859 369 4911 posse,
388 4859 451 4896 cum
466 4843 588 4898 incidere
605 4843 693 4913 possit
703 4850 811 4915 tempus
829 4846 974 4915 ejusmodi,
1002 4849 1036 4901 de
1055 4847 1118 4914 illis,
1135 4846 1182 4917 qui
1201 4844 1343 4914 cingulum
1361 4841 1535 4911 ambiebant,
1559 4840 1643 4897 iidem
1662 4859 1766 4914 negare
1784 4856 1833 4913 pa·

140 4937 171 4982 ut
189 4928 225 4980 ad
248 4933 349 4980 statum
369 4945 450 4981 suum
469 4927 674 4985 defendendum
696 4929 875 5002 magistratus
894 4947 988 5002 cogn·
1004 4934 1076 4995 rati.)
1111 4932 1198 4986 Plura
1221 4929 1380 5000 hujusmodi
1403 4928 1479 4983 dicta
1506 4946 1541 4983 ex
1565 4929 1690 5000 patribus
1718 4929 1835 4984 adduxit

144 5022 188 5066 tur
209 5012 312 5065 bellum
332 5012 478 5082 suscipere.
516 5019 540 5066 2.
558 5012 731 5078 Concedunt,
747 5017 776 5067 in
799 5017 829 5070 V.
850 5019 881 5069 T.
901 5019 976 5071 bella
1001 5019 1133 5074 Erasmus
1157 5017 1187 5071 in
1214 5020 1307 5069 annot.
1331 5029 1392 5083 cap.
1419 5019 1443 5070 3.
1469 5020 1497 5069 et
1520 5032 1580 5083 cap.
1605 5020 1646 5070 tt.
1675 5015 1744 5069 Luc.
1763 5031 1835 5085 qnae
1862 5037 1868 5045 ·

140 5101 231 5164 finisse
249 5099 338 5163 licita,
356 5098 386 5150 in
405 5098 440 5153 N.
461 5099 557 5152 dicunt
576 5100 730 5168 prohibita,
754 5118 817 5155 cum
843 5103 975 5158 disertum
1003 5105 1147 5160 commoda
1163 5100 1391 5170 interpretatione
1407 5099 1444 5153 sd
1462 5101 1566 5154 bonum
1582 5116 1692 5154 sensnm
1704 5117 1834 5155 revocare

142 5185 257 5254 aliquod
273 5183 448 5237 interdictum
466 5183 566 5239 afferre
585 5193 732 5254 nequeant.
768 5194 791 5242 3.
805 5187 975 5255 Concedunt,
1002 5195 1116 5244 conatur
1135 5185 1319 5242 Bellarminus
1333 5185 1384 5242 lib.
1398 5190 1428 5240 t.
1455 5185 1492 5240 de
1518 5186 1597 5240 laicis
1617 5202 1677 5256 cap.
1699 5192 1737 5241 lb.
1759 5186 1834 5257 quod

142 5273 332 5332 deformiorem
354 5286 413 5323 esso
424 5271 505 5338 juris
524 5271 677 5337 naturalis,
696 5272 770 5342 qnod
789 5279 832 5326 est
848 5275 975 5328 immuta-
1002 5294 1037 5330 an
1072 5276 1102 5329 in
1136 5274 1263 5328 omnibus
1298 5272 1358 5327 fieri
1397 5273 1500 5343 possit,
1539 5274 1636 5329 merito
1666 5273 1835 5329 dubitamus.

141 5357 197 5411 bile
215 5364 244 5411 et
261 5362 438 5426 perpetuum,
465 5355 573 5410 interim
596 5363 714 5426 negant,
740 5356 815 5412 bella
834 5358 976 5415 detensirs
1003 5368 1026 5417 3.
1047 5361 1148 5415 Nostro
1174 5359 1267 5414 seculo
1293 5360 1500 5427 Anabaptistae
1523 5376 1585 5414 cum
1611 5359 1673 5413 aliis
1697 5360 1836 5415 erroribus

143 5460 201 5497 esse
222 5443 306 5498 licita.
344 5450 368 5497 4.
393 5441 569 5501 Concedunt,
594 5441 621 5493 si
639 5442 701 5510 quis
719 5442 804 5495 aliter
821 5461 881 5497 sese
900 5435 976 5500 alere
1003 5452 1100 5501 contra
1117 5444 1297 5516 magistratus
1316 5443 1438 5500 officium
1451 5444 1640 5514 pugnantibus
1658 5446 1741 5500 etiam
1762 5449 1835 5500 huno

142 5538 266 5596 remeat,
285 5536 410 5582 tractare
430 5529 501 5582 talia
519 5527 651 5596 artificia,
667 5543 784 5597 quorum
802 5544 976 5598 operaarma
1002 5531 1120 5603 amplexi
1149 5538 1226 5595 sunt,
1254 5547 1311 5585 non
1335 5530 1418 5586 licem
1440 5532 1469 5585 in
1493 5532 1528 5587 N.
1545 5531 1579 5589 T.
1604 5532 1707 5587 bellum
1728 5547 1834 5604 gerere,
