4020 6014
226 243 284 300 512
777 185 918 293 ‘iocus
937 232 1141 291 vlessluus
1160 234 1340 301 QUARTUS

224 387 302 443 Biele
324 396 349 447 4.
369 392 439 446 sent.
458 389 520 444 dist.
543 395 583 445 15.
602 406 629 460 q.
648 395 672 444 4.
703 387 741 441 In
760 389 840 459 betto,
859 388 952 460 inquit
969 394 1021 444 art.
1035 389 1057 442 2.
1089 386 1171 443 Dent.
1191 395 1232 453 23,
1250 406 1277 442 ι.
1295 395 1319 444 9.
1338 390 1453 443 observo
1472 389 1531 443 sive
1549 405 1616 443 eave
1635 387 1687 443 tibi
1707 403 1751 477 γη,
1763 406 1827 477 '¹³13
1843 389 1925 465 ’,ἢθη

220 493 277 544 pro
294 476 376 528 rebus
395 476 554 544 repetendis
574 483 647 528 moto
675 475 809 528 bellantes
826 482 953 530 tenentur
978 475 1060 528 resti·
1087 473 1123 524 ab
1150 476 1228 528 omni
1248 492 1280 529 re
1304 476 1397 539 matu,
1421 475 1456 530 ab
1480 475 1609 530 omnibus
1633 473 1747 543 flagitiis
1773 491 1839 527 cum
1863 474 1926 544 lege

224 568 310 630 tuere,
333 562 475 631 quidquid
496 562 574 615 uitro
592 578 638 615 res
663 564 873 629 recuperandae
901 570 928 615 ct
954 564 1061 615 domna
1086 557 1141 612 Dei
1168 561 1375 632 pugnantibus,
1403 577 1439 616 ne
1464 561 1581 616 victoria
1608 566 1722 631 propter
1749 559 1926 630 impietatem

221 664 312 716 passu
331 655 357 700 et
375 648 487 702 inbuet
506 658 589 716 utque
609 665 744 717 expensos
763 649 800 701 ab
825 649 948 701 hostibus
965 649 1060 717 neqni-
1087 644 1202 714 priveris
1221 652 1249 700 et
1268 647 1393 702 hostibus
1413 647 1467 701 tuis
1486 647 1592 717 pracda
1608 647 1668 702 fias.

225 735 321 789 nuere.
339 740 391 790 art.
412 740 443 788 3:
463 735 559 788 Omnis
577 735 696 789 bellator
716 735 745 786 in
765 735 836 790 bello
856 735 961 804 injusto
982 743 1061 787 entra
1121 737 1181 788 415.
1218 733 1347 788 Ceterum
1364 733 1454 804 pietas
1472 733 1520 786 ills
1537 732 1731 803 complectitur
1753 737 1775 787 1.
1789 739 1926 785 serumst

227 837 323 873 cassem
336 822 536 889 praecedentis
563 821 751 875 conclusionis
767 829 875 874 tenetur
893 824 934 874 ud
950 823 1061 875 restite
1087 819 1226 872 sinceram
1249 822 1292 873 nd
1308 822 1401 873 Deum
1430 821 1644 874 conversionem.
1683 818 1753 874 Cum
1773 818 1849 873 enim
1867 817 1925 872 bel·

225 906 327 960 tionem
345 907 505 961 ablutorum
517 926 551 961 oc
570 909 691 962 omnium
704 910 871 961 damnorum
885 908 1061 962 aduersariis
1087 904 1144 958 lum
1163 905 1192 958 in
1205 904 1354 975 scripturis
1371 906 1475 976 passim
1492 905 1629 961 referatur
1646 905 1719 960 inter
1735 921 1843 975 poenas
1861 920 1925 975 pec·

225 1009 260 1046 uc
283 993 337 1046 sili
361 994 580 1047 annuentibus
604 995 757 1048 illatorum.
782 999 833 1049 art.
860 1001 890 1049 5:
918 995 1061 1048 Dominus
1086 997 1212 1046 catorum
1243 1010 1277 1045 ac
1306 993 1405 1046 diuina
1430 993 1612 1062 prouidentia
1650 992 1739 1045 soleat
1776 999 1925 1058 corruptos

226 1094 325 1146 gerens
344 1079 446 1132 bellurn
466 1080 601 1147 injustum
619 1081 739 1133 subditis
757 1081 816 1133 sues
836 1097 898 1134 cum
911 1081 983 1134 tono
1003 1072 1061 1145 tide
1087 1078 1227 1131 bominum
1254 1096 1345 1132 mores
1373 1079 1455 1132 bellis
1482 1080 1633 1132 emendare
1661 1085 1743 1146 atque
1771 1085 1924 1140 conterere,

98 1167 152 1211 nv.
166 1165 403 1232 ”bregnensibus
425 1173 532 1218 tentetur
556 1167 598 1218 od
615 1167 816 1220 restitutionem
840 1167 961 1219 omniurn
981 1168 1061 1219 dan-
1086 1163 1260 1235 Augustinus
1272 1163 1320 1218 lib.
1334 1170 1357 1219 1.
1377 1164 1473 1221 dcciv.
1484 1165 1538 1219 Dei
1550 1181 1574 1218 c.
1590 1164 1684 1220 tideo
1694 1163 1782 1234 primo
1800 1162 1924 1216 omnium

224 1266 324 1302 norum
343 1251 448 1303 eisdem
466 1252 502 1302 ab
520 1252 696 1304 aduersariis
718 1253 864 1306 oceanonc
883 1252 952 1305 belli
967 1252 1059 1305 illuto·
1086 1267 1136 1319 per
1158 1268 1250 1306 veram
1274 1251 1473 1322 poenitentiam
1496 1268 1559 1304 cum
1583 1251 1645 1304 Deo
1672 1250 1806 1304 debemus
1833 1249 1924 1304 redire

223 1354 295 1390 rum.
317 1342 361 1389 art
375 1343 407 1391 t:
427 1337 542 1390 Substiti
553 1338 582 1390 in
601 1338 686 1392 dubio
705 1339 839 1392 bellantes
851 1355 883 1392 ec
902 1339 1060 1392 obedientia
1086 1335 1116 1388 in
1132 1336 1260 1406 gratim,
1279 1336 1388 1406 quoties
1400 1336 1466 1391 belli
1480 1337 1673 1392 necessitatem
1685 1335 1808 1391 humeris
1822 1335 1923 1389 noctuis

223 1422 392 1491 superioris,
414 1430 566 1493 postquam
586 1423 772 1494 cognoverint,
797 1426 899 1479 beilum
924 1425 1059 1494 injustum
1085 1421 1244 1477 incumbere
1263 1421 1516 1477 animadvertimus.
1550 1422 1665 1492 Insigne
1674 1421 1759 1490 hujus
1773 1420 1814 1475 rei
1833 1436 1922 1476 exem-

221 1497 326 1576 iuisse,
350 1515 477 1561 tenentur
499 1510 593 1562 onznia
613 1526 686 1578 quoe
704 1510 805 1564 iubent
830 1511 984 1578 restituam,
1002 1528 1058 1564 non
1085 1508 1162 1577 plum
1188 1508 1268 1564 nobis
1293 1508 1457 1579 proponitur
1485 1507 1514 1562 in
1539 1507 1694 1578 Josaphato
1720 1513 1743 1562 2.
1762 1507 1856 1562 Paral.
1880 1514 1921 1575 21),

222 1601 314 1647 auten
339 1602 482 1648 consumta
507 1596 637 1649 existente
665 1596 737 1650 bonu
760 1598 830 1665 fide.
860 1604 911 1653 art.
936 1602 968 1653 8:
992 1599 1057 1652 Non
1084 1612 1110 1650 u.
1130 1599 1155 1648 3.
1190 1594 1261 1650 Cum
1279 1595 1351 1649 enim
1368 1594 1546 1663 Joscpleutus
1567 1594 1690 1648 audiret:
1721 1595 1802 1647 Venit
1822 1600 1920 1647 contro

221 1680 349 1734 subditus
374 1681 486 1734 ueniens
514 1682 556 1733 ad
589 1681 691 1734 bellum
719 1683 853 1751 injustum
881 1691 987 1737 tenetur
1017 1687 1059 1737 ad
1084 1689 1110 1733 te
1134 1681 1284 1735 multitudo
1310 1699 1414 1750 mnynu
1432 1683 1468 1734 dc
1485 1681 1529 1734 tn
1547 1680 1634 1748 locris,
1655 1696 1726 1749 qnos
1744 1687 1824 1732 trans
1842 1697 1919 1732 mure

221 1766 420 1819 ratitutioncm
433 1769 600 1819 domnorum
610 1766 712 1834 injuste
723 1769 894 1838 impugnatis
903 1769 1057 1824 illatorum.
1084 1775 1161 1835 mut,
1185 1767 1245 1836 epse
1269 1769 1335 1821 totis
1352 1768 1458 1820 rn'rilm
1482 1784 1512 1820 se
1533 1767 1652 1820 contulit
1671 1767 1712 1818 cd
1728 1767 1918 1834 qumsrcndnm

221 1856 273 1905 art.
291 1858 321 1906 9:
339 1854 390 1905 rid
412 1852 614 1906 contitutionem
633 1861 772 1918 tenentur,
800 1856 850 1923 qui
873 1856 1057 1921 damnificant
1084 1854 1239 1907 Dominum
1262 1861 1288 1907 st
1301 1853 1481 1925 praedicarit
1498 1853 1644 1921 jejunium
1669 1853 1801 1904 uniuerso
1827 1852 1918 1916 Judo,

222 1941 305 1992 etiam
325 1939 355 1990 in
374 1938 447 1992 bello
459 1939 541 2007 justo
558 1939 728 2007 innocentes,
747 1942 797 2009 qui
814 1942 990 1994 aduersariis
1006 1960 1056 1996 nec
1083 1944 1115 1991 ut
1131 1939 1251 2008 populus
1276 1945 1389 1994 externa
1416 1938 1465 1992 illa
1479 1937 1581 2008 jejunii
1600 1936 1777 2007 paedagogia
1795 1936 1917 1992 admom-

222 2026 368 2093 nueu'lium,
386 2040 437 2077 nec
454 2025 583 2088 fororem
598 2033 756 2094 praestant.
791 2026 870 2081 Haec
888 2028 964 2094 Biel,
983 2045 1055 2098 quae
1083 2031 1128 2079 tus
1153 2024 1182 2078 in
1208 2042 1238 2079 se
1261 2025 1456 2090 descenderet,
1484 2032 1599 2093 peccata
1686 2028 1794 2078 oscerst
1817 2030 1846 2077 et
1867 2039 1918 2093 pro

222 2128 255 2167 er
278 2111 346 2181 ipsis
363 2111 434 2179 juris
455 2111 541 2164 divini
559 2111 683 2166 fontibus
696 2112 817 2167 deducta
834 2119 979 2184 magnates
996 2114 1058 2170 abs·
1083 2111 1226 2165 aversione
1238 2127 1344 2180 poenas
1356 2109 1497 2164 ardentius
1510 2115 1609 2163 oraret·
1629 2038 1770 2162 fflomon
1779 2107 1864 2162 Prov·
1876 2114 1917 2171 ²¹2

220 2204 323 2252 terrere
351 2197 467 2264 debent,
494 2213 530 2251 ne
554 2215 588 2252 er
617 2197 768 2252 ambitione
802 2204 831 2254 et
853 2199 970 2253 scantia
1002 2218 1056 2255 non
1082 2214 1108 2252 v.
1129 2202 1169 2252 31.
1185 2197 1268 2251 dicit:
1291 2198 1391 2265 Equus
1408 2203 1533 2265 poratssr
1550 2196 1591 2247 od
1600 2194 1757 2262 proelium,
1774 2195 1917 2248 Dominus

221 2281 406 2337 necessarium
442 2283 556 2361 aliquod
591 2282 697 2338 bellum
728 2290 865 2340 moveant.
916 2286 1057 2341 Addcnda
1082 2291 1174 2336 autern
1200 2284 1296 2337 tribuit
1321 2283 1484 2346 verulan,
1507 2298 1619 2336 11608888
1641 2281 1728 2351 igitur
1746 2288 1803 2350 θῠῐ,
1832 2288 1864 2336 nt
1882 2281 1918 2335 ⁸11

221 2375 314 2423 tamen
342 2368 441 2438 triplex
469 2368 610 2423 limitatio:
640 2375 661 2424 1.
688 2370 711 2423 si
738 2370 842 2426 bellum
867 2371 903 2426 sit
927 2372 1056 2426 vitiosum
1082 2370 1174 2442 Deum
1192 2376 1384 2426 convertamur
1403 2372 1431 2423 et
1445 2368 1497 2439 ipsi
1511 2367 1727 2431 reconciliemur,
1745 2367 1815 2420 alim
1828 2367 1917 2421 omnis

221 2455 327 2509 ratione
351 2454 513 2508 intentionis
535 2459 657 2520 tantum,
682 2456 734 2510 hnc
758 2464 801 2511 est
822 2458 845 2512 si
864 2458 943 2513 adest
961 2464 1055 2514 aucto·
1080 2456 1212 2512 victoriae
1237 2473 1301 2528 spes
1325 2455 1379 2511 erit
1400 2470 1472 2509 vana
1494 2470 1527 2508 ae
1552 2454 1714 2508 frustranen
1759 2456 1786 2506 2.
1804 2454 1919 2507 Aemilii

220 2541 288 2594 ritas
311 2539 425 2608 publica
452 2546 480 2594 et
502 2541 696 2609 consumetis,
723 2542 801 2596 deest
826 2549 919 2598 antem
938 2544 1055 2601 intentio
1082 2544 1173 2597 divini
1190 2544 1425 2611 implorationem.
1456 2540 1539 2596 Dona
1560 2540 1613 2594 Dei
1630 2539 1737 2594 nonnisi
1755 2556 1807 2609 per
1820 2557 1917 2610 preces

221 2633 304 2694 recta,
322 2631 382 2679 tum
401 2642 456 2680 non
475 2625 635 2695 obligantur
654 2626 758 2681 bellum
779 2636 907 2699 gerentes
925 2630 962 2684 ad
976 2630 1054 2684 resti·
1081 2646 1114 2685 ex
1133 2631 1291 2700 poenitente
1310 2645 1344 2683 ac
1363 2627 1448 2682 fideli
1460 2626 1544 2682 corde
1561 2625 1700 2696 profectas
1713 2643 1730 2678 a
1746 2625 1829 2681 nobie
1845 2625 1917 2680 obti-
1932 2628 2000 2672 11V·²

220 2712 368 2782 tutionem3
397 2718 421 2766 2.
448 2712 470 2766 si
499 2712 573 2766 adsit
600 2712 758 2783 ignorantie
787 2714 968 2784 invincibilis,
999 2734 1054 2769 non
1081 2722 1189 2783 nentur,
1205 2717 1266 2785 jam
1284 2732 1349 2769 vero
1367 2713 1482 2768 victoria
1499 2712 1662 2783 estinsigne
1679 2711 1733 2766 Dei
1752 2711 1867 2779 donum,
1886 2716 1918 2766 nt

220 2803 350 2853 tenentur
391 2798 491 2853 milites
532 2799 569 2852 ad
611 2800 827 2870 restitutionem
876 2807 900 2860 3.
938 2802 961 2855 si
998 2819 1053 2857 non
1084 2803 1211 2873 superius
1229 2802 1408 2858 ostendimus.
1447 2800 1523 2870 Ergo
1543 2798 1673 2869 precibus
1692 2798 1784 2852 sDeo
1800 2798 1918 2853 victoria

219 2890 312 2955 potest
332 2884 468 2940 restitutio
487 2885 547 2940 ficri
569 2884 650 2941 veris'
669 2887 885 2955 possessoribus,
912 2887 963 2943 fiat
987 2906 1054 2960 pan·
1082 2894 1125 2945 est
1141 2888 1269 2959 petenda.
1306 2889 1405 2943 Preces
1422 2886 1486 2942 illae
1504 2887 1540 2940 de
1554 2886 1665 2956 justitia
1682 2901 1784 2939 causae
1803 2893 1918 2956 propter

221 2972 342 3042 peribus·
1084 2993 1167 3046 qnam
1186 2975 1290 3029 bellum
1310 2974 1475 3043 suscipitur,
1494 2971 1577 3026 etiam
1596 2987 1647 3024 nos
1664 2971 1826 3041 admonent,
1842 2972 1918 3042 qnod

93 3066 114 3109 a
128 3067 186 3108 oon·
258 3064 315 3113 414.
354 3064 377 3114 3.
396 3057 522 3112 Tertium
538 3058 609 3126 justi
626 3058 693 3112 belli
712 3059 875 3128 requisitum
893 3067 936 3115 est
957 3065 1056 3116 modus
1081 3063 1122 3116 ita
1138 3067 1297 3132 comparata
1317 3076 1378 3114 esse
1397 3058 1508 3122 debeat,
1526 3063 1628 3111 utnon
1646 3073 1792 3112 versemur
1808 3075 1871 3112 eam
1890 3061 1919 3112 in

65 3119 208 3218 'iiiiiwn
222 3145 290 3198 belli
307 3145 454 3212 legitimus.
494 3145 555 3199 Nou
579 3144 652 3198 enim
670 3142 787 3212 sufficit,
813 3145 916 3200 bellurn
935 3164 952 3201 a
971 3149 1056 3219 magi·
1082 3149 1168 3218 ipsius
1187 3146 1240 3201 Dei
1265 3153 1416 3216 conspectu
1441 3145 1470 3198 in
1497 3142 1627 3214 precibus
1646 3159 1793 3212 exponere.
1829 3144 1917 3200 Exod.

93 3222 177 3322 fflffi'
221 3236 312 3285 stratu
331 3249 364 3285 ex
384 3247 469 3285 causa
487 3231 769 3300 necessariaetjusta
787 3233 897 3303 suscipi,
915 3234 964 3287 sed
977 3252 1055 3305 opor·
1086 3239 1130 3303 17,
1151 3252 1175 3288 v.
1203 3240 1227 3288 9.
1252 3250 1315 3289 cum
1338 3232 1425 3295 Josue
1449 3237 1546 3285 contra
1573 3229 1746 3284 Amalecitas
1770 3239 1918 3302 pugnaret,

93 3332 150 3366 nus.
220 3320 262 3373 tet
279 3317 362 3372 etiam
380 3316 504 3387 legitimo
523 3317 605 3371 modo
623 3315 694 3371 illud
711 3317 788 3387 geri,
808 3319 891 3387 juxta
907 3319 976 3374 illud
997 3321 1055 3375 vul·
1083 3322 1198 3386 Moyses
1217 3318 1327 3373 interim
1346 3333 1443 3371 manus
1463 3317 1499 3372 ad
1517 3315 1609 3371 Deum
1629 3315 1759 3371 extendit
1802 3323 1824 3372 l.
1844 3317 1917 3373 Sam.

221 3408 335 3474 gatum:
357 3403 439 3464 Quod
446 3404 556 3471 justum
569 3409 617 3470 est,
625 3403 705 3470 juste
717 3407 886 3473 exsequereris.
911 3406 999 3461 Exod
1017 3413 1055 3471 11,
1083 3412 1124 3469 23,
1142 3423 1167 3462 v.
1178 3412 1201 3460 2.
1222 3422 1287 3459 cum
1298 3403 1444 3458 Philistaei
1456 3402 1588 3473 Kegilam
1600 3409 1805 3472 oppugnarent,
1818 3404 1920 3456 Dauid

220 3507 246 3542 ι.
268 3496 312 3545 11:
336 3490 403 3546 Cum
416 3489 521 3542 lecomt
541 3492 657 3557 Moyses
675 3507 796 3558 monum,
817 3492 941 3545 uincebat
953 3494 1056 3561 lucet,
1081 3492 1201 3548 consulit
1219 3490 1384 3558 Dominum,
1408 3506 1444 3544 an
1468 3489 1497 3542 in
1524 3488 1660 3559 proelium
1687 3494 1785 3544 contra
1805 3505 1854 3544 eos
1872 3489 1917 3544 de·

220 3577 264 3629 sin
282 3585 374 3629 cenem
388 3576 541 3646 punctulum
567 3577 732 3644 remisisset,
753 3579 903 3646 superabat
921 3581 1055 3648 Amalec,·
1081 3580 1212 3634 scandere
1225 3577 1348 3633 debeat?
1365 3575 1439 3631 idem
1452 3575 1520 3630 facit
1542 3581 1563 3630 1.
1577 3575 1650 3631 Sam.
1663 3580 1705 3644 ³0,
1722 3593 1748 3630 v.
1763 3582 1787 3631 8.
1807 3582 1831 3632 2.
1844 3578 1917 3633 Sam.

221 3677 286 3732 ergo
303 3678 359 3715 nou
377 3660 489 3728 sufficit,
508 3667 540 3715 ut
553 3663 631 3730 justa
650 3662 716 3718 belli
734 3662 771 3717 sit
788 3680 881 3728 cansa,
899 3665 949 3719 sed
966 3666 1054 3737 ipsam
1082 3673 1111 3729 5,
1129 3683 1153 3720 v.
1175 3670 1216 3720 23.
1235 3664 1274 3718 sic
1292 3680 1343 3734 per
1361 3678 1457 3733 preces
1476 3679 1507 3714 os
1525 3661 1646 3715 Domini
1660 3677 1764 3731 rogere
1780 3665 1917 3728 convenit,

220 3764 331 3817 qunque
347 3745 414 3801 belli
433 3747 549 3817 gerendi
574 3747 709 3803 rationem
729 3757 838 3819 oportet
856 3767 917 3805 esse
934 3753 1009 3821 piem
1027 3760 1055 3808 et
1081 3757 1228 3821 nunquam
1245 3751 1349 3805 bellum
1366 3747 1540 3819 suscipiatur.
1573 3754 1595 3803 1.
1610 3747 1672 3802 Per.
1694 3754 1718 3811 t,
1739 3766 1765 3802 ι.
1779 3754 1827 3804 to:
1847 3752 1918 3804 Trn-

219 3840 331 3913 rectam.
360 3832 425 3905 ios,
441 3839 464 3901 t,
483 3851 507 3888 v.
526 3840 548 3888 4.
561 3835 749 3890 succumbunt
759 3835 910 3907 Israilitae,
929 3840 1054 3909 quamvis
1082 3839 1139 3891 (1111
1158 3846 1222 3890 sunt
1240 3837 1371 3905 Agerent
1389 3836 1419 3889 in
1436 3854 1537 3890 munus
1556 3835 1761 3889 Rubeniturum
1781 3843 1808 3888 et
1828 3837 1918 3891 Gadi-

118 3910 127 3927 ⁹
220 3937 253 3974 er
278 3919 331 3973 Dei
358 3919 489 3973 mandato
510 3921 696 3989 justissimum
722 3922 827 3978 bellum
853 3931 950 3979 eontra
965 3925 1054 3981 Cann-
1081 3932 1175 3977 tarum
1193 3932 1242 3977 etc.
1261 3924 1328 3992 qnia
1341 3924 1474 3976 tiDeum
1489 3923 1695 3989 inuocauerunt,
1713 3939 1775 3976 curn
1790 3924 1918 3992 proelia·

220 4023 305 4061 uaeos
318 4012 454 4075 gererent,
474 4005 540 4076 quia
551 4009 715 4079 peccabant,
732 4027 787 4065 non
802 4011 914 4081 quidem
926 4013 955 4065 in
967 4030 1055 4066 carna
1080 4018 1185 4064 rentur.
1240 4015 1264 4064 2.
1296 4009 1387 4063 Parni,
1418 4015 1465 4077 20,
1503 4027 1529 4062 v.
1559 4015 1582 4065 6.
1619 4024 1684 4062 enm
1720 4008 1757 4063 ab
1793 4009 1920 4065 hostibus

220 4092 295 4157 belli,
315 4100 407 4146 tamen
426 4092 455 4145 in
475 4094 536 4162 ipso
557 4094 639 4149 bello.
674 4096 741 4152 tud.
754 4104 795 4162 20,
814 4116 838 4151 v.
856 4103 894 4154 13.
913 4098 1056 4155 confidunt
1081 4096 1275 4169 gravissimum
1292 4095 1447 4150 immineret
1462 4095 1629 4165 periculum,
1648 4102 1708 4149 orat
1726 4097 1919 4168 Josapnann:

220 4178 364 4233 lencilitae
382 4178 439 4232 suis
456 4178 562 4232 viribus
582 4185 611 4234 et
630 4197 731 4236 causae
747 4182 874 4252 bonitati,
892 4201 943 4240 nec
959 4202 977 4240 a
994 4186 1055 4242 Deo
1083 4185 1205 4238 Domine
1233 4185 1314 4237 Deus
1331 4190 1450 4251 potrum
1471 4191 1645 4250 nostrorum,
1674 4190 1703 4234 ta
1727 4198 1756 4236 es
1784 4187 1866 4239 Deus
1888 4186 1919 4238 in

221 4266 354 4320 auxilium
373 4269 481 4334 petunt,
500 4265 564 4320 ideo
582 4266 729 4337 aliquoties
746 4268 940 4340 profligantur.
976 4272 1054 4328 Haec
1082 4271 1158 4326 coelo
1177 4275 1228 4325 etc.
1246 4285 1272 4321 v.
1293 4273 1333 4324 12.
1352 4270 1383 4321 s'n
1395 4268 1474 4321 nobis
1494 4270 1606 4337 quidem
1623 4286 1680 4321 non
1698 4277 1737 4321 est
1755 4277 1839 4323 tantu
1855 4271 1917 4337 for·

221 4358 250 4409 et
270 4353 369 4406 similia
388 4352 534 4408 manifeste
552 4354 668 4421 docent,
687 4355 724 4408 ad
738 4355 919 4425 magistratus
938 4360 1054 4414 auctori·
1067 4358 1070 4393 ⁵
1081 4359 1182 4421 titudo,
1201 4364 1231 4409 ut
1246 4355 1386 4425 possimus
1404 4355 1468 4408 istnc
1484 4356 1661 4409 multitudini
1677 4355 1826 4426 resumes,
1846 4374 1917 4427 quus

220 4445 306 4494 tatem
329 4445 358 4493 et
378 4455 478 4493 causae
497 4439 666 4510 aequitatem
692 4441 721 4495 in
741 4441 814 4496 bello
838 4443 915 4512 justo
930 4452 1056 4515 oportere
1081 4445 1166 4497 irruit
1183 4460 1269 4513 super
1290 4461 1348 4497 nos.
1387 4443 1447 4496 Sed
1466 4460 1527 4496 crem
1546 4443 1711 4511 ignoremus,
1731 4444 1804 4512 quid
1820 4446 1918 4509 secus

220 4526 303 4581 etiam
335 4525 448 4579 modum
484 4524 638 4596 legitimum
678 4529 818 4583 accedere.
871 4529 1055 4601 Proponimus
1082 4532 1243 4599 debeamus,
1271 4531 1323 4583 lucc
1347 4530 1438 4584 solum
1461 4530 1592 4583 iubemus
1612 4530 1737 4595 residui,
1763 4537 1796 4583 ut
1822 4533 1917 4585 oeums

219 4616 313 4666 autem
335 4612 370 4666 de
387 4611 469 4666 modo
487 4610 553 4666 belli
574 4612 688 4683 gerendi
707 4612 781 4668 hunc
799 4615 956 4685 generalem
974 4635 1055 4675 cano-
1067 4670 1069 4677 ,
1081 4625 1192 4672 nostros
1209 4616 1250 4670 uel
1267 4624 1293 4669 tc
1313 4617 1479 4684 diripuimus.
1508 4633 1534 4669 v.
1557 4620 1595 4670 13.
1616 4616 1706 4668 omnis
1723 4624 1817 4670 autem
1835 4618 1917 4671 Jnda

219 4715 295 4752 nem:
313 4697 428 4750 Bellum
445 4699 599 4765 gerendum
616 4706 655 4751 est
668 4700 728 4767 pie,
740 4701 827 4769 juste,
844 4705 1002 4771 prudenter
1021 4724 1054 4759 ue
1067 4682 1069 4740 i
1081 4707 1175 4759 stabat
1194 4719 1290 4756 eurum
1308 4703 1431 4756 Domino
1455 4719 1517 4755 curn
1531 4702 1665 4770 paruulis
1692 4710 1717 4755 et
1736 4705 1871 4757 unoribsss
1890 4713 1917 4757 et

92 4785 204 4886 2233?
218 4785 342 4850 fortiter.
382 4787 402 4837 l.
423 4784 559 4837 Pietatem
579 4782 695 4838 inbelle
708 4786 820 4856 requiri,
839 4788 978 4858 colligitur
995 4799 1054 4847 tum
1066 4760 1069 4848 i
1081 4790 1180 4844 literis
1195 4790 1263 4845 suis.
1298 4787 1362 4842 Esa.
1382 4793 1423 4851 37,
1441 4805 1466 4841 v.
1489 4795 1512 4842 4.
1532 4804 1596 4842 cum
1615 4786 1803 4843 Sennacherib
1819 4789 1916 4845 Hiero·

94 4889 110 4930 1.
122 4889 206 4930 risen.
219 4887 252 4925 er
272 4870 401 4937 pencrolr'
416 4871 530 4940 reprde,
555 4871 629 4940 quod
649 4870 759 4941 pietatis
777 4874 897 4927 omnium
915 4876 1053 4931 actionum
1066 4855 1068 4895 ¹
1080 4878 1214 4947 solymam
1233 4874 1386 4939 obsideret,
1412 4874 1498 4928 mittit
1521 4891 1569 4928 rex
1587 4873 1723 4927 Ezechias
1749 4875 1787 4928 ad
1804 4876 1917 4931 Esaiam

219 4963 374 5012 nostrarum
395 4955 496 5011 debeat
522 4973 583 5011 csse
602 4957 732 5012 directrix
756 4975 790 5012 ac
809 4976 920 5030 norma3
943 4967 1002 5016 tum
1020 4980 1052 5019 ex
1065 4938 1068 5018 i
1081 4965 1188 5018 diceus:
1208 4965 1282 5015 Leuc
1297 4961 1453 5014 orationem
1468 4978 1524 5030 pro
1543 4961 1682 5028 reliquiis,
1698 4978 1769 5029 qsrne
1787 4972 1917 5032 rspertes

215 5043 404 5115 promissione
429 5044 541 5106 diuina,
572 5044 645 5115 qnod
678 5043 766 5113 pietas
793 5045 896 5100 habeat
920 5023 1152 5118 praeminisunt,
1171 5049 1231 5117 ipse
1250 5046 1332 5101 etiam
1350 5065 1377 5104 v.
1400 5052 1439 5102 16.
1461 5045 1590 5101 ardenter
1602 5053 1671 5116 orat.
1704 5052 1725 5104 1.
1744 5047 1872 5105 Maccab.
1892 5054 1917 5119 3,

215 5132 375 5200 praesentes
395 5137 421 5183 et
439 5131 558 5194 futurae
576 5131 656 5184 vitoe.
695 5135 715 5184 1.
729 5130 801 5187 Tim.
822 5138 846 5200 4,
863 5149 890 5188 v.
904 5139 928 5189 8.
947 5141 1004 5188 tum
1022 5154 1054 5190 ee
1079 5155 1104 5189 v.
1125 5141 1171 5190 tt:
1199 5134 1390 5202 Conprepntus
1407 5141 1447 5186 est
1474 5142 1635 5200 conuentus,
1657 5140 1689 5185 ut
1710 5143 1801 5188 essent
1813 5137 1919 5204 parati

217 5218 362 5270 sanctione
382 5217 436 5271 cllo
455 5216 567 5281 moino,
594 5215 669 5286 quod
692 5220 825 5272 sacerdos
845 5224 979 5290 tanquam
996 5221 1053 5291 pie·
1078 5223 1107 5274 in
1120 5220 1263 5288 proelium
1286 5226 1312 5272 et
1331 5227 1361 5272 ut
1379 5226 1495 5272 orarent
1519 5225 1547 5271 et
1569 5227 1600 5272 ut
1612 5226 1740 5287 peterent
1757 5221 1917 5276 misericor·

216 5303 282 5357 tatis
315 5302 450 5372 magister
480 5319 514 5357 ac
542 5301 599 5356 dux
630 5310 694 5356 cnlc
724 5305 813 5358 aciem
845 5314 921 5360 sture
947 5309 1052 5375 debeat,
1078 5308 1157 5362 diam
1176 5314 1202 5359 et
1219 5306 1418 5359 miserationes.
1428 5323 1461 5358 .v.
1477 5310 1517 5359 53.
1535 5305 1640 5373 dicunt,
1659 5309 1799 5374 quomodo
1807 5309 1917 5377 poteri·

216 5387 300 5442 Dent.
326 5395 372 5455 20,
402 5408 426 5443 v.
453 5396 478 5446 2.
505 5389 573 5443 eun
593 5406 765 5458 progressus
787 5392 879 5454 fueris
904 5394 933 5445 in
952 5393 1053 5447 bellum
1078 5411 1140 5448 mus
1157 5393 1307 5446 subsistere
1330 5400 1395 5445 unte
1419 5393 1526 5456 faciem
1554 5409 1663 5455 smum,
1692 5393 1752 5446 nisi
1778 5401 1810 5447 tu
1834 5397 1917 5450 Dens

217 5476 354 5528 aduersum
379 5476 480 5542 lsostes,
506 5475 574 5530 dicit
596 5475 733 5531 Dominus
757 5476 793 5531 ad
813 5478 946 5548 populum
965 5480 1051 5536 Israel
1081 5481 1200 5548 adiuves
1218 5481 1290 5533 nos?
1317 5478 1430 5534 Illorum
1443 5479 1576 5549 exemplis
1586 5478 1713 5534 insistere
1728 5496 1779 5535 nos
1798 5487 1917 5552 oportet,
