4006 6022
677 329 729 384 DE
748 326 974 387 umlsuualo
992 327 1297 389 accnusiesmco.
1789 338 1843 398 171

141 498 209 553 ceps
228 497 290 536 eam
310 481 427 547 exserit,
454 498 521 553 ergo
544 481 630 537 habet
654 499 716 537 eam
740 499 773 538 ex
795 483 899 539 virtute
918 482 980 549 Dei,
993 482 995 611 Ι
1008 487 1148 539 credituri
1172 494 1238 539 sunt
1256 504 1312 558 per
1335 488 1446 540 rubum
1470 505 1565 542 eorum
1586 489 1799 558 (apostolorum)
1816 488 1847 542 in

141 569 189 640 qui
209 568 393 638 perverbum
413 584 447 623 ex
466 585 513 624 ore
536 587 585 624 suo
606 585 749 641 egressum
775 576 909 640 tauquam
931 585 1055 655 perlme.
1096 571 1137 625 Ex
1163 573 1264 642 quibus
1290 573 1329 627 sic
1350 573 1554 627 concludimus:
1578 573 1658 639 Quod
1684 579 1726 627 est
1754 589 1847 628 semea

141 655 265 708 salutare
285 671 420 725 organum
439 654 467 709 in
487 655 616 709 cordibus
642 655 814 709 audientium
840 673 873 709 ac
896 656 981 710 medi·
1007 655 1178 712 fructificans
1206 676 1239 712 ac
1266 659 1380 713 verbum
1411 659 1500 727 vitae,
1532 675 1584 729 per
1608 659 1684 731 quod
1706 657 1848 713 reddimur

141 742 262 796 tantiam
286 741 386 796 efficax
412 748 454 797 est
483 758 515 795 ac
539 741 622 796 fidem
651 749 679 796 et
703 759 789 797 novos
814 750 904 796 motus
924 742 980 813 legi
1008 742 1151 797 credentes
1169 760 1202 797 ao
1222 744 1351 814 discipuli
1378 744 1496 808 Christi,
1527 745 1601 816 quod
1626 752 1771 799 conservat
1795 761 1847 799 nos

141 837 327 897 congruentes
345 826 442 881 inillis
460 828 594 883 accendit.
635 827 784 897 Excipiunt
801 832 824 881 1.
845 830 881 880 de
899 830 980 881 uerbo
993 816 1026 897 is
1045 834 1131 882 morte
1155 836 1269 884 aeterua
1291 836 1321 883 et
1348 829 1376 882 in
1397 846 1452 899 quo
1477 836 1519 884 est
1543 830 1601 884 vita
1620 835 1746 896 aeterna,
1777 829 1847 885 illud

141 914 321 985 prophetias,
352 931 408 966 nan
432 922 525 967 autem
554 916 589 966 de
617 915 699 967 uerba
726 915 872 967 doetrinae
902 904 996 983 apud!
1011 930 1067 967 noa
1085 919 1127 968 est
1145 915 1226 970 litera
1242 922 1363 980 mortua,
1391 917 1440 971 sed
1460 915 1560 971 efficax
1582 933 1717 987 organum
1735 933 1848 972 conser-

143 1000 264 1054 Esaians
277 1016 336 1052 sese
353 1014 516 1062 sermonem,
534 998 586 1052 leae
604 1017 695 1067 sensu,
714 1002 791 1068 quod
802 1000 981 1068 prophetiam
1008 999 1092 1053 sionis
1114 1017 1148 1055 ac
1166 1001 1271 1056 salutis.
1310 1001 1364 1057 Sed
1390 1001 1506 1056 verbum
1525 1001 1578 1057 Dei
1604 1008 1646 1056 est
1669 1019 1763 1057 semen
1789 1001 1847 1056 fru-

141 1093 277 1154 ssquatur
314 1085 550 1153 complementum.
606 1084 830 1155 Respondemus:
867 1085 981 1140 verbum
1008 1084 1151 1153 ctifieaue,
1170 1087 1286 1140 verbum
1305 1088 1391 1150 vitae,
1410 1104 1460 1157 per
1476 1088 1550 1158 quod
1571 1088 1714 1143 reddimur
1732 1087 1846 1143 creden·

143 1171 289 1225 doctrinae
308 1186 395 1240 aeque
414 1176 456 1226 est
475 1169 529 1224 Dei
546 1171 661 1225 verbum
681 1177 714 1223 ut
731 1169 845 1224 verbnm
863 1169 980 1240 prophe·
1007 1177 1049 1224 tes
1074 1189 1106 1225 ac
1132 1172 1260 1242 discipuli
1290 1171 1403 1240 Christi,
1431 1173 1561 1245 quodque
1592 1179 1738 1228 conservat
1759 1178 1812 1229 nos'
1828 1189 1847 1227 a

141 1258 213 1324 tiae,
250 1264 379 1311 neutrum
405 1257 492 1327 igitur
516 1274 567 1310 sue
585 1255 711 1311 efficacis
737 1257 904 1311 destituitur.
948 1257 981 1310 In
1008 1263 1096 1311 morte
1120 1263 1235 1312 aeterna
1261 1263 1288 1312 et
1312 1258 1341 1310 in
1354 1275 1409 1329 quo
1428 1260 1539 1312 estvita
1556 1266 1675 1313 aeterna.
1701 1259 1776 1329 Ergo
1788 1275 1845 1314 noa

143 1342 226 1396 modo
246 1341 390 1397 efficaciae
407 1343 529 1397 fatemur
543 1360 602 1397 esse
619 1343 821 1410 differentiam,
840 1359 904 1395 nam
922 1360 981 1398 ver·
1009 1347 1051 1396 est
1073 1343 1153 1398 litera
1174 1347 1296 1410 mortus,
1318 1344 1367 1398 sed
1387 1343 1485 1398 efficax
1505 1362 1639 1416 organum
1658 1344 1844 1399 conversionis

143 1428 210 1482 bum
228 1428 361 1497 simplicis
378 1426 540 1497 prophetiae
557 1427 686 1482 effectum
705 1433 734 1482 et
751 1428 983 1497 complementum
1008 1444 1040 1481 ao
1058 1430 1163 1483 salutis.
1201 1429 1315 1499 Repetit
1333 1429 1523 1485 Svencfeldius
1548 1448 1626 1484 suam
1645 1430 1844 1498 exceptionem,

143 1531 226 1567 suum
245 1514 359 1568 sortitur
376 1513 480 1567 frustra
502 1512 686 1568 renitentibus
711 1530 743 1567 ao
761 1512 982 1584 repugnantibus
1009 1517 1044 1567 de
1061 1518 1143 1569 uerbo
1163 1517 1222 1569 Dei
1240 1516 1470 1569 essentialitate
1494 1533 1553 1569 esse
1576 1517 1752 1585 acceptanda.
1790 1514 1845 1570 Re-

144 1600 323 1667 bominibus,
343 1598 393 1654 sed
412 1598 528 1653 verbum
547 1598 690 1652 doctrinae
707 1616 762 1653 non
779 1599 861 1652 affert
879 1598 981 1667 simpli·
1009 1602 1194 1671 spondemus:
1220 1602 1444 1656 circumstantiae
1462 1584 1722 1656 textus⁴ostenduat
1739 1606 1845 1656 mutre-

144 1702 206 1741 eem
225 1692 256 1739 et
271 1685 426 1738 absolutam
445 1684 503 1738 sive
515 1683 713 1738 irresistibilem
725 1686 769 1749 (ut
786 1686 897 1755 vocent)
918 1701 981 1737 con·
1009 1686 1087 1740 rium
1113 1687 1239 1742 Christus
1255 1687 1337 1750 euim,
1355 1689 1403 1757 qui
1424 1693 1467 1741 est
1485 1686 1631 1742 essentiale
1650 1687 1704 1742 Dei
1722 1687 1845 1756 verbum,
1859 1686 1916 1728 ¹1¹¹·
1928 1686 1962 1729 7&

144 1772 279 1827 versionis
297 1770 506 1838 necessitatem,
524 1786 619 1824 verum
640 1771 663 1822 si
681 1771 825 1837 audiatur,
849 1787 900 1824 nec
920 1786 982 1839 pre
1008 1773 1116 1827 confert
1146 1789 1176 1827 se
1195 1772 1292 1843 ipsum
1323 1773 1495 1840 seminatori,
1530 1773 1628 1827 Matth.
1668 1779 1711 1836 13,
1744 1790 1768 1828 v.
1804 1777 1845 1828 11.
1972 1784 1975 1791 “

143 1865 222 1913 terve
246 1857 364 1926 Spiritus
394 1873 414 1911 s.
441 1854 631 1926 perverbum
655 1855 808 1924 operationi
828 1856 982 1912 resistatur.
1006 1860 1066 1928 jam
1085 1875 1150 1913 vero
1168 1875 1261 1912 semen
1281 1865 1324 1913 est
1341 1858 1501 1914 distinctum
1522 1876 1539 1912 s
1558 1859 1730 1913 seminatore.
1771 1857 1846 1929 Ergo
1948 1854 1949 1860 '

143 1944 296 2013 Nunquam
316 1949 409 1995 tamen
426 1942 539 1994 nubum
558 1941 704 1995 doetrinae
724 1942 808 2010 plene
826 1942 900 1997 osani
918 1942 983 1995 effe·
1011 1945 1094 1998 etiam
1114 1945 1230 1999 verbum
1249 1945 1316 2011 Dei,
1338 1945 1413 2016 quod
1430 1962 1480 2015 per
1497 1961 1590 2000 semen
1611 1945 1785 2014 intelligitur,
1804 1949 1846 1999 est
1895 2000 1897 2005 ,

143 2039 192 2083 ctu
223 2028 391 2083 destituitur.
435 2026 542 2091 Quibus
568 2027 641 2081 enim
666 2045 722 2081 non
746 2034 789 2082 est
815 2030 888 2081 adar
910 2029 983 2080 uitae
1012 2030 1172 2085 distinctum
1198 2030 1351 2099 aChristo.
1391 2031 1471 2084 Telis
1495 2048 1606 2102 quoque
1630 2031 1790 2084 tribuuntur
1806 2045 1847 2084 se·

144 2120 175 2170 in
194 2118 290 2182 uitam,
308 2114 363 2168 illis
380 2123 422 2170 est
441 2117 513 2168 odor
530 2116 630 2170 mortis
650 2116 680 2167 in
698 2123 811 2169 mortem
832 2122 856 2171 2.
879 2114 939 2169 Cor.
960 2120 984 2183 2,
1013 2117 1095 2183 mini,
1127 2133 1199 2188 quae
1232 2134 1287 2169 non
1315 2122 1475 2186 competunt
1505 2116 1590 2170 verbo
1618 2116 1670 2170 Dei
1700 2114 1848 2179 essentiali,

144 2222 171 2256 v.
191 2209 231 2257 111.
267 2200 343 2271 Ergo
363 2201 386 2253 si
405 2200 451 2254 vel
468 2201 586 2254 maxime
607 2201 635 2254 in
653 2201 746 2270 specie
766 2201 801 2254 de
817 2200 903 2255 verbo
922 2218 985 2270 pro·
1011 2203 1205 2256 diciturenim
1224 2205 1326 2256 eadere
1350 2219 1428 2255 secus
1449 2203 1525 2254 mam
1548 2210 1574 2254 et
1599 2204 1635 2254 ab
1659 2203 1757 2255 avitiis
1778 2202 1850 2257 coeli

144 2288 260 2359 phetise
276 2287 353 2356 apud
371 2287 483 2341 Essiam
503 2292 577 2341 esset
594 2304 698 2348 sermo,
715 2286 802 2341 nihilo
823 2292 916 2340 tamen
935 2287 984 2339 mi·
1011 2290 1160 2355 deuorari5
1188 2290 1290 2341 cadus
1309 2289 1381 2341 inter
1404 2288 1502 2356 spinas
1523 2294 1549 2339 et
1566 2288 1601 2339 ab
1624 2288 1686 2340 illis
1703 2287 1848 2357 sieffoeari.

144 2391 199 2428 nus
225 2372 379 2428 efficaciam
406 2373 484 2428 verbi
510 2373 600 2441 illius,
632 2374 706 2444 quod
733 2381 775 2427 est
800 2372 985 2428 conversionis
1011 2376 1044 2429 Iu
1068 2375 1197 2431 Jahanne
1219 2374 1315 2428 itidem
1343 2373 1471 2427 Christus
1500 2389 1530 2428 se
1555 2373 1646 2443 ipsum
1673 2379 1706 2426 ut
1732 2372 1847 2427 verbum

146 2460 279 2522 medium,
299 2459 437 2530 probaret
467 2458 522 2515 Sed
542 2459 767 2514 circumstantiae
784 2466 877 2514 textus
895 2465 985 2513 ostea-
1011 2461 1065 2516 Dei
1088 2460 1236 2515 essentiale
1258 2458 1377 2514 averbo
1396 2458 1556 2529 praedicato
1581 2459 1730 2531 distinguit
1746 2475 1780 2513 ao
1798 2472 1846 2513 no·

146 2546 233 2613 dunt,
261 2546 292 2600 in
312 2562 414 2617 genere
433 2545 467 2600 de
486 2546 564 2601 verbi
583 2547 626 2600 eui
644 2544 770 2601 efficacis
789 2544 880 2599 Deum
899 2545 985 2616 loqui,
1011 2553 1104 2603 tenter
1130 2547 1223 2610 addit,
1253 2546 1307 2600 sibi
1339 2562 1493 2601 sermonem
1525 2563 1585 2602 esse
1616 2546 1651 2600 de
1679 2544 1727 2600 11Ιό
1754 2545 1848 2615 subo,

146 2634 176 2687 in
195 2631 426 2687 antecedentibus
444 2631 519 2685 enim
536 2632 630 2702 agitur
648 2632 841 2686 devocatione
860 2632 986 2701 gentium
1012 2634 1087 2704 quod
1109 2635 1217 2689 locutus
1244 2640 1287 2688 est
1312 2640 1342 2689 et
1364 2633 1439 2704 quod
1460 2633 1580 2704 apostoli
1608 2633 1663 2687 sint
1688 2633 1717 2686 in
1742 2631 1848 2686 mundo

146 2719 184 2773 sd
203 2734 322 2789 regnum
341 2716 445 2772 Christi
475 2734 525 2788 per
549 2718 665 2771 verbum
689 2718 840 2788 evangelii:
867 2717 986 2786 protasis
1013 2719 1208 2792 praedicaturi.

147 2805 232 2860 ειίιιιι
252 2803 467 2873 comparationis
485 2804 619 2872 ostendit,
649 2803 683 2857 de
703 2803 751 2857 illo
773 2804 857 2858 verbo
875 2803 987 2873 proprie
1048 2811 1105 2863 tte.
1145 2805 1279 2870 Quartam
1296 2804 1413 2858 classem
1431 2809 1656 2876 argumentorum
1675 2804 1795 2874 petimus
1815 2798 1929 2891 suffigi}

148 2908 210 2946 esse
229 2905 399 2957 sermonem,
426 2890 501 2960 quod
520 2889 608 2943 instar
625 2889 779 2944 loscundee
798 2889 912 2958 pluviae
932 2894 986 2943 ter-
1014 2893 1097 2945 dietis
1123 2892 1288 2961 apostolicis
1312 2890 1392 2947 Rom.
1422 2897 1451 2958 1,
1481 2908 1507 2948 v.
1534 2896 1578 2946 16:
1608 2891 1674 2944 Non
1700 2906 1743 2943 ms
1757 2891 1955 2959 ριιᾱοιιροιιο-

147 2995 207 3032 rsm
225 2977 384 3048 germinare
403 2982 433 3030 et
448 2975 618 3030 fructificare
631 2975 759 3029 facientis
776 2977 882 3029 suimus
901 2975 986 3030 homi·
1013 2979 1166 3046 euanpelii,
1195 2985 1235 3031 est
1260 2977 1333 3029 enim
1348 2977 1478 3047 potentia
1501 2977 1562 3031 Dei
1579 2979 1619 3030 ad
1636 2976 1755 3030 salutem
1774 2977 1851 3030 omni
1862 2954 1922 2995 '¹⁰¹¹’

146 3081 214 3118 num
234 3063 337 3135 irrigat
361 3068 390 3117 et
408 3061 445 3115 ad
470 3061 574 3116 bonum
593 3060 698 3117 fertiles
714 3062 815 3116 reddit.
854 3065 879 3113 2.
899 3063 988 3130 Apud
1013 3065 1145 3118 medenti.
1181 3063 1261 3118 Rom.
1293 3069 1341 3127 10,
1368 3081 1395 3119 v.
1426 3069 1472 3118 17:
1504 3064 1592 3117 Fides
1615 3071 1655 3117 est
1682 3079 1714 3116 en
1737 3062 1849 3124 audite,

146 3150 304 3204 Jersmiam
319 3148 442 3217 intellipi
455 3149 567 3202 unbem
582 3148 738 3203 essentiale.
763 3147 986 3217 Respondemus:
1014 3151 1130 3204 auditus
1160 3158 1253 3203 autem
1277 3167 1331 3218 per
1361 3150 1421 3203 Dei
1443 3151 1562 3204 umbssm.
1603 3149 1683 3204 Rom.
1705 3155 1748 3216 15,
1774 3164 1799 3201 v.
1817 3155 1850 3205 4:

146 3237 202 3288 imo
218 3250 285 3289 sero
312 3233 341 3286 iu
364 3248 447 3286 versu
471 3233 594 3303 proxime
618 3233 799 3288 antecedente
824 3233 925 3288 diserte
949 3233 986 3288 lo·
1017 3237 1200 3305 Qisaecuuque
1229 3236 1337 3304 scripta
1366 3244 1445 3302 sunt,
1473 3238 1514 3288 art
1539 3243 1664 3288 nostram
1691 3236 1850 3288 doctrinam

150 3322 246 3393 quitur
258 3319 395 3375 Dominus
408 3319 444 3372 de
460 3318 728 3389 verbopraedicato,
746 3319 823 3390 quod
841 3321 988 3390 apseudo·
1015 3324 1123 3390 scripta
1147 3328 1226 3386 sunt,
1253 3330 1283 3374 ut
1304 3339 1360 3391 per
1379 3320 1547 3389 patientiam
1576 3329 1601 3373 et
1631 3321 1850 3374 consolationem

146 3407 346 3478 prophetarum
366 3404 478 3458 somniis
493 3403 647 3474 distinguit
674 3423 700 3460 u.
715 3410 761 3460 28:
781 3407 927 3474 Propheta
941 3407 990 3475 qui
1017 3408 1226 3476 Scripturas-am
1253 3423 1330 3475 spem
1351 3407 1523 3461 haberemus.
1554 3412 1574 3459 1.
1599 3404 1660 3458 Cor.
1691 3412 1717 3471 1,
1748 3422 1774 3460 v,
1804 3409 1851 3459 tt:

148 3495 228 3546 labet
248 3491 399 3553 somnium,
423 3499 521 3543 narret
540 3491 692 3559 somnium,
717 3499 744 3544 et
767 3491 816 3560 qui
833 3492 915 3544 babet
932 3509 989 3544 ser·
1015 3495 1169 3561 Postquam
1187 3494 1307 3545 misndus
1323 3508 1376 3560 per
1394 3509 1475 3545 suam
1493 3492 1663 3560 septentiam
1682 3492 1776 3544 Deum
1794 3507 1851 3544 aon

147 3596 256 3633 menan
271 3594 370 3645 seeum,
387 3576 521 3645 loquatur
540 3593 694 3630 sermonem
710 3595 800 3630 meum
813 3594 884 3631 uere.
915 3577 990 3638 Quid
1016 3581 1158 3646 eopnouit,
1176 3579 1289 3647 plausit
1307 3580 1371 3632 Deo
1390 3596 1442 3647 per
1460 3578 1610 3631 stultitiam
1625 3576 1851 3648 praedicationis

143 3666 242 3736 paleis
257 3666 298 3717 ad
315 3663 460 3716 triticum?
480 3664 550 3715 dicit
570 3664 718 3718 Dominus.
748 3662 828 3726 Quod
848 3663 923 3730 dicit,
942 3662 989 3717 ho·
1015 3667 1111 3720 saluos
1128 3668 1226 3729 facere
1245 3666 1396 3717 medentes.
1424 3662 1495 3734 Eph.
1519 3671 1539 3729 1,
1558 3681 1583 3716 v.
1606 3667 1649 3717 13:
1671 3662 1738 3720 Οιιιιι
1754 3663 1851 3716 audis·

148 3746 255 3806 minum
275 3749 417 3804 doctrinae
434 3754 500 3804 sunt
517 3749 592 3804 leves
610 3755 640 3805 et
656 3750 762 3815 inanes,
787 3749 893 3802 nullum
913 3764 989 3820 prae·
1015 3754 1080 3805 setis
1102 3751 1214 3804 salum
1234 3750 1370 3817 seruatis,
1395 3751 1567 3816 eunnpelium
1593 3750 1702 3803 salutis.
1743 3748 1802 3804 Col.
1829 3753 1851 3811 1,

149 3838 249 3893 beuter
274 3835 411 3904 fructum,
442 3835 551 3889 nullum
577 3835 751 3905 spiritualem
781 3851 906 3900 succum,
939 3835 988 3889 sed
1015 3855 1039 3891 v.
1062 3844 1094 3893 6:
1122 3837 1239 3889 Verbum
1258 3836 1384 3888 ueritatis
1405 3837 1544 3902 euanpelii
1560 3837 1590 3887 in
1605 3836 1734 3889 seniusrso
1747 3837 1853 3891 mundo

149 3923 267 3978 verbum
284 3937 377 3976 meum
394 3928 437 3976 est
454 3922 543 3975 instar
561 3921 662 3984 tritici,
689 3921 743 3975 imo
762 3922 849 3974 instar
871 3922 944 3991 ignis
962 3928 990 3975 et
1016 3930 1057 3975 est
1075 3931 1101 3975 et
1110 3922 1273 3988 fruetificat
1290 3929 1317 3974 et
1330 3922 1436 3974 nescit.
1471 3921 1574 3975 tuin.
1595 3926 1618 3984 3,
1635 3940 1661 3975 v.
1679 3928 1723 3976 15:
1744 3922 1851 3975 &aas

151 4008 255 4070 mallei,
272 4015 371 4077 postea
384 4007 498 4061 additur
509 4025 533 4062 v.
554 4014 600 4062 30:
623 4009 697 4060 Ecce
711 4024 762 4074 epa
778 4007 990 4077 adpropians,
1015 4010 1115 4063 literae
1130 4015 1250 4076 possunt
1268 4015 1294 4060 ts
1313 4011 1445 4078 σοφίσαι,
1475 4009 1627 4074 sapientem
1652 4010 1787 4072 reddere,
1811 4008 1854 4061 ad

151 4096 194 4148 ait
212 4095 364 4161 Dominus,
384 4094 435 4162 qui
452 4095 592 4158 furantur
610 4095 695 4146 uerbo
715 4110 789 4161 rnen,
808 4092 862 4146 hoc
879 4100 921 4146 est
942 4093 990 4162 qui
1015 4097 1147 4163 salutem,
1176 4112 1202 4148 v,
1224 4099 1264 4150 16.
1284 4095 1374 4146 omnis
1393 4093 1466 4146 enim
1487 4093 1637 4160 Scriptura
1656 4095 1792 4148 diuinitus
1811 4094 1852 4146 iss·

150 4180 294 4236 auditores
324 4197 389 4234 suos
419 4180 512 4234 celant
539 4179 624 4235 rerba
649 4195 712 4233 mee
734 4187 762 4233 et
787 4195 838 4232 sua
856 4178 991 4232 duntaxat
1017 4182 1129 4250 spis-ma
1147 4188 1174 4232 st
1192 4178 1270 4232 utilis
1287 4187 1327 4232 est
1351 4181 1391 4231 ad
1417 4181 1574 4232 docendum
1601 4181 1643 4231 ad
1669 4181 1853 4247 aequenaua,

150 4266 286 4338 figmenta
304 4272 477 4336 proponunt,
503 4282 576 4335 quae
601 4265 694 4319 omnia
719 4266 755 4318 de
778 4264 864 4318 verbo
881 4264 990 4333 praedi·
1016 4269 1058 4320 acl
1069 4267 1274 4333 corripendum,
1286 4268 1328 4318 ad
1341 4265 1526 4318 ensdiendurn
1538 4265 1700 4340 injustitia.
1727 4264 1814 4319 Hebe.
1829 4270 1854 4332 4,

151 4359 215 4408 sato
234 4351 275 4407 ibi
292 4368 446 4406 sermonem
464 4369 524 4406 esse
543 4351 685 4407 evidenter
702 4351 860 4406 ostendunt.
1017 4371 1042 4407 v.
1066 4359 1109 4407 12:
1132 4351 1216 4404 Vinus
1233 4367 1324 4403 sermo
1347 4351 1405 4403 Dei
1430 4359 1457 4402 et
1478 4351 1581 4414 african
1608 4358 1633 4401 ct
1651 4350 1855 4418 penetrabilior

188 4444 247 4494 ast.
283 4437 407 4492 Tertiam
425 4437 542 4492 classem
564 4442 791 4508 argumentorum
816 4435 936 4506 petimus
960 4452 992 4488 ee
1018 4439 1094 4490 omni
1110 4437 1211 4505 plodio
1228 4437 1349 4507 ancipiti
1360 4435 1525 4504 pertinpens
1536 4452 1623 4504 usque
1634 4437 1675 4486 ad
1690 4437 1855 4490 attensem

151 4525 239 4578 dictis
259 4522 374 4580 Ultristi.
404 4523 504 4577 Metu.
533 4528 578 4586 13,
605 4540 633 4578 v,
657 4527 699 4577 23.
736 4519 820 4575 Mure.
842 4527 871 4588 t,
897 4539 922 4576 ν.
950 4526 990 4575 211.
1018 4524 1129 4576 animae
1153 4522 1240 4575 simul
1268 4540 1301 4574 ac
1330 4523 1462 4590 spiritus,
1494 4538 1658 4589 campanum
1685 4537 1793 4589 quoqsse
1820 4539 1856 4574 aa

54 4645 61 4656 ·
151 4611 223 4667 Luc.
243 4614 268 4674 8,
287 4627 313 4662 v.
335 4616 384 4665 ts.-
405 4609 505 4663 Semsn
525 4616 565 4662 est
582 4608 695 4663 mium
712 4608 784 4674 Dei3
803 4609 881 4675 quod
898 4608 927 4659 in
946 4608 991 4660 ho·
1017 4608 1214 4667 medullarum,
1236 4625 1270 4660 aa
1288 4608 1454 4674 dijrsdienns
1473 4609 1655 4676 capitatiouee
1670 4616 1696 4658 et
1710 4616 1857 4679 conseptus

151 4716 219 4751 nam
240 4703 348 4749 terram
366 4696 452 4762 eadit,
471 4695 589 4764 bisunt,
608 4694 704 4763 quiin
724 4695 809 4747 corde
826 4694 992 4747 honestans
1018 4695 1120 4756 cordis.
1158 4692 1221 4748 lac.
1243 4699 1265 4760 1,
1286 4711 1312 4749 v.
1336 4698 1381 4747 iis:
1402 4693 1507 4746 Genuit
1523 4711 1574 4746 nas
1593 4694 1752 4745 voluntarie
1772 4693 1855 4747 ses'bo

152 4785 224 4839 hono
243 4782 391 4835 audientes
410 4782 522 4834 eutem
541 4781 663 4834 retinent
688 4787 714 4834 et
732 4782 852 4849 afferrent
867 4781 991 4843 fructum
1018 4780 1160 4846 ueritatis,
1190 4787 1221 4832 ut
1250 4780 1337 4832 simiis
1362 4780 1510 4848 primitias
1548 4787 1744 4831 creaturarum
1777 4780 1855 4848 ejus,-

152 4872 185 4922 s‘n
198 4868 349 4938 patientia.
384 4865 449 4922 ioh.
471 4873 494 4936 5,
512 4883 538 4925 v.
561 4872 608 4921 39:
631 4866 805 4920 Scrutamini
819 4865 992 4933 Scripturas,
1017 4883 1043 4921 v.
1063 4872 1104 4922 21.
1130 4866 1264 4933 suscipite
1289 4866 1400 4917 uerbum
1419 4864 1564 4936 ἔμφυτον,
1595 4867 1671 4932 qiioa
1692 4870 1783 4932 potest
1799 4864 1855 4916 sal·

151 4956 222 5024 qaia
238 4971 288 5008 eos
310 4952 448 5007 uidemini
470 4953 501 5004 iu
523 4953 584 5006 illis
609 4951 694 5006 uuam
719 4961 864 5005 aeternam
881 4952 990 5013 labere,
1018 4969 1085 5008 nare
1103 4954 1215 5005 animas
1232 4958 1346 5003 uestras.
1384 4956 1403 5002 1.
1421 4948 1497 5002 Patr.
1520 4954 1549 5016 1,
1566 4967 1591 5003 v,
1612 4955 1660 5003 2³:
1686 4949 1793 5003 llsnats'
1811 4966 1857 5002 sss·

152 5049 180 5093 et
198 5040 267 5094 illae
287 5047 362 5108 sunt,
378 5055 450 5108 quas
466 5040 501 5091 de
513 5055 556 5091 ms
568 5040 762 5103 testificantur.
792 5037 856 5093 leh.
870 5043 894 5104 6,
908 5043 991 5093 ι.63;
1019 5056 1079 5092 mus
1098 5057 1153 5092 non
1170 5054 1203 5090 es
1223 5037 1326 5089 semine
1344 5035 1539 5103 carmaeptibils',
1564 5037 1617 5087 secl
1634 5052 1666 5088 en
1686 5035 1856 5104 incorrupti·

158 5125 248 5180 Verba
261 5143 332 5195 meae
345 5126 454 5179 locatus
471 5143 533 5178 sum
548 5126 634 5192 vobis,
658 5134 721 5178 suut
743 5125 866 5193 Spiritus
887 5125 991 5176 atrita.
1019 5126 1071 5178 bili
1085 5140 1140 5191 per
1159 5124 1271 5175 oerlrsm
1291 5121 1351 5174 Dei
1374 5121 1498 5176 uiuentis.
1537 5120 1580 5174 Ex
1604 5121 1658 5174 illis
1682 5119 1722 5173 sic
1746 5121 1856 5175 conclu·

151 5230 178 5266 v.
198 5218 247 5269 68:
274 5212 363 5267 Verba
379 5213 452 5265 uitae
473 5220 603 5265 aeternae
622 5213 714 5264 laires
757 5211 822 5266 loh.
844 5216 874 5277 8,
902 5228 927 5263 v.
944 5215 991 5265 31:
1019 5211 1122 5263 dimus:
1143 5210 1196 5262 Per
1215 5206 1288 5276 quod
1303 5205 1379 5258 Deus
1398 5205 1426 5258 in
1444 5205 1603 5260 homiuibus
1617 5206 1745 5261 accendit
1763 5205 1856 5272 iidem,

151 5299 187 5352 Si
206 5298 370 5352 manseritis
388 5299 419 5350 in
441 5315 567 5351 sermone
590 5315 663 5364 meo,
689 5313 754 5350 uere
778 5296 914 5363 ‹lucipuls'
938 5296 994 5347 mei
1018 5296 1080 5350 illos
1099 5301 1261 5365 regenerat,
1279 5291 1438 5345 consolatur
1456 5299 1484 5346 et
1503 5294 1607 5356 envas,
1634 5293 1708 5362 quod
1727 5297 1770 5347 est
1787 5293 1856 5347 utils

148 5387 236 5440 eritis
275 5401 304 5437 v.
326 5390 378 5438 51:
409 5383 444 5438 St
461 5385 523 5452 quis
547 5400 699 5438 emmonem
722 5399 812 5434 mcum
831 5383 991 5465 servaverit,
1018 5383 1055 5435 ad
1073 5380 1244 5445 docendum,
1264 5376 1451 5448 arguendum,
1472 5379 1667 5448 corrigendum
1687 5384 1715 5432 et
1731 5378 1856 5434 erudien-

146 5478 265 5524 mortem
284 5488 340 5523 non
357 5469 460 5523 oidsbs't
483 5470 513 5522 in
537 5477 690 5524 aeternum.
725 5466 788 5522 Joh.
812 5473 862 5532 11,
889 5484 916 5520 v.
945 5472 991 5522 20:
1019 5468 1094 5532 dum,
1113 5465 1187 5536 quod
1202 5471 1244 5519 est
1261 5465 1356 5517 vivum
1373 5470 1403 5518 et
1413 5463 1523 5532 efficax,
1533 5463 1628 5534 gladio
1640 5463 1756 5533 ancipiti
1773 5480 1856 5534 pene·

144 5558 215 5612 uos
229 5573 288 5627 pro
307 5555 369 5610 illis
389 5562 497 5630 tannim
514 5572 601 5625 rouo,
624 5556 678 5608 ssd
697 5555 780 5607 aian
793 5570 852 5622 pro
869 5554 924 5617 eis,
942 5553 992 5623 qui
1018 5551 1138 5609 nuntius
1157 5558 1208 5605 stu
1227 5549 1298 5604 illud
1314 5565 1371 5604 nou
1388 5553 1432 5604 est
1450 5550 1532 5606 litera
1553 5557 1671 5619 mortua,
1687 5549 1738 5604 ssd
1757 5547 1856 5605 efficax
