4020 6014
661 241 712 296 DE
733 238 986 296 MAGISTRATU
1005 239 1192 297 POLITIGO.
1714 249 1772 307 337

74 415 100 450 v.
121 403 144 452 3.
172 396 282 451 Hoseae
309 402 338 461 8,
366 415 391 452 v.
420 401 457 451 13.
484 412 516 449 ae
541 394 678 465 iosaphat
704 402 851 450 accusatur
878 394 914 448 ob
943 412 1027 462 asper
1046 397 1174 448 inimicos
1186 403 1247 448 tuos
1261 396 1449 461 tabescebam
1466 415 1493 452 v.
1507 403 1548 452 22.
1557 399 1689 468 perfecto
1708 398 1775 449 odio

76 483 175 537 foedus
200 501 263 536 cum
282 483 399 537 Achabo
426 489 449 536 2.
468 482 559 536 Paral.
582 488 628 549 19,
655 500 681 538 v.
708 488 732 537 2.
751 484 819 552 quia
837 481 915 534 nulla
942 483 1056 534 oderam
1082 482 1167 550 illos,
1198 483 1306 534 inimici
1332 483 1409 544 facti
1428 490 1493 535 mint
1512 484 1588 536 miti.
1624 483 1688 537 Jam
1711 499 1776 535 vero

76 569 194 623 societas
212 569 322 623 Christo
340 585 403 622 eum
421 568 510 621 Belial
531 574 554 621 2.
575 568 637 623 Cor.
660 574 685 625 6.
722 568 801 621 Idem
820 575 913 622 tamen
942 583 1010 636 quos
1030 567 1165 622 debemus
1184 567 1289 634 odisse,
1317 584 1380 620 cum
1400 567 1456 621 illis
1475 586 1530 622 non
1548 575 1659 638 oportet
1676 567 1775 622 foedus

77 654 105 707 in
125 654 196 710 Gen.
217 672 244 723 p.
266 660 330 709 126ε
353 656 433 708 Licet
458 656 562 718 foedus
583 657 681 719 facere
706 672 767 707 cum
784 656 913 707 dicatae
941 653 1017 706 inire.
1053 660 1076 707 2.
1096 653 1159 708 Cor.
1179 660 1209 721 6,
1234 670 1259 705 v.
1282 659 1324 707 tl:
1350 652 1447 706 Nolite
1465 655 1567 721 jupam
1593 657 1693 708 ducac
1714 672 1775 707 oum

76 741 225 808 religionis
242 741 411 804 tonitribus,
434 742 474 793 ita
493 749 591 807 tamen,
617 749 649 794 ut
663 741 725 809 eius
744 742 839 811 capita
856 758 912 794 non
941 738 1115 806 infidelibus,
1147 755 1219 806 arare
1247 740 1318 790 enim
1343 739 1532 806 participatio
1552 740 1684 807 justitiae
1713 757 1774 792 cum

75 826 249 894 relipionem,
267 828 319 878 sed
336 844 503 879 communem
521 827 753 895 tranquillitatem
773 834 799 878 et
814 828 913 890 defen·
941 826 1104 892 iniquitate,
1134 832 1183 878 aut
1210 840 1283 892 miae
1308 825 1428 877 societas
1458 825 1517 877 luci
1546 842 1608 877 cum
1634 826 1775 879 tenebris!

11 957 17 963 .
76 912 181 965 donem
198 914 380 980 spectent.)**
406 920 518 983 negant.
543 919 564 967 l.
601 913 712 982 Urgent
733 913 912 965 interdictum
940 927 963 963 v.
987 916 1025 963 15.
1051 927 1124 978 quac
1146 911 1288 964 conventio
1309 909 1415 962 Christi
1439 911 1480 961 ad
1496 911 1615 964 Bitias
1638 919 1775 979 natoriae

10 999 22 1025 ⁰
49 1016 55 1027 ·
77 1015 236 1066 enprasum
254 1003 313 1051 tum
333 1000 480 1066 praerato,
507 1005 566 1052 tum
593 999 724 1067 speciale.
767 997 845 1050 Deus
869 1014 914 1051 ex·
936 1013 1009 1064 pars
1025 997 1107 1060 fideli
1125 1014 1186 1048 cum
1210 997 1341 1062 infidelit
1365 1011 1391 1047 v.
1412 1000 1452 1049 16.
1470 996 1520 1062 qui
1541 1013 1691 1049 coruensus
1709 1004 1773 1048 tem·

77 1100 172 1153 presse
192 1092 217 1137 et
235 1084 405 1150 peneraliter
432 1084 574 1138 interdixit
594 1085 693 1138 foedus
713 1100 776 1137 cum
797 1082 912 1136 infideli·
936 1082 987 1153 plo
1006 1084 1067 1135 Dei
1083 1101 1144 1135 arm
1162 1083 1271 1135 idolis!
1305 1081 1369 1135 dam
1389 1097 1455 1134 vero
1473 1081 1546 1134 inter
1563 1081 1774 1136 confoederatos

77 1169 129 1222 bus
148 1169 226 1225 inire.
270 1168 357 1223 Exod.
377 1175 424 1233 23,
451 1188 476 1222 ν.
504 1175 551 1224 ³2:
578 1172 644 1223 Nou
668 1170 753 1222 inibis
773 1168 913 1220 comitiis
939 1174 982 1221 est
1001 1169 1138 1239 quaedam
1154 1168 1304 1221 voluntatis
1317 1166 1470 1233 consensio,
1491 1166 1772 1221 societasofficiorum

77 1253 253 1319 (Cananaeis)
268 1255 386 1320 foedus.
429 1254 516 1309 Exod.
538 1262 586 1317 31,
610 1273 634 1309 v.
657 1261 696 1311 15.
719 1254 832 1308 additur
850 1270 912 1322 pro·
939 1260 968 1307 et
1004 1254 1143 1307 amicitiae
1181 1254 1403 1307 communicatio.
1454 1252 1488 1304 ln
1520 1253 1658 1322 baptismo
1688 1251 1772 1306 fidem

76 1339 217 1394 bibitionis
240 1340 324 1407 ratio,
354 1357 389 1393 ne
419 1340 498 1392 ineas
521 1349 637 1408 pactum
665 1358 728 1394 cum
755 1340 912 1392 hominibus
938 1337 1048 1393 Christo
1081 1339 1224 1406 dedimus,-
1253 1338 1327 1408 quod
1361 1338 1445 1391 simus
1478 1338 1564 1391 futuri
1595 1338 1773 1407 palaestritae

76 1425 194 1479 illarum
219 1426 376 1492 cepionem,
406 1442 440 1476 ne
463 1443 526 1478 arm
552 1426 693 1488 fornicati
716 1426 826 1489 fuerint
850 1441 912 1476 carn
938 1424 1043 1476 strenui
1063 1425 1196 1480 adversus
1214 1440 1309 1477 omnes
1322 1422 1424 1477 Christi
1444 1422 1616 1491 perduelles;
1635 1440 1698 1476 cum
1719 1424 1772 1476 illis

77 1499 210 1562 diis'suts
228 1519 255 1562 ct
273 1508 495 1573 sacrificaverint
511 1512 672 1564 siniuiacris
693 1511 766 1575 suis,
794 1519 870 1563 vocet
886 1518 911 1562 ιι
938 1510 1024 1579 igitur
1043 1510 1091 1579 qui
1109 1509 1208 1565 foedus
1226 1510 1335 1570 ineunt,
1360 1524 1377 1561 a
1400 1507 1512 1561 foedere
1531 1524 1594 1561 eum
1617 1509 1725 1561 Christo
1744 1509 1774 1563 in

77 1597 224 1664 quintium,
238 1599 406 1650 utcomedas
419 1599 621 1651 deimmoiatis.
645 1599 727 1652 Deut.
742 1605 765 1666 1,
777 1615 802 1650 ν.
816 1603 840 1652 2.
848 1614 911 1666 pro·
939 1595 1077 1665 baptismo
1095 1595 1164 1649 inito
1182 1595 1325 1649 recedunt.
1356 1594 1421 1646 Huc
1440 1593 1563 1647 referunt
1579 1595 1671 1648 omnio
1689 1594 1772 1662 dicta,

77 1680 174 1735 bibitio
192 1682 334 1751 repetitur.
368 1682 405 1734 In
424 1683 516 1751 specie
536 1701 554 1737 a
579 1684 716 1753 propheta
739 1684 850 1737 Hanani
868 1698 911 1734 re·
937 1698 1009 1750 quae
1030 1682 1064 1736 de
1082 1681 1226 1736 haereticis
1238 1689 1334 1750 agunt,
1353 1679 1427 1749 quod
1440 1696 1487 1733 eos
1500 1678 1650 1733 debeamus
1661 1683 1772 1749 supere,

10 1779 60 1822 ,ra
77 1767 256 1836 prehenditur
290 1771 377 1822 Assae
412 1768 485 1838 regis
513 1769 590 1823 duda
615 1768 819 1823 confoederatio
848 1785 911 1821 cum
937 1769 1080 1837 deuitare,
1095 1783 1131 1819 ne
1149 1783 1200 1819 are
1218 1768 1330 1834 quidem
1349 1765 1409 1817 iilis
1429 1765 1524 1817 dicere
1542 1774 1593 1818 eto.
1629 1766 1728 1824 Mattb.
1749 1774 1772 1831 7,

76 1851 229 1907 Benhadad
247 1854 345 1924 Syriae
368 1869 434 1924 rege
453 1860 476 1909 2.
494 1855 585 1909 Paral.
605 1860 650 1918 16,
673 1872 699 1909 ν.
719 1861 748 1908 7:
771 1855 845 1915 Quia
862 1855 911 1906 ta·
936 1871 961 1905 v.
990 1859 1026 1907 15.
1064 1852 1118 1906 Tit.
1137 1858 1166 1912 3,
1194 1869 1221 1906 v.
1242 1857 1282 1906 10.
1317 1851 1420 1906 211611.
1445 1866 1472 1907 v.
1493 1857 1531 1906 10.
1551 1852 1600 1904 sed
1618 1851 1689 1915 illos,
1709 1869 1771 1905 cum

77 1939 162 1990 bristi
178 1939 316 2007 fiduciam
332 1940 362 1990 in
388 1956 454 2006 repe
474 1940 576 2008 Syriae
605 1949 631 1993 ιι
655 1958 712 1993 non
737 1941 767 1992 in
788 1940 911 1992 Domino
937 1938 1036 2008 quibus
1073 1937 1184 1991 foedera
1228 1936 1345 1998 inimus,
1391 1952 1567 2006 nequaquam
1609 1937 1770 1992 devitamus.

76 2025 139 2076 Deo
160 2032 222 2090 tuo,
246 2023 354 2076 idcireo
381 2025 467 2077 evasit
492 2024 594 2092 Syriw
617 2026 695 2094 regis
718 2025 855 2078 eucratas
873 2028 910 2078 de
936 2029 963 2076 3.
994 2023 1195 2091 Euempiorum
1219 2023 1404 2092 probatorum
1440 2023 1588 2075 aemulum.
1638 2020 1770 2077 lllicitum

75 2116 329 2164 manutenuit.
351 2110 452 2163 Nonne
474 2111 627 2179 Aethiopes
654 2119 680 2164 et
705 2113 805 2178 Libyes
824 2113 911 2165 multo
936 2109 1087 2163 censebant
1105 2107 1242 2177 Aegyptii
1265 2109 1408 2160 comedere
1427 2125 1487 2160 cunr
1507 2108 1653 2175 Hetnaeis,
1674 2109 1709 2164 ob
1730 2128 1770 2165 re·

72 2195 173 2263 plures
198 2202 278 2246 eram
302 2196 451 2263 quadrigis
477 2203 503 2248 et
521 2198 659 2264 saridim
682 2205 708 2250 ιι
734 2198 912 2251 multitudine
937 2195 1048 2265 ligionis
1066 2193 1175 2246 sedicet
1191 2191 1378 2247 diversitatem
1390 2191 1460 2247 Gen.
1474 2199 1516 2262 13,
1534 2209 1560 2251 v.
1581 2200 1622 2248 32.
1655 2195 1771 2249 iudaeis

75 2281 178 2341 nimia,
203 2298 271 2347 auos
296 2297 357 2332 cum
384 2281 413 2332 in
433 2282 559 2335 Domino
582 2284 766 2348 credidisses,
789 2285 912 2336 tradidit
936 2281 1043 2335 nullum
1063 2285 1123 2333 erat
1141 2297 1203 2332 cum
1217 2279 1409 2332 Samaritana
1426 2280 1559 2348 apostatis
1577 2284 1774 2335 commercium

76 2366 105 2416 in
122 2384 208 2417 mauu
226 2367 300 2417 trra?
318 2382 343 2419 v.
360 2372 385 2421 9.
399 2366 482 2418 Oculi
499 2369 571 2420 enim
586 2369 705 2422 Domini
722 2370 910 2437 contemplan-
935 2367 1000 2421 doh.
1021 2373 1055 2433 4,
1080 2384 1104 2420 v.
1123 2372 1147 2420 9.
1178 2365 1245 2418 Luc.
1267 2371 1297 2430 9,
1322 2382 1346 2418 v.
1367 2370 1408 2419 33.
1446 2364 1548 2420 iudaei
1565 2365 1691 2419 illicitum
1708 2384 1771 2422 een-

75 2459 122 2502 tur
140 2453 300 2504 rinieersam
318 2458 421 2505 terram
443 2461 469 2505 et
483 2455 620 2520 praebent
638 2456 839 2518 fortinsdinem
856 2457 908 2524 itis,
935 2454 1035 2508 rebant
1050 2453 1080 2504 iu
1099 2452 1185 2503 aedes
1203 2450 1348 2517 prutilium
1360 2451 1475 2518 inpredi
1492 2451 1621 2504 etcibum
1640 2469 1702 2508 cum
1714 2453 1769 2506 illia

76 2538 126 2605 aui
149 2540 234 2590 corde
254 2539 383 2606 perfecto
409 2540 525 2591 mediant
549 2540 579 2592 in
605 2556 675 2594 eum.
716 2540 806 2594 Stulte
823 2542 910 2609 iyitur
935 2555 1034 2608 capere
1054 2537 1118 2592 toh.
1143 2541 1188 2597 18,
1210 2551 1238 2592 v.
1264 2540 1306 2591 29.
1332 2534 1395 2589 Act.
1417 2541 1464 2598 11,
1481 2554 1506 2589 v.
1527 2543 1551 2592 3.
1587 2541 1611 2590 t.
1631 2539 1769 2592 Praesen-

77 2626 160 2691 episti
189 2632 213 2675 et
237 2632 359 2693 propter
386 2625 438 2678 toc
468 2626 553 2677 etiam
577 2642 610 2678 ea
623 2628 770 2694 praeacuti
786 2635 910 2697 tempore
936 2625 1073 2677 tissimum
1091 2622 1191 2675 talium
1212 2622 1491 2685 confoederationum
1504 2623 1673 2690 periculum.
1715 2626 1772 2687 Qui

76 2713 225 2763 astoensem
250 2719 274 2762 ιι
301 2711 376 2764 betia
402 2719 575 2780 concrepent.
620 2711 750 2765 Ostendit
773 2713 911 2782 propheta
932 2711 1025 2778 picem
1043 2708 1141 2775 tanpit,
1160 2709 1196 2760 ab
1214 2725 1248 2760 ea
1261 2707 1542 2775 inquinaturEccles.
1559 2716 1599 2777 13,
1617 2727 1642 2765 v.
1660 2717 1681 2765 1.
1715 2711 1768 2774 Qui

77 2796 104 2848 in
124 2794 176 2848 bac
196 2795 539 2866 redargutoria-coueioue,
560 2796 673 2851 foedera
686 2797 909 2868 illaplerumque
936 2813 998 2850 cum
1023 2793 1140 2848 inimicis
1165 2810 1248 2847 verae
1271 2792 1413 2862 religionis
1439 2810 1499 2847 sese
1524 2796 1663 2866 conjugit,
1687 2797 1770 2851 facile

75 2881 224 2950 conjuncta
243 2895 302 2934 esse
320 2897 383 2934 eum
397 2883 518 2952 quadam
532 2881 688 2936 diffidentia
701 2884 787 2936 divini
805 2883 910 2953 auxilii,
936 2880 1049 2951 aliquod
1067 2879 1163 2933 vitium
1184 2879 1220 2932 ab
1240 2878 1295 2931 illis
1309 2871 1458 2934 contrahit
1483 2880 1525 2932 Er
1543 2881 1701 2936 foederibus
1721 2899 1769 2937 na-

77 2966 194 3036 ideoque
206 2964 260 3019 Dei
277 2966 386 3020 nomine
400 2985 503 3037 poenas
515 2969 576 3039 regi
596 2969 749 3023 denuntiat.
780 2976 803 3024 2.
820 2971 910 3024 Paral.
936 2974 1050 3022 scantur
1080 2964 1231 3019 familiares
1264 2966 1498 3030 conversationes,
1525 2985 1558 3021 ex
1586 2967 1768 3023 familiaribus

80 3058 119 3117 19,
136 3070 162 3107 v.
182 3057 205 3106 2.
242 3052 316 3106 tehu
341 3053 476 3123 propheta
497 3053 610 3108 Hanaui
635 3054 708 3109 lilius
733 3055 911 3124 reprehendit
936 3051 1189 3107 conversationibus
1209 3050 1361 3121 peculiaris
1380 3050 1516 3120 quaedam
1535 3053 1688 3108 animorum
1705 3073 1768 3110 con·

75 3138 261 3207 iosaphatum
286 3155 380 3207 regem
399 3138 489 3206 tuda,
510 3140 585 3208 quod
606 3157 669 3193 cunr
686 3140 803 3195 Achabo
823 3141 909 3195 idolo·
932 3140 1049 3210 junctio,
1070 3155 1105 3192 ex
1127 3137 1281 3191 animorum
1302 3137 1496 3206 conjunctione
1514 3139 1624 3208 accidit,
1644 3147 1675 3194 ut
1693 3142 1769 3195 zelus

76 3224 173 3277 latrice
190 3240 256 3293 rege
273 3223 362 3277 lsrael
385 3223 483 3279 foedus
506 3225 605 3280 inierat
625 3234 661 3283 ,et
677 3227 705 3280 in
724 3227 827 3282 bellum
845 3244 908 3282 cum
935 3228 964 3280 in
983 3223 1147 3280 detestanda
1165 3223 1298 3293 religione
1317 3222 1433 3276 adversa
1445 3223 1614 3294 refrigescat,
1634 3227 1678 3279 cui
1696 3229 1769 3282 enim

76 3311 136 3379 ipso
159 3309 353 3378 descenderat,
376 3312 456 3380 cujus
482 3310 584 3364 exitum
613 3311 699 3366 fuisse
716 3312 856 3368 infelicem
875 3330 908 3370 ex
936 3310 1113 3383 peculiariter
1125 3309 1259 3375 favemus,
1279 3309 1353 3362 illius
1366 3308 1528 3378 religionem
1546 3310 1769 3368 molliustracta·

76 3394 259 3465 praecedente
279 3395 370 3465 eapite
390 3395 575 3452 manifestum.
596 3404 620 3451 2.
637 3397 729 3452 Paral.
750 3404 796 3467 29,
822 3418 848 3454 v.
868 3407 910 3457 31.
936 3416 1006 3452 mus.
1051 3398 1130 3462 Quae
1154 3412 1221 3465 ergo
1242 3401 1285 3449 est
1311 3394 1447 3448 humanae
1475 3402 1591 3450 naturae
1615 3397 1770 3469 infirmitas,

76 3480 202 3550 ejusdem
220 3479 366 3550 iosaphati
388 3481 487 3537 foedus
511 3499 574 3536 cum
596 3482 718 3537 chozia
742 3484 826 3555 impio
845 3502 912 3557 rege
935 3484 1011 3539 facili
1036 3482 1147 3552 negotio
1172 3481 1333 3551 coningere
1356 3485 1462 3549 potest,
1494 3487 1525 3534 ut
1551 3481 1605 3551 piis
1628 3501 1662 3538 ac
1687 3502 1769 3541 verae

77 3565 163 3618 Israel
183 3566 219 3619 ab
245 3566 370 3621 Eliezero
390 3567 526 3637 propheta
548 3568 730 3637 improbatur.
769 3570 842 3633 Quia
860 3571 911 3636 (111-
936 3568 1063 3641 religioni
1083 3566 1201 3621 addictis
1221 3584 1256 3620 ex
1273 3564 1480 3620 conversatione
1509 3574 1572 3619 eum
1591 3572 1725 3639 apostatis
1743 3579 1771 3628 et

76 3652 147 3721 quit)
168 3653 291 3705 Ιιαιιιίιιί
309 3655 410 3717 foedus
431 3671 493 3706 cunr
513 3655 649 3722 Ortacia,
674 3655 830 3725 disrumpet
849 3660 911 3710 Do·
936 3655 1095 3711 infidelibus
1114 3653 1276 3724 praesertim
1306 3671 1339 3707 ex
1362 3653 1479 3707 arctiore
1505 3654 1628 3711 amicitia
1646 3675 1696 3728 per
1714 3659 1771 3715 foe·

76 3740 169 3792 minus
189 3748 355 3807 operatua.
387 3738 452 3794 Esa.
470 3757 494 3794 c.
510 3746 534 3805 8,
552 3758 577 3792 v.
599 3746 637 3795 12.
658 3741 753 3811 arguit
769 3744 911 3813 populum,
938 3743 1085 3797 duacum
1102 3740 1156 3794 illis
1174 3739 1244 3793 inita
1264 3738 1371 3809 aliquid
1398 3738 1469 3793 labis
1490 3739 1639 3796 affricetur.
1677 3749 1703 3798 «ι.
1724 3746 1771 3798 In·
1784 3747 1838 3788 ΚΝ-
1851 3744 1882 3789 ¹³·

77 3824 152 3894 quod
173 3841 236 3878 cum
253 3823 433 3880 idololatricis
451 3825 564 3896 regibus
583 3824 681 3879 foedus
698 3827 768 3884 inire
781 3829 910 3883 voluerit:
930 3829 1050 3895 felicem
1077 3827 1196 3879 irionem
1230 3826 1507 3889 confoederationum
1544 3827 1659 3895 ercitum,
1689 3846 1770 3899 quem

78 3913 144 3964 Non
163 3911 281 3978 dicatis,
300 3911 526 3976 confoederatio,
552 3913 647 3965 omnia
666 3914 752 3977 enim,
775 3930 847 3981 quae
870 3915 912 3968 to·
938 3912 1087 3967 ostendunt
1105 3911 1231 3982 exempla
1257 3910 1383 3980 superius
1406 3911 1498 3967 citata.
1537 3912 1627 3968 Assae
1652 3917 1772 3984 pessime
1867 3898 1873 3909 ⁵

76 3997 173 4065 quidm
193 3996 319 4064 populus
338 3996 403 4065 iste,
427 3998 641 4063 confoederatio
660 4006 713 4068 eat,
739 4007 764 4052 ct
786 4001 913 4054 timorem
938 4000 1040 4055 cecidit
1068 3997 1166 4053 foedus
1195 4014 1258 4050 curn
1289 3996 1441 4053 Benhadad
1470 3999 1577 4068 Syriae
1598 4015 1676 4071 rege,
1707 4004 1772 4073 quia

77 4084 140 4151 ejus
157 4099 192 4134 ne
206 4083 340 4148 timeatis,
365 4084 519 4136 Darninum
544 4086 712 4138 examinum
730 4086 912 4154 sanctuicate.
938 4091 1050 4155 propter
1067 4083 1136 4137 illud
1149 4081 1289 4153 perpetuis
1299 4082 1457 4153 implicatus
1471 4083 1525 4137 fuit
1536 4085 1617 4140 bellis
1628 4087 1720 4141 t.Par.
1735 4096 1773 4153 16,

78 4187 102 4223 c.
122 4174 165 4237 39,
185 4187 210 4223 v.
227 4175 259 4223 2.·
284 4169 339 4223 Vae
350 4171 433 4237 uoln's,
453 4172 504 4239 aui
514 4171 674 4241 arrrtrciatis,
694 4179 725 4225 ut
737 4174 913 4228 descendatis
940 4190 965 4227 v.
976 4179 1000 4227 9.
1018 4170 1188 4240 iosaphatus
1207 4170 1236 4222 in
1250 4175 1400 4224 extremum
1414 4171 1487 4224 vitae
1500 4173 1653 4241 periculum
1666 4174 1774 4242 incidit,

77 4257 108 4308 in
122 4257 288 4323 Aegyptum,
306 4265 335 4308 ut
356 4257 522 4323 confortetis
539 4277 588 4311 vas
607 4259 637 4310 in
656 4259 912 4319 fortitudinePta-
940 4257 1052 4328 quando
1064 4255 1182 4309 Achabo
1201 4255 1229 4308 in
1248 4254 1320 4309 bello
1333 4263 1430 4310 eontra
1447 4255 1567 4312 Ramoth
1585 4257 1694 4313 Galaad
1713 4275 1773 4313 sese

77 4343 178 4394 raonis
207 4350 233 4394 et
263 4343 393 4396 lactentes
415 4344 556 4410 fiduciam
590 4345 620 4397 in
650 4345 749 4398 umbra
783 4347 915 4415 Aepypti.
940 4342 1085 4414 conjungit
1105 4341 1208 4410 l.Reg.
1227 4346 1267 4409 22,
1280 4359 1305 4394 v.
1325 4346 1365 4395 32.
1387 4347 1411 4396 2.
1427 4342 1519 4397 Paral.
1539 4348 1578 4406 13,
1594 4362 1619 4400 v.
1639 4349 1679 4399 31.
1700 4344 1773 4398 idem

79 4445 104 4483 c.
126 4434 171 4496 31,
193 4446 219 4481 v.
250 4435 277 4482 1:
307 4429 364 4482 Vae
388 4430 438 4498 aui
459 4432 630 4484 ἀιιιιιιιιιιιι
650 4432 680 4485 in
699 4432 856 4500 Aegyptum
875 4433 917 4485 ad
941 4428 1117 4498 naufragium
1132 4426 1202 4480 facit
1219 4431 1247 4481 et
1262 4426 1378 4480 classem
1395 4428 1509 4497 amittit,
1531 4430 1642 4498 quando
1661 4429 1774 4484 foedere
1873 4422 1876 4427 ’

79 4515 216 4567 auritium
240 4512 271 4564 in
301 4514 380 4581 cauis
406 4524 550 4585 macutes
572 4524 598 4568 ιι
624 4517 753 4569 babentes
780 4486 1004 4581 iduciamlcum
1016 4512 1138 4569 choaia
1153 4512 1221 4566 inito
1239 4528 1325 4566 naves
1344 4531 1408 4567 suas
1425 4514 1510 4583 ipsius
1529 4515 1610 4568 classi
1629 4515 1774 4586 conjungit

79 4618 165 4671 suaper
184 4597 344 4667 quadrigis,
365 4600 432 4668 auia
452 4602 556 4655 multae
574 4610 647 4656 sunt.
685 4606 711 4655 2.
730 4602 915 4654 Interdictum
927 4592 929 4673 l
942 4607 966 4656 2.
980 4599 1030 4655 Pa.
1040 4605 1081 4659 26,
1094 4617 1120 4651 v.
1134 4604 1175 4653 31.
1194 4593 1422 4653 Maccabaeorum
1435 4616 1497 4653 cum
1506 4599 1638 4653 Romanis
1648 4609 1677 4654 et
1688 4601 1775 4656 Lace·

80 4703 113 4740 ιιι
129 4684 333 4752 concoquantur
351 4683 481 4738 elicitum.
516 4686 595 4740 Deus
618 4687 647 4741 in
665 4687 802 4758 principio
820 4686 913 4741 statim
942 4684 1093 4739 daemoniis
1102 4683 1215 4738 foedas
1224 4701 1306 4753 quem
1319 4684 1466 4738 habuerint
1476 4685 1587 4754 exitum,
1598 4687 1679 4742 docet
1691 4687 1775 4742 histo-

80 4771 194 4826 bumani
220 4768 330 4840 generis
354 4769 517 4824 inimicitias
543 4773 640 4840 posuit
657 4775 730 4827 inter
746 4790 837 4827 semen
856 4790 914 4824 mu·
940 4771 990 4827 ria.
1019 4769 1182 4825 lbanciscus
1195 4769 1350 4824 Galliarum
1369 4786 1417 4823 rex
1435 4770 1553 4825 moriens
1565 4773 1727 4841 gravissime
1741 4774 1775 4827 de

80 4859 162 4911 lieris
180 4865 206 4910 et
226 4872 317 4909 semen
335 4855 473 4925 serpentis
491 4857 645 4920 infernalis
664 4858 765 4915 Genea.
784 4865 809 4922 3,
829 4877 853 4913 v.
874 4864 914 4912 15.
940 4874 973 4911 eo
992 4862 1159 4925 conquestus
1188 4862 1246 4920 est,
1277 4860 1355 4926 quod
1382 4857 1500 4910 votuera
1525 4875 1583 4910 esse
1609 4860 1775 4922 faerieratus

76 4945 138 5013 jam
157 4959 222 4996 vero
242 4941 368 4995 diversae
394 4940 535 5010 religionis
560 4941 684 4999 homines
701 4960 735 4998 ac
754 4944 914 5014 cumprimis
941 4942 1098 4996 Christiani
1108 4943 1319 5003 rrorninisiosti,
1339 4944 1416 5011 arrad
1425 4944 1530 5007 foedus
1547 4961 1609 4998 cum
1624 4947 1718 4999 furca
1726 4963 1776 5017 pe·

80 5027 206 5083 infideles
217 5027 358 5096 pertinent
369 5027 404 5080 ad
414 5043 507 5081 semen
520 5025 814 5099 infernalisserpentis.
838 5029 915 5099 Ergo
936 5031 1053 5101 piperni
1077 5037 1102 5082 ιι
1124 5029 1345 5087 Citrtstianorum
1368 5028 1466 5097 capita
1492 5037 1627 5098 tanquam
1649 5039 1778 5084 ammata

79 5131 144 5169 eum
163 5113 219 5166 illis
237 5113 314 5167 nulla
333 5113 417 5168 debet
427 5113 482 5182 piis
493 5112 665 5168 intercedere
682 5114 829 5170 foederalis
847 5116 914 5170 ami-
941 5119 982 5169 ad
1000 5115 1233 5169 Matumetanam
1251 5115 1410 5166 rimandam
1436 5115 1514 5181 atipi
1531 5116 1609 5168 maus
1626 5117 1777 5186 vidensque

80 5200 154 5253 citia.
192 5198 345 5254 Ecclesiam
366 5199 576 5270 malignantium
592 5201 723 5266 perfecto
736 5202 803 5254 odio
819 5219 916 5271 prose-
940 5217 1043 5271 passus
1062 5209 1139 5268 erat,
1162 5200 1309 5254 Sleidanus
1329 5199 1391 5254 libr.
1414 5205 1453 5254 15.
1475 5206 1619 5255 comment.
1639 5219 1665 5271 p.
1687 5207 1745 5256 332.

80 5284 129 5355 qui
148 5283 288 5348 debemus,
306 5284 394 5340 Palm.
408 5290 455 5351 26,
480 5302 506 5337 ν.
525 5292 554 5339 5:
586 5284 644 5337 Odi
667 5285 810 5340 ecclesiam
834 5289 916 5342 maii·
980 5294 1035 5343 133.
1079 5288 1133 5353 Qui
1156 5287 1322 5340 eontrarium
1347 5292 1488 5356 statuunt,
1519 5288 1586 5341 haec
1613 5288 1670 5343 fere
1695 5305 1809 5362 argu-2
1825 5319 1890 5359 m.

49 5382 51 5384 ·
79 5371 226 5439 peantium
241 5379 267 5423 et
287 5388 348 5423 cum
365 5371 470 5441 'inmitis
497 5388 553 5424 nors
577 5370 686 5424 sedebo
734 5369 828 5425 Psalm
862 5378 917 5441 139,
943 5382 1036 5429 menta
1063 5372 1214 5442 proferunt
1263 5378 1286 5427 1.
1307 5372 1447 5443 Legitima
1474 5372 1598 5427 defensio
1631 5379 1674 5426 est
1699 5375 1776 5440 istria
1790 5372 1909 5414 nmium.

81 5473 108 5508 v¹
135 5461 182 5510 21:
209 5457 310 5508 Nonne
333 5458 383 5524 aui
406 5458 526 5510 oderunt
548 5464 575 5512 te
592 5455 728 5523 Domine,
752 5457 868 5510 οιιιναιι
892 5465 918 5510 et
943 5459 1093 5526 ammata,
1112 5458 1129 5513 l.
1156 5464 1179 5513 3.
1199 5458 1228 5514 ff.
1247 5457 1283 5510 de
1297 5458 1366 5527 just.
1384 5466 1413 5512 et
1427 5459 1499 5527 jure,
1517 5458 1633 5527 proinde
1651 5475 1706 5513 non
1727 5476 1777 5529 pu·

132 5549 235 5591 aaran
249 5549 297 5591 ua
317 5549 352 5592 11.
1414 5566 1447 5616 22
