4020 6014
712 304 765 362 nn
784 304 1038 366 mommsen
1057 304 1243 366 cosmon
1506 282 1509 287 ’
1744 317 1802 374 su

113 461 136 511 3,
158 457 302 522 Quaedam
328 457 463 531 obligatio
489 468 532 516 eet
549 463 670 530 directo,
700 479 762 516 cum
787 463 831 516 lex
848 461 941 516 imme·
973 464 1126 520 moniorum
1143 463 1254 534 plurimi
1271 462 1417 535 fugissent,
1433 462 1484 534 qui
1496 462 1608 535 legibus
1621 479 1726 534 poenas
1738 463 1806 518 dare

112 542 187 598 diate
206 550 248 599 est
266 561 283 597 a
301 544 361 600 Deo
382 562 416 600 ac
435 546 467 600 de
486 548 569 602 rebus
589 549 689 602 divinis
709 555 737 603 et
760 549 835 603 cultu
854 563 943 602 sacro·
972 549 1118 618 deberent,
1137 550 1232 622 ephori
1251 556 1416 619 metuentes,
1436 567 1472 605 ne
1490 548 1588 604 civitas
1609 549 1721 604 deserta
1739 548 1807 603 rixis

112 646 174 683 rum
195 629 261 702 ugit,
280 631 395 701 proinde
416 632 498 687 etiam
521 633 594 688 illius
606 634 719 689 violatio
738 634 896 690 immediate
915 639 944 687 et
973 640 1068 707 egeret
1084 635 1232 704 militibus,
1250 637 1401 708 cupiebant
1417 636 1488 692 hene
1508 635 1689 708 ignominiam
1709 633 1804 706 fugiti-

112 733 162 786 per
180 733 210 772 se
228 716 256 769 in
277 717 366 787 ipsum
387 718 477 773 Deum
495 720 599 790 femur,
629 722 764 792 quaedam
789 736 852 776 vero
870 720 943 774 iadi-
971 723 1013 777 ris
1032 723 1187 791 remittere,
1214 723 1295 777 simul
1314 730 1406 778 tamen
1425 723 1501 794 leges
1519 739 1637 778 servare.
1670 720 1807 793 Deligunt

111 811 202 870 recta,
230 819 292 858 curn
311 804 355 859 lex
373 822 428 859 non
447 812 489 861 est
505 807 664 863 immediate
682 823 699 862 a
717 809 791 876 Deo,
822 809 871 863 sed
889 823 944 862 me·
971 809 1057 881 igitur
1075 808 1237 883 Agesilm
1256 826 1389 865 novarum
1413 808 1506 880 legum
1525 808 1713 877 conditorem
1733 806 1805 861 isin

112 890 195 958 diste,
213 905 265 945 noc
283 906 333 960 per
353 909 381 945 so
403 899 429 946 et
450 893 604 964 propinque
624 893 715 951 Deum
734 894 822 949 Deire
839 895 943 949 cultum
972 902 1133 968 suggestum
1151 895 1291 966 prodiens,
1320 898 1389 966 Epo,
1408 894 1506 966 inquit,
1525 895 1602 948 alias
1622 895 1697 962 laam
1715 895 1805 948 lead·
1919 966 1921 971 Ι

112 976 262 1044 concernit,
283 977 332 1030 sed
350 986 549 1048 consequenter
567 988 594 1034 et
612 986 723 1035 remote.
761 980 849 1034 Priori
864 980 945 1035 modo
972 1000 1112 1051 quaquam
1131 983 1243 1036 laturus
1262 1000 1335 1049 eum,
1361 984 1413 1034 sed
1429 980 1499 1035 mili
1513 988 1618 1034 recitem
1637 981 1755 1044 uidetur,
1774 988 1807 1034 est

113 1061 220 1133 obligat
240 1063 283 1116 lex
303 1062 414 1132 divina,
440 1065 584 1134 posteriori
603 1081 668 1120 vero
689 1066 824 1135 humana,
851 1072 947 1136 quate·
971 1069 1053 1137 leges,
1072 1086 1143 1137 quae
1163 1069 1279 1135 lebetis,
1299 1086 1317 1120 a
1337 1069 1384 1120 elie
1401 1067 1526 1123 emulino
1543 1067 1806 1135 rotwsscipicnm

117 1166 168 1202 nus
187 1148 294 1204 scilicet
311 1149 384 1204 illius
402 1151 623 1222 transgressione
641 1152 806 1207 ordinationi
826 1152 945 1213 divinae,
973 1171 1029 1227 qua
1046 1154 1153 1209 ratione
1171 1160 1200 1208 et
1219 1154 1336 1208 militum
1355 1152 1448 1220 saluti,
1474 1158 1502 1208 et
1521 1153 1616 1224 legum
1632 1151 1723 1225 vigori
1741 1168 1806 1208 cou-

113 1251 168 1306 qua
189 1235 381 1307 magistratum
402 1236 520 1291 instituit
539 1243 568 1291 et
585 1243 722 1307 potestate
745 1238 838 1309 legum
857 1238 946 1293 feren·
975 1242 1078 1295 sultam
1095 1240 1189 1296 voluit.
1229 1240 1368 1294 Zaleucus
1388 1239 1567 1296 [ceremiam
1584 1237 1727 1310 legislator
1744 1237 1806 1292 diu·

113 1324 210 1376 darum
236 1321 380 1391 instruxit,
410 1324 554 1380 resistitur.
594 1324 724 1388 Quamvis
751 1325 836 1397 igitur
861 1325 947 1396 magi-
972 1327 1098 1381 turnitati
1117 1341 1228 1382 suerum
1248 1326 1340 1398 legum
1358 1326 1533 1379 consulturus
1559 1325 1616 1380 tale
1634 1324 1808 1395 prooemium·

113 1413 214 1463 stratus
233 1427 288 1464 non
306 1410 433 1466 intendet
452 1410 505 1466 sub
523 1427 628 1482 poenae
648 1418 778 1467 aetemaa
797 1411 945 1466 commina·
973 1414 1076 1468 eisdem
1105 1412 1248 1485 praemisit
1275 1413 1411 1468 referente
1437 1411 1557 1467 Stobaeo
1585 1428 1665 1467 serm.
1691 1416 1739 1466 tt:
1773 1409 1808 1465 ss·

112 1495 188 1551 tione
206 1495 282 1566 leges
304 1497 398 1552 civiles
416 1514 584 1569 proponere,
611 1513 663 1553 nec
687 1501 815 1568 paratam
840 1496 945 1552 habeat
973 1501 1036 1571 quia
1055 1501 1174 1555 uoluerit
1194 1501 1267 1569 loger
1285 1500 1409 1552 concitas
1429 1513 1536 1552 urosere
1557 1506 1607 1552 arse
1629 1514 1731 1551 acaum
1748 1504 1805 1550 etc·

114 1581 329 1651 exsecutionem,
350 1600 405 1654 qua
423 1584 510 1654 possit
528 1583 603 1638 istud
628 1598 733 1654 poenae
752 1600 839 1655 genus
857 1591 945 1639 trans·
973 1596 1061 1650 tuere,
1088 1587 1113 1639 ia
1138 1587 1213 1640 collo
1239 1585 1269 1638 la
1296 1587 1426 1655 hoscum
1444 1584 1568 1638 immisce
1591 1585 1627 1637 de
1642 1583 1703 1651 laps
1720 1581 1805 1635 oculu

113 1667 286 1739 gressoribus
305 1669 436 1741 irrogare,
453 1683 485 1723 ex
505 1685 539 1724 eo
556 1676 650 1724 tamen
665 1686 720 1723 non
732 1673 825 1740 potest
842 1669 945 1736 inferri,
971 1674 1077 1736 faciat,
1101 1679 1128 1726 et
1144 1672 1171 1725 as‘
1184 1688 1239 1742 per
1258 1672 1399 1743 euffrcpia
1418 1672 1565 1736 uidentur,
1583 1670 1670 1737 legem
1688 1675 1805 1723 cutmen

42 1810 47 1821 ,
114 1754 189 1825 quod
218 1755 298 1826 leges
321 1755 500 1826 magistratus
529 1755 606 1811 nulla
634 1755 717 1826 planc
745 1756 851 1810 ratione
880 1772 945 1810 con·
972 1759 1206 1826 eesetollersdcm,
1225 1767 1274 1811 aut
1287 1776 1355 1822 eam,
1375 1774 1446 1827 quoe
1464 1775 1537 1811 nova
1550 1758 1684 1824 insertur,
1702 1755 1806 1808 bonum

114 1839 256 1894 scientiam
276 1841 415 1912 obligent,
443 1842 491 1896 sed
512 1840 586 1912 quod
608 1841 710 1896 directe
734 1848 762 1895 et
786 1842 945 1896 immediate
971 1862 1037 1908 esee,
1055 1846 1194 1899 indemnia
1212 1852 1339 1912 mamm,
1358 1852 1457 1899 contra
1474 1860 1540 1898 oerc
1552 1844 1579 1896 ω’
1593 1842 1675 1911 prior
1693 1842 1738 1896 lec
1748 1856 1802 1894 me·

115 1944 174 1982 eam
194 1945 249 1982 non
267 1928 407 2000 obligent,
426 1927 536 1983 interim
554 1942 587 1982 eo
605 1929 674 1997 ipso,
695 1928 769 2000 quod
787 1928 864 1983 Deus
881 1928 945 1983 obe·
970 1931 1027 1985 lice
1046 1932 1149 1985 loeas
1164 1932 1308 1997 uideatur,
1328 1931 1353 1981 ir
1370 1931 1419 1998 qul
1437 1937 1525 1983 mouet
1544 1930 1685 1997 iusumque
1704 1930 1804 2000 leyen,

116 2011 246 2069 dientiani
265 2031 331 2085 erga
349 2014 542 2085 magistratum
561 2020 589 2068 et
604 2013 682 2085 leges
706 2014 884 2085 magistratus
902 2030 943 2070 re·
971 2019 1073 2088 laqueo
1102 2026 1223 2072 attracto
1247 2019 1391 2072 moriatur.
1428 2016 1633 2089 Distinguenda
1662 2021 1757 2071 tamen
1785 2030 1804 2070 a
1866 2066 1870 2071 .
1930 2018 1933 2027 '

114 2100 212 2172 quirit,
242 2099 411 2155 conscientia
429 2099 602 2155 subditorum
621 2100 673 2154 sub
690 2116 797 2170 poenae
816 2107 946 2157 aeternae
972 2106 1119 2161 temeraria
1137 2104 1208 2176 legis
1226 2105 1391 2168 mutatione,
1410 2121 1443 2159 ea
1460 2120 1533 2173 quae
1550 2102 1582 2157 fit
1603 2119 1636 2157 ax
1655 2119 1741 2159 eausa
1758 2119 1802 2157 ur·

113 2187 235 2257 periculo
254 2187 290 2241 ad
307 2205 353 2241 eas
370 2187 518 2259 obligatur.
972 2199 1055 2264 gente
1072 2195 1101 2245 et
1117 2191 1272 2247 necessaria
1289 2190 1406 2246 salutem
1424 2189 1593 2260 reipublicae
1610 2194 1803 2245 concurrente.

10 2270 99 2371 ¹³30ss
150 2279 207 2329 tua.
250 2272 331 2327 (lirca
354 2273 489 2344 adjuncta
511 2274 605 2344 legum
632 2273 754 2327 civilium
780 2273 835 2328 duo
863 2290 945 2328 cauo·
971 2279 1012 2337 Ut
1030 2277 1104 2332 enim
1122 2279 1150 2333 in
1163 2277 1265 2333 morbis
1277 2293 1349 2333 nova
1362 2294 1417 2332 non
1438 2282 1504 2332 sunt
1521 2277 1656 2331 tentanda
1672 2275 1804 2341 remedia,

10 2373 67 2413 tium
113 2376 162 2414 nes
189 2366 254 2414 sunt
278 2360 399 2414 notandi.
438 2363 460 2413 1.
485 2361 573 2428 Leges
599 2377 655 2414 coc
680 2368 745 2413 cam
766 2361 850 2414 almis
875 2361 945 2415 mul·
972 2365 996 2419 si
1012 2365 1152 2421 veteribus
1168 2364 1242 2420 malo
1262 2364 1386 2419 succurri
1404 2363 1506 2434 possit3
1527 2363 1568 2418 sic
1583 2380 1638 2420 non
1656 2368 1722 2418 sunt
1740 2379 1805 2419 cou-
1911 2423 1914 2433 ,

113 2447 296 2515 tablicumlue.
339 2446 562 2515 Corruptissima
580 2454 620 2498 eat
642 2447 818 2516 respublica,
842 2448 872 2499 in
890 2464 946 2516 qim
972 2451 1081 2507 dandae
1106 2466 1193 2507 novae
1217 2452 1305 2524 leges,
1337 2448 1362 2505 si
1385 2458 1492 2505 veteres
1515 2449 1672 2505 ministrent
1689 2448 1804 2522 aliquid,

110 2532 252 2602 plurimae
278 2533 366 2600 leges,
400 2531 491 2604 inquit
514 2531 630 2588 Tacitus
648 2533 719 2588 libro
736 2539 836 2605 quarto
854 2532 945 2589 annal.
972 2554 1027 2608 quo
1044 2539 1124 2593 malis
1142 2537 1312 2609 reipublicae
1330 2536 1481 2602 medearis,
1503 2537 1635 2592 Erasmus
1652 2537 1682 2591 in
1700 2536 1749 2592 lib.
1766 2536 1803 2593 de

115 2619 174 2682 Quo
188 2620 339 2688 pauciores
359 2621 434 2688 leger
451 2627 528 2687 scat,
554 2623 637 2674 modo
654 2620 728 2674 os'ree
745 2637 813 2673 auce
836 2628 946 2675 uranus
970 2624 1056 2680 instit
1090 2623 1176 2695 princ.
1222 2622 1278 2679 Sed
1308 2623 1540 2695 quemadmodum
1575 2630 1680 2679 mutato
1711 2622 1801 2680 morbi

113 2713 248 2767 emerant,
267 2722 298 2760 eo
316 2707 380 2759 lenc
400 2714 525 2760 moratos
541 2707 713 2776 reipublicae
732 2708 833 2762 melius
849 2723 945 2762 couce-
971 2719 1045 2768 statu
1066 2717 1096 2768 ae
1114 2711 1248 2784 qualitate
1268 2716 1411 2765 mutantur
1428 2709 1661 2780 etiumremedia3
1681 2710 1721 2764 sic
1738 2727 1803 2782 prn-
1863 2784 1866 2791 Ι

113 2793 200 2858 aium,
218 2792 314 2847 scribit
331 2793 453 2848 lacobus
472 2792 635 2848 Britanniae
658 2810 706 2849 rex
727 2794 790 2850 libr.
809 2800 833 2849 t.
853 2797 945 2864 paesi.
972 2800 1040 2854 dans
1059 2797 1201 2870 legislator
1218 2796 1332 2852 mutatis
1349 2794 1523 2852 subditorum
1542 2795 1677 2862 moribus,
1697 2802 1804 2851 matuta

112 2879 213 2950 δώρου,
251 2879 332 2934 Retio
349 2886 392 2934 est
409 2880 438 2935 iu
458 2880 560 2951 aprico.
598 2880 748 2935 Multitudo
765 2881 839 2936 enim
849 2880 943 2953 legum
970 2885 1140 2957 reipublicae
1159 2889 1248 2947 maur,
1274 2882 1387 2936 mutatis
1407 2880 1475 2950 illis,
1499 2882 1536 2936 ad
1555 2897 1627 2953 quae
1645 2881 1674 2935 ln
1693 2880 1804 2953 legibue

112 2972 305 3037 praeterquam
331 2966 406 3038 quod
428 2972 470 3022 est
498 2966 631 3021 indicium
658 2968 838 3039 plurimorum
865 2968 945 3023 vitio·
970 2970 1092 3027 ferendis
1120 2969 1340 3040 respiciendum,
1366 2967 1442 3040 leges
1467 2966 1550 3023 etlam
1574 2973 1681 3023 mamre
1698 2968 1804 3039 optimu

112 3069 172 3105 rum
200 3052 229 3106 in
254 3053 397 3123 republica
426 3053 588 3125 rigentium,
627 3054 799 3109 occasionem
830 3055 946 3126 praebet
970 3059 1077 3114 ratione
1099 3057 1209 3128 poterit.
1243 3056 1276 3110 ln
1298 3055 1383 3111 rebus
1407 3053 1480 3110 enim
1503 3053 1624 3126 politicis
1647 3054 1802 3110 cedendum

113 3140 261 3193 contemtui
278 3140 386 3206 logum,
405 3140 453 3194 ubi
473 3140 545 3193 enim
568 3140 722 3210 permultae
741 3140 818 3212 leges
837 3159 944 3212 ponun·
970 3152 1013 3202 ast
1035 3142 1167 3215 tempori,
1195 3143 1290 3213 ltaque
1312 3150 1341 3197 et
1356 3141 1433 3212 prior
1450 3140 1621 3212 reipublicae
1647 3145 1736 3196 statiis
1752 3141 1803 3196 im-

113 3230 165 3293 tur,
185 3225 223 3280 ibi
244 3227 337 3281 multis
353 3226 617 3298 transgressionibus
637 3228 745 3282 occasio
764 3227 861 3297 datur,
879 3228 943 3286 illae
970 3231 1070 3286 mutari
1094 3235 1123 3286 et
1144 3229 1257 3284 decreta
1280 3232 1345 3282 ante
1370 3226 1447 3282 facta
1469 3227 1591 3284 revocari
1610 3231 1744 3299 possunt,
1777 3224 1801 3282 si

10 3336 38 3348 =·
93 3312 136 3365 ·si
154 3313 342 3382 vendicantur,
369 3330 498 3384 asperum
518 3318 546 3369 et
562 3314 668 3368 immite
680 3314 711 3368 fit
728 3313 880 3384 imperium,
900 3315 943 3370 sin
968 3317 1074 3374 utilitas
1092 3314 1364 3386 ruodmannum.
1382 3313 1431 3369 lib.
1450 3318 1476 3370 8.

112 3397 263 3469 impunitae
283 3399 474 3469 dimittuntur,
504 3405 657 3454 contemtus
681 3400 774 3471 legum
793 3399 943 3456 introduci·

112 3489 165 3539 tur.
202 3489 227 3537 2.
247 3490 335 3554 Lepec
354 3489 494 3556 majorum
512 3504 569 3540 mou
586 3494 650 3539 auat
663 3493 763 3540 temere
781 3489 942 3541 marcadus.
1284 3508 1491 3517 -·--···-···‘

111 3570 220 3628 Cleonis
237 3572 523 3645 apud-Thucydidem
543 3573 679 3628 sententia
698 3578 757 3641 est,
776 3574 877 3628 malim
894 3575 944 3644 aps·

112 3676 171 3710 cum
191 3660 309 3729 civitate,
333 3677 404 3729 prece
428 3661 513 3713 mulie
537 3660 642 3728 lepidus
662 3667 822 3713 constantes·
845 3662 942 3730 rcum,
1156 3673 1184 3734 Α
1203 3672 1346 3735 3110
1366 3673 1436 3734 111,
1453 3673 1482 3733 u
1499 3673 1518 3732 fl
1554 3671 1609 3733 11,

111 3761 194 3813 quum
212 3763 272 3798 cram
293 3763 340 3813 ca,
360 3762 431 3814 qaae
448 3746 536 3815 bosia,
553 3747 605 3799 sed
621 3746 820 3805 incoartauter.
856 3748 941 3818 Apud

111 3832 264 3904 Aeginetas
282 3839 394 3887 cautum
413 3838 489 3901 erat,
504 3839 535 3887 ut
553 3833 601 3904 qui
618 3848 707 3888 novae
724 3834 886 3891 condendae
904 3837 941 3892 le·
1216 3827 1283 3894 DE
1306 3829 1328 3896 J
1336 3827 1546 3896 UDIOIIS.

110 3919 151 3988 gis
175 3934 287 3974 causam
313 3921 407 3989 daret,
433 3920 538 3973 invisus
562 3920 690 3975 omnibns
714 3926 743 3977 et
766 3923 941 3979 exsecrabilis

111 4006 195 4067 fieret,
216 4006 372 4060 Alexander
389 4005 424 4061 ab
445 4005 522 4059 Alex.
549 4006 610 4060 libr.
635 4011 659 4061 6.
686 4023 748 4079 gen.
768 4007 836 4064 dier.
856 4026 878 4063 c.
901 4015 940 4066 ld.
1003 4008 1062 4059 270.
1098 4000 1281 4073 Maglflimuv
1296 4018 1352 4056 ¹10¹!
1376 4001 1465 4057 tolum
1492 4002 1613 4073 prudent
1639 4004 1801 4074 νομοθέτης,
1814 4013 1880 4055 usus

110 4093 192 4147 Ratio
209 4092 292 4163 hujus
312 4093 424 4147 canonis
441 4098 484 4146 est
503 4092 656 4149 manifesta.
696 4093 757 4150 Non
781 4094 855 4149 enim
880 4099 941 4151 tan·
967 4089 1121 4146 sedetiam
1147 4095 1276 4145 constmm
1302 4087 1470 4164 νομοφύλαξ
1492 4106 1553 4146 esse
1576 4089 1674 4160 debet,
1689 4095 1802 4146 tueatur
1815 4064 1910 4107 “m

110 4187 168 4234 tum
187 4179 306 4250 prodest,
327 4179 375 4250 qui
392 4179 481 4251 legem
500 4178 636 4250 corrigere
648 4185 745 4247 tentat,
764 4197 852 4235 novae
871 4182 941 4254 legis
968 4176 1044 4248 leges
1063 4183 1123 4232 tum
1141 4177 1269 4245 diclaaa,
1287 4182 1347 4231 tum
1362 4177 1510 4247 positivus,
1531 4193 1600 4248 quas
1618 4176 1679 4247 ipse
1699 4175 1801 4247 proba·

110 4263 322 4328 introductione,
342 4270 476 4335 quantum
495 4272 577 4318 nocet
596 4265 800 4321 msueiactione
819 4267 942 4338 superio·
968 4261 1018 4317 bili
1042 4263 1149 4318 ratione
1171 4263 1199 4317 in
1223 4262 1341 4319 salutem
1366 4262 1536 4333 reipublicae
1555 4261 1656 4317 didnis
1680 4262 1800 4331 addidit,

110 4352 186 4405 ribus
203 4368 257 4405 non
276 4350 402 4421 parendi,
421 4350 521 4404 Petrus
540 4349 691 4422 Gregorius
714 4352 760 4407 lib.
785 4359 823 4409 to.
842 4354 878 4409 de
898 4370 940 4409 re·
968 4351 1011 4404 lex
1030 4350 1103 4404 enim
1122 4350 1228 4422 abque
1245 4349 1423 4405 exsecutione
1441 4349 1548 4405 nullum
1567 4347 1675 4403 obtinet
1691 4348 1802 4418 pondm

111 4438 214 4507 public.
244 4454 305 4509 cap.
336 4445 359 4492 5.
388 4453 492 4491 numer.
527 4444 564 4493 t'l.
616 4436 657 4494 Ut
687 4438 745 4493 siue
774 4440 941 4496 valetudinis
967 4452 1020 4490 uec
1042 4434 1129 4513 udum
1154 4435 1262 4491 civitati
1281 4435 1365 4491 affert
1386 4435 1516 4491 fructum.
1550 4437 1654 4490 Actum
1678 4441 1721 4493 est
1736 4452 1803 4491 cun

108 4524 219 4594 jactura
241 4525 330 4579 victus
354 4523 425 4579 ratio
451 4524 551 4577 mutari
578 4525 689 4596 nequit,
721 4526 762 4580 sic
786 4527 862 4598 leges
885 4544 942 4582 nou
967 4523 1016 4578 illa
1041 4522 1199 4592 republica,
1231 4525 1262 4578 ἐπ
1288 4540 1346 4592 quc
1373 4539 1463 4577 morae
1485 4524 1646 4592 perducere
1671 4522 1744 4591 lapse
1768 4522 1801 4576 e'ss

108 4615 223 4680 possunt
236 4611 294 4666 sine
305 4610 474 4682 reipublicae
486 4610 696 4680 perturbatione
705 4612 814 4669 mutari.
842 4611 940 4677 Quem·
963 4615 1130 4682 poastccan
1143 4628 1232 4681 suom,
1245 4609 1640 4678 acecems'aerecdpors'ctem
1651 4618 1715 4663 suut
1728 4611 1802 4673 ficas

109 4698 257 4752 admodum
286 4698 315 4751 in
347 4696 473 4751 aedilicio
502 4704 587 4751 ruunt
616 4698 707 4753 omnia
734 4699 815 4770 tigno
847 4698 942 4772 aliquo
968 4699 1057 4753 eluvie
1080 4699 1199 4766 ferreis,
1229 4702 1261 4752 ut
1285 4696 1413 4752 Comicus
1436 4696 1465 4750 in
1488 4694 1650 4750 'llinummo
1668 4695 1798 4767 loquitur.

109 4791 230 4852 exemto,
256 4784 295 4838 sic
313 4784 395 4838 unius
416 4783 486 4854 legis
510 4785 626 4839 mutatio
645 4785 813 4858 quaudoque
831 4787 941 4843 ruinam
967 4785 1116 4841 Exseeutio
1133 4785 1227 4857 legum
1245 4788 1388 4854 spectatur
1406 4787 1465 4836 tum
1484 4781 1513 4836 ln
1526 4781 1658 4853 judiciis,
1676 4783 1801 4853 utjuxte

109 4870 192 4924 trahit
210 4870 377 4942 reliquarum
398 4870 533 4932 omnium,
566 4886 622 4941 qua
645 4887 679 4925 cx
709 4887 739 4926 re
766 4888 879 4929 necesse
898 4879 941 4929 est
966 4888 1060 4928 earum
1077 4886 1200 4928 normam
1216 4870 1369 4927 sententiae
1389 4867 1527 4939 ferentum
1557 4873 1616 4923 tum
1641 4869 1672 4923 in
1690 4868 1799 4939 suppli·

109 4974 223 5028 magnos
241 4964 331 5012 motus
351 4956 475 5012 existere.
512 4954 588 5010 Nihil
606 4955 747 5012 difficilius
767 4958 804 5012 ad
820 4964 940 5015 tractan-
967 4960 1027 5023 aa,
1059 4964 1092 5014 ut
1122 4962 1340 5028 transgressores
1373 4955 1468 5026 logum
1505 4956 1603 5028 poenis
1632 4953 1798 5021 afficiantur,
1813 4970 1867 5015 xlv.
1881 4969 1925 5013 lte.

108 5044 188 5109 dum,
215 5043 284 5098 nihil
302 5049 333 5098 ut
352 5043 479 5114 obtingat
503 5041 650 5107 incertius,
669 5043 738 5098 nihil
758 5044 1063 5115 periculosiuscontra
1084 5061 1150 5101 vero
1176 5043 1256 5098 bonis
1280 5050 1310 5099 et
1335 5041 1529 5098 obedientibus
1559 5043 1683 5113 praemia
1707 5040 1798 5099 conte·

107 5137 139 5184 ut
163 5137 302 5199 servetur,
333 5146 415 5201 quam
444 5129 664 5183 inducendamm
687 5131 780 5203 logum
805 5148 939 5189 novarum
964 5139 1067 5188 ranmr.
1100 5128 1296 5187 lurisconsulti
1314 5128 1396 5183 simili
1415 5128 1591 5186 saturatione
1610 5130 1714 5199 dicunt,
1734 5146 1798 5185 cum

108 5235 168 5272 sese
194 5223 333 5271 auctorem
360 5215 533 5271 constituere.
575 5215 629 5279 Qui
656 5217 729 5272 enim
759 5218 865 5289 primm
891 5235 939 5275 eas
965 5235 1032 5275 aurs
1050 5216 1214 5289 disciplinae
1232 5215 1379 5288 publicae,
1397 5230 1471 5288 quae
1487 5217 1516 5271 in
1533 5215 1743 5289 promulgandis
1757 5215 1797 5272 le·

107 5303 272 5372 introducit,
298 5319 391 5358 omues
410 5303 471 5357 illos
491 5301 613 5358 infensos
631 5302 731 5369 habet,
750 5306 797 5376 qui
816 5322 850 5360 ex
868 5306 939 5360 anti·
964 5304 1048 5378 gibus
1076 5302 1249 5375 potissimum
1278 5307 1435 5375 spectatur,
1472 5303 1699 5375 conjungendum
1735 5318 1798 5360 esse

108 5390 170 5461 quis
189 5390 322 5444 institutis
347 5390 492 5445 commoda
517 5388 639 5459 capiunt.
677 5389 739 5447 Hoc
761 5392 849 5462 probe
876 5407 938 5464 per·
964 5390 1124 5447 exercitium
1141 5389 1359 5458 jurisdictione,
1377 5405 1460 5461 quam
1480 5388 1616 5444 definiunt
1633 5387 1686 5444 boc
1705 5389 1796 5460 modo,

107 5476 203 5546 pendit
232 5476 394 5546 Agesilaus,
434 5477 468 5531 de
501 5492 556 5547 quo
586 5474 718 5530 Erasmus
744 5476 792 5532 lib.
820 5485 842 5534 l.
868 5494 939 5550 apo·
964 5476 1039 5549 quod
1069 5476 1107 5531 sit
1131 5483 1256 5546 potestas
1287 5475 1408 5545 politica
1442 5476 1586 5528 sumendi
1618 5475 1731 5545 meguid
1759 5477 1797 5530 ela

107 5560 248 5633 phthegm.
268 5568 310 5616 71.
334 5562 406 5621 (lum
416 5562 787 5637 eniminpugnalieuctrice
798 5564 937 5625 medae·
963 5560 1184 5637 mpouocs'sta·
1201 5565 1246 5620 cel
1269 5558 1428 5632 emesa,
1453 5561 1529 5618 Vult.
1555 5561 1616 5619 libr.
1642 5569 1666 5620 t.
1680 5563 1795 5635 iurispr.
