4020 6014
203 302 264 361 394
781 292 904 352 Locus
921 286 1126 350 wcasmus
1145 288 1327 357 QUARTUS

203 448 374 505 Monendum
392 451 519 521 interim,
539 451 574 506 de
593 450 728 522 pecuniae
746 463 854 504 summa
872 449 977 518 majore
993 444 1038 500 vel
1068 444 1138 500 citer
1156 446 1320 517 improbant,
1338 445 1562 518 respondendnm
1579 446 1622 500 sit.
1652 444 1764 515 Urgent
1780 450 1800 499 t.
1816 444 1904 498 Dicta
1916 448 1969 496 asir

203 535 308 591 minore
322 536 506 607 judicandum
526 553 582 592 non
600 535 707 603 ἁπλῶς,
728 534 776 591 sed
796 535 978 607 συγκριιικῶς
996 546 1038 585 re·
1071 533 1102 586 V.
1124 533 1156 586 T.
1173 534 1304 604 aperius
1323 539 1459 586 annotato
1482 532 1570 587 Exod.
1589 537 1636 599 22,
1661 550 1687 584 v.
1707 537 1748 586 25.
1774 530 1844 585 Lea.
1863 500 1969 601 ”aiibi

204 628 301 692 speetu
324 623 360 677 ad
383 631 543 696 erogantem
567 621 678 685 habito,
705 637 758 676 nec
782 622 934 673 secundum
951 618 1039 672 oritis·
1067 635 1092 671 v.
1112 623 1154 674 35.
1174 624 1225 673 etc.
1244 619 1274 672 in
1295 617 1396 689 quibus
1415 634 1516 674 usurae
1527 619 1693 688 simpliciter
1711 615 1903 687 prohibentur.
1916 613 1969 693 22¹,

205 709 341 775 metitum,
360 710 409 763 sed
421 709 617 777 geometricam
625 708 848 776 proportionem.
873 703 949 760 Pieri
967 703 1040 759 enim
1066 702 1290 773 Respondemus:
1310 721 1408 759 usuras
1422 705 1451 759 in
1466 704 1521 758 illis
1536 704 1617 759 dietis
1630 702 1770 775 prohiberi
1784 702 1904 757 libenter
1915 703 1969 797 ,¹,·„},¹

204 798 308 862 potest,
334 800 366 848 ut
392 801 466 849 recte
494 798 588 848 monet
604 792 734 848 Hunnius
758 792 788 847 in
811 808 909 849 comm.
934 797 958 848 2.
977 789 1039 845 Cor.
1065 788 1194 858 fatemur,
1213 788 1263 844 sed
1282 789 1311 843 in
1331 790 1492 861 quaestione
1511 789 1602 844 adhuc
1619 794 1669 857 est,
1688 805 1724 843 an
1743 793 1937 850 contractura,
1949 808 1969 848 τ,

204 883 228 934 8.
246 896 272 949 p.
291 885 348 935 342.
367 888 398 933 ot
416 880 521 948 aliquis
547 880 690 933 ιιιιιιονίι
712 879 883 934 conditiones
909 884 935 932 ιι
953 876 1039 930 sortis
1065 874 1121 937 ille,
1141 892 1196 947 quo
1216 876 1252 930 ob
1270 876 1416 946 pecuniam
1433 876 1569 931 elocatam
1586 892 1637 946 pro
1655 879 1766 930 centum
1786 873 1904 929 floreno-

204 964 285 1018 iromo
312 964 399 1018 elucet
415 966 541 1034 florenos
558 965 672 1033 viginti,
700 965 744 1018 vel
770 965 854 1018 etium
878 962 1039 1032 pauciores,
1065 977 1127 1013 rum
1152 978 1204 1015 usu
1231 961 1353 1033 quinque
1378 962 1526 1031 quotannis
1553 962 1716 1032 exiguntur,
1738 960 1777 1014 sit
1797 976 1850 1029 per
1865 975 1904 1028 se,

204 1066 276 1118 qaas
290 1051 415 1118 pecunia
435 1069 497 1104 essm
518 1052 556 1104 sit
574 1069 647 1121 pore
668 1050 839 1105 οοιιιαηιιαι
861 1051 936 1118 ejas,
963 1048 1039 1101 orti·
1067 1044 1207 1116 absolute,
1234 1047 1396 1117 simpliciter
1422 1052 1451 1102 et
1481 1064 1590 1118 semper
1619 1047 1656 1102 ad
1684 1063 1783 1100 usuras
1807 1045 1903 1099 divina

203 1143 272 1201 tror,
290 1136 427 1203 iutepmm
446 1136 495 1190 itti
511 1153 639 1191 craesos
652 1138 743 1190 miuus
755 1153 790 1191 oc
808 1137 860 1191 tibi
877 1137 912 1189 dc
932 1141 1039 1188 centum
1066 1132 1129 1203 lege
1149 1132 1300 1201 prohibitas
1326 1133 1502 1199 referendus,
1525 1134 1553 1188 id
1577 1134 1652 1205 quod
1676 1133 1800 1187 nondum
1820 1148 1903 1202 argu·

203 1229 253 1273 aut
272 1221 350 1275 mille
363 1222 482 1289 florenis
494 1224 643 1292 protensis
661 1224 728 1277 iride
740 1224 868 1291 oooipm
880 1221 1041 1290 pensionem
1067 1219 1165 1273 mentis
1187 1219 1360 1274 evidentibus
1376 1225 1426 1274 eat
1445 1220 1577 1282 evictum,
1596 1219 1646 1273 sed
1666 1218 1834 1272 contrarium
1854 1233 1902 1287 po·

204 1306 310 1374 lapidera
332 1308 487 1376 defi-uitam.
525 1308 607 1363 Circa
630 1309 741 1362 tertium
758 1312 839 1371 nota,
859 1324 973 1362 censum
993 1306 1040 1361 de·
1066 1304 1121 1358 tius
1138 1321 1172 1358 ex
1191 1304 1319 1360 adductis
1331 1305 1485 1360 rationibus
1500 1305 1641 1364 elucescit.
1672 1304 1712 1361 Ut
1721 1310 1813 1359 autem
1832 1304 1903 1359 haec

203 1392 269 1448 bere
288 1409 348 1448 esse
367 1392 540 1447 moderatum
558 1410 590 1448 ao
608 1393 718 1466 legibus
739 1393 961 1448 determinatum.
994 1390 1039 1446 Sic
1066 1390 1208 1461 responsio
1229 1392 1265 1445 sit
1282 1391 1457 1460 luculentior,
1477 1392 1630 1447 notandum
1643 1398 1693 1456 est,
1710 1390 1739 1444 in
1752 1390 1834 1445 dictis
1847 1391 1902 1444 illis

203 1475 398 1547 imperatoriae
417 1478 494 1549 leges
518 1485 657 1543 statuunt,
682 1494 733 1549 pro
758 1496 810 1532 usn
830 1484 941 1533 centum
960 1476 1039 1532 flors-
1067 1477 1227 1547 Scripturas
1250 1477 1298 1549 agi
1324 1480 1360 1530 ds
1377 1494 1443 1531 vero
1462 1486 1557 1531 mutuo
1581 1476 1741 1532 bominibus
1761 1477 1964 1532 secundaextt.

204 1580 304 1618 norum
324 1564 471 1635 quotannis
483 1564 607 1636 quinque
627 1564 701 1635 exigi
715 1581 803 1635 posse,
823 1564 859 1618 de
876 1565 957 1634 cujus
976 1579 1040 1617 con·
1067 1563 1149 1618 classi
1169 1564 1297 1634 superius
1316 1579 1333 1617 a
1350 1564 1432 1618 nobis
1457 1563 1606 1635 assignatis
1624 1562 1807 1633 praestando,
1832 1560 1900 1615 illud

205 1649 357 1704 stitutionis
400 1649 542 1722 aequitate
578 1649 719 1705 Lutherus
762 1649 791 1709 in
828 1649 961 1705 admonit.
983 1641 985 1645 ’
1009 1655 1041 1703 ιιι
1068 1666 1119 1704 sua
1132 1657 1232 1704 natura
1250 1656 1278 1705 et
1295 1665 1404 1720 semper
1420 1649 1505 1705 debet
1526 1667 1585 1705 esse
1604 1650 1767 1719 protritum,
1787 1662 1821 1702 ac
1839 1663 1900 1718 pro

204 1735 339 1790 ecclesiae
365 1741 490 1806 pastores
513 1752 611 1790 usuras
637 1735 769 1791 damnent
796 1742 861 1790 tom.
889 1741 913 1791 6.
939 1735 1040 1789 Witeb.
1067 1736 1141 1800 inde,
1159 1737 1207 1806 qui
1227 1752 1245 1791 a
1262 1735 1366 1790 talibus
1383 1736 1521 1806 personis,
1546 1734 1647 1806 quibus
1668 1735 1757 1789 mutui
1776 1733 1900 1788 officium

205 1819 297 1875 Germ.
321 1821 342 1874 f.
361 1826 421 1877 323.
442 1820 483 1875 sic
500 1821 624 1892 judicat:
646 1823 690 1879 &a
714 1822 745 1891 iit
770 1822 831 1891 autb
850 1823 904 1890 itti
923 1821 962 1876 bic
981 1820 1040 1890 8tit
1069 1821 1194 1886 debetur,
1212 1821 1286 1876 ultra
1303 1829 1404 1877 sortem
1417 1822 1531 1892 aliquid,
1551 1821 1687 1893 quidquid
1701 1820 1815 1875 tandem
1832 1817 1900 1873 iilud

206 1907 281 1976 uirtt,
303 1907 354 1976 tot
373 1921 437 1962 ιιιοο
453 1907 503 1963 ruit
520 1908 581 1976 itui
597 1908 659 1963 oter
677 1907 741 1976 lectt
760 1907 866 1966 ostam
885 1908 950 1975 cute
967 1909 1038 1976 ιιιοί
1068 1907 1112 1977 sit,
1131 1907 1216 1979 exigit
1234 1910 1278 1964 vel
1299 1908 1411 1980 accipit,
1429 1925 1528 1963 usuras
1545 1918 1655 1962 exercet
1672 1912 1701 1961 et
1717 1912 1815 1960 corma
1833 1905 1901 1959 divi·

205 1995 262 2048 tert
288 1990 437 2062 ιιιίιιιιοοι
469 1992 605 2062 geminust
638 1994 735 2060 itate,
763 1992 899 2063 tcubtrtiq
928 2002 968 2048 uc
1002 1991 1041 2046 tte
1067 2010 1131 2047 nam
1150 1993 1240 2065 legem
1258 1995 1326 2066 agit.
1363 1994 1527 2049 Ambrosius
1550 1992 1597 2046 lib.
1618 1992 1653 2046 de
1670 1991 1762 2047 'robis
1778 2007 1840 2062 cap.
1862 1996 1899 2046 tr.

205 2077 337 2147 ttttftigeo
355 2078 488 2148 teritum
513 2079 589 2150 iside
606 2081 704 2150 gitteo
730 2081 797 2150 οἰιιι
815 2080 956 2136 mistorum
974 2082 1040 2133 out·
1068 2098 1094 2150 p.
1116 2085 1179 2136 347:
1202 2083 1243 2134 Et
1260 2098 1324 2135 esca
1351 2099 1439 2134 csrrra
1458 2089 1510 2144 est,
1539 2087 1565 2135 et
1588 2080 1673 2135 οιοιιι
1695 2094 1784 2130 strare
1801 2084 1857 2144 sat,
1875 2084 1902 2129 et

207 2166 283 2235 ιιιιο,
305 2165 416 2234 teuteus
433 2179 464 2235 ιιι
481 2165 564 2236 tirou
584 2166 708 2236 titatium
721 2166 792 2222 ttrut
803 2167 896 2236 cittis
916 2165 1041 2234 ιιοιιιιιιι
1067 2168 1248 2236 pudoreque
1272 2168 1344 2221 sorti
1360 2168 1477 2231 accedit
1495 2184 1584 2219 usura
1601 2172 1649 2218 est.
1688 2164 1772 2225 Quod
1789 2160 1859 2215 vdie
1876 2162 1902 2213 st

205 2251 322 2321 mititte,
355 2250 405 2304 ubi
435 2256 530 2306 tamen
553 2251 646 2306 denno
678 2257 771 2307 monet
807 2251 936 2306 Hunnius
970 2250 997 2305 d.
1023 2250 1041 2308 l
1067 2269 1165 2308 comen
1190 2253 1333 2326 imponor,
1359 2271 1448 2306 resera
1473 2259 1521 2308 est.
1563 2250 1605 2304 Ex
1634 2265 1667 2304 so
1692 2264 1758 2303 vero
1778 2246 1901 2301 nondum

205 2337 279 2391 ister
295 2344 466 2392 mercatores
484 2354 540 2393 non
558 2338 599 2393 ita
615 2337 709 2393 stricte
728 2337 877 2406 observari,
894 2354 929 2393 ne
947 2350 1041 2391 nume·
1067 2339 1155 2395 evinci
1183 2345 1291 2410 potest,
1318 2338 1446 2394 omuibus
1473 2337 1521 2410 qni
1546 2335 1679 2408 pecuniae
1703 2352 1721 2390 a
1743 2333 1823 2388 nobis
1841 2332 1901 2387 dari

206 2441 254 2479 rus
274 2424 303 2479 in
328 2423 439 2495 legibus
467 2424 655 2495 praescriptus
681 2423 844 2487 excedatur,
875 2423 941 2493 quia
968 2422 1041 2477 enim
1067 2423 1119 2479 sibi
1137 2427 1252 2496 petunt,
1274 2430 1401 2479 mutuum
1426 2423 1495 2478 illud
1520 2423 1672 2495 gratuitum
1691 2418 1805 2475 anobis
1824 2435 1902 2488 prae·

205 2513 343 2565 mercator
369 2508 509 2580 quispiam
531 2509 642 2564 florenis
671 2512 782 2564 centum
808 2509 921 2564 aliunde
945 2514 1041 2563 mutuo
1067 2510 1134 2566 stari
1152 2510 1261 2575 debere,
1280 2511 1330 2567 sed
1349 2510 1386 2566 ad
1402 2509 1465 2565 illos
1483 2509 1572 2564 solum
1589 2508 1618 2563 id
1637 2507 1767 2578 pertinet,
1785 2522 1856 2577 quos
1872 2504 1901 2559 in

206 2593 304 2650 mmtis
317 2594 454 2649 beneficio
466 2594 662 2667 negotiationis
675 2612 731 2651 uno
743 2611 816 2650 anno
827 2599 937 2650 tantum
948 2599 1041 2665 potest
1067 2597 1217 2652 secundam
1228 2597 1344 2651 classem
1363 2596 1490 2665 superius
1508 2593 1712 2650 collocavimus.
1743 2591 1824 2657 Quod
1836 2608 1902 2647 aero

205 2680 321 2746 lucrari,
353 2684 385 2734 nt
413 2680 521 2735 luorum
551 2681 621 2736 illud
647 2681 735 2752 ipsam
763 2687 864 2737 sortem
894 2681 1040 2753 adaequet,
1067 2683 1166 2738 attinet
1183 2682 1260 2749 illos,
1288 2682 1336 2754 qui
1354 2688 1420 2736 sunt
1436 2681 1465 2734 in
1485 2681 1567 2737 tertia
1585 2679 1689 2749 classe,
1714 2678 1766 2733 hoc
1787 2683 1830 2732 est
1853 2676 1902 2748 qui

205 2766 268 2825 ideo
293 2765 329 2820 ob
352 2782 430 2836 spem
452 2771 511 2821 tam
534 2767 667 2824 luculenti
695 2774 827 2839 quaestus
845 2785 900 2822 non
918 2766 1040 2838 Judicari
1067 2775 1132 2822 sunt
1149 2765 1334 2839 opulentiores
1353 2773 1382 2822 et
1399 2768 1584 2838 pecuniama
1607 2765 1688 2820 nobis
1705 2768 1818 2835 petunt,
1846 2778 1901 2817 non

205 2852 345 2923 iniquum,
368 2857 401 2906 ut
422 2851 553 2908 creditori
580 2869 630 2909 suo
654 2852 690 2909 de
715 2858 828 2910 centum
854 2853 938 2924 paulo
956 2853 1040 2909 etiam
1067 2852 1255 2910 sublevandae
1277 2853 1389 2924 inopiae
1406 2869 1473 2908 suae
1493 2868 1587 2920 causa,
1603 2851 1653 2907 sed
1671 2856 1703 2904 ut
1724 2849 1901 2921 negotientur

205 2939 268 3008 plus
288 2937 436 3008 dependat,
456 2955 540 3009 quam
556 2939 585 2993 in
599 2938 707 3011 vulgari
720 2938 872 2994 siccatione
889 2945 1040 3010 receptum,
1067 2946 1095 2995 et
1116 2946 1262 3011 quaestum
1281 2938 1403 3007 iaciant,
1431 2943 1463 2993 ut
1488 2937 1589 2993 farndos
1615 2942 1709 2992 emant
1731 2943 1759 2990 st
1774 2935 1902 2990 fortunas

205 3024 368 3095 praesertim
387 3041 451 3080 cum
470 3024 578 3080 lucrum
593 3024 663 3080 illud
679 3041 742 3079 cum
759 3041 811 3080 suo
829 3025 966 3080 creditore
984 3042 1040 3080 non
1066 3044 1131 3083 snas
1151 3027 1239 3098 magis
1259 3025 1402 3098 magisque
1420 3031 1556 3096 augeant,
1574 3041 1638 3078 cum
1658 3023 1712 3077 illis
1733 3023 1841 3077 licitum
1859 3027 1902 3076 est

205 3110 350 3183 partiatur.
386 3110 468 3166 Circa
485 3118 616 3180 qaorum
635 3116 717 3180 nota,
743 3110 816 3167 inter
833 3127 893 3180 eos,
913 3111 961 3182 qui
981 3127 1039 3165 mu·
1066 3130 1122 3169 non
1145 3131 1197 3186 per
1214 3119 1340 3168 mutuum
1361 3113 1527 3183 gratuitum,
1554 3111 1604 3167 scd
1622 3128 1672 3182 per
1690 3110 1774 3165 talem
1793 3114 1900 3164 contra-
1940 3179 1944 3185 ι

206 3202 285 3252 ιιιιιιιι
312 3202 426 3268 rogant,
454 3212 583 3266 magnam
611 3213 672 3253 esse
703 3196 900 3265 differentiam
926 3196 1039 3269 quidam
1066 3205 1141 3255 ctum
1159 3216 1258 3272 agere,
1278 3216 1334 3271 quo
1353 3215 1409 3253 non
1428 3199 1517 3254 solum
1537 3198 1573 3252 ad
1591 3198 1672 3252 sortis
1691 3197 1900 3263 restitutionem,

206 3278 272 3338 sunt
294 3283 377 3340 valde
399 3283 553 3354 locupletes
576 3289 660 3354 atque
686 3285 797 3354 ipsimet
815 3282 948 3355 legitimis
967 3300 1040 3339 com·
1065 3287 1116 3343 sed
1134 3286 1217 3341 stiam
1241 3285 1326 3340 officii
1350 3286 1436 3339 nostri
1461 3284 1714 3355 compensationem
1732 3283 1897 3354 obligentur.

205 3370 315 3426 merciis
338 3370 384 3425 vel
401 3369 493 3441 operis
518 3376 547 3425 et
567 3358 710 3426 laboribus
731 3386 858 3425 resenas
876 3386 1040 3426 conservare
1066 3375 1246 3431 Declaramus
1265 3372 1296 3426 id
1313 3372 1439 3442 exemplo
1459 3372 1527 3451 satis
1544 3372 1619 3426 claro
1648 3377 1677 3426 et
1694 3388 1727 3425 ex
1745 3371 1900 3441 propinquo

206 3462 233 3512 st
249 3456 355 3528 absque
372 3456 539 3512 facultatum
559 3456 702 3512 attritione
714 3455 839 3527 pecuniis
856 3461 953 3512 mutuo
972 3456 1039 3510 dan·
1066 3462 1161 3533 petito.
1201 3459 1285 3514 Dicta
1303 3457 1476 3528 Scripturas,
1504 3473 1575 3528 quae
1603 3458 1638 3511 de
1665 3457 1841 3528 eleemosyna
1865 3472 1899 3510 ao

207 3542 250 3596 dis
277 3543 402 3612 proximo
426 3542 563 3615 indigenti
582 3559 744 3599 succurrere
772 3549 903 3615 possunt,
926 3543 1039 3615 quidam
1066 3544 1251 3603 beneficentia
1273 3545 1397 3616 proximo
1423 3544 1590 3614 praestanda
1608 3549 1709 3614 agunt,
1737 3543 1805 3597 satis
1824 3543 1900 3597 clara

207 3627 393 3683 mediocribus
423 3629 525 3684 divitiis
553 3628 690 3700 affluunt,
719 3629 834 3705 interim.
857 3636 950 3685 tamen
981 3629 1040 3683 sine
1066 3649 1099 3688 ac
1117 3631 1267 3703 perspicua
1284 3634 1364 3698 sunt,
1384 3629 1542 3702 cumprimis
1560 3646 1625 3685 vero
1643 3627 1771 3684 Christus
1789 3627 1899 3682 univer-

207 3713 368 3785 quotidiano
387 3714 559 3773 substantiae
572 3716 747 3773 decremento
758 3716 813 3770 illis
830 3716 872 3770 uti
891 3722 1040 3788 nequeunt,
1067 3719 1161 3775 saliter
1183 3718 1357 3789 pronuntiat,
1383 3720 1432 3771 Da
1457 3717 1534 3771 omrai
1547 3717 1657 3786 petente·
1673 3714 1742 3769 Luc.
1762 3722 1791 3781 6,
1814 3732 1840 3768 v.
1859 3720 1900 3770 to.

207 3799 302 3871 quales
321 3807 386 3856 sunt
398 3802 522 3873 pupilli,
541 3804 658 3871 mdccc,
676 3820 767 3868 seam,
786 3805 816 3856 in
835 3802 892 3857 otio
912 3802 1040 3857 literaria
1068 3824 1101 3861 ex
1120 3823 1152 3862 eo
1171 3822 1236 3861 vero
1255 3804 1351 3860 inferri
1366 3805 1472 3875 nequit,
1489 3803 1558 3859 tales
1573 3804 1763 3872 eleemosynas
1782 3801 1900 3857 conferri

206 3888 341 3954 siccatas,
362 3887 400 3942 ad
416 3885 619 3960 negotiationes
644 3888 812 3945 exercendas
830 3889 920 3944 minus
938 3888 1039 3945 idonei.
1069 3891 1169 3948 debere
1187 3890 1315 3946 omnibus
1334 3891 1445 3946 omnino
1462 3889 1628 3949 hominibus,
1647 3888 1731 3942 etiam
1750 3887 1813 3955 illis,
1832 3903 1900 3958 quos

208 3972 317 4027 Priores
342 3974 367 4027 si
390 3981 562 4031 resumtum
588 3974 667 4030 illum
694 3981 842 4031 exerceant
858 3992 890 4030 eo
915 3974 985 4045 fine,
1009 3980 1042 4030 ut
1067 3978 1194 4048 superius
1212 3978 1240 4032 in
1263 3977 1413 4032 secundam
1440 3993 1473 4031 ac
1491 3977 1599 4031 tertiam
1619 3976 1735 4029 classem
1755 3972 1901 4029 collocavi-

208 4076 305 4114 secure
320 4059 351 4114 in
370 4060 427 4115 otio
444 4060 545 4130 vivere,
564 4061 646 4133 genio
664 4060 809 4132 indulgere
826 4068 855 4117 et
867 4061 973 4135 absque
984 4063 1041 4117 ullo
1067 4082 1141 4132 mus,
1163 4064 1242 4136 'quod
1269 4063 1342 4119 enim
1362 4079 1379 4117 a
1397 4063 1535 4118 secundae
1558 4061 1653 4116 classis
1671 4060 1828 4115 hominibus
1846 4076 1902 4114 sor-

207 4145 302 4202 labore
333 4161 391 4201 rem
421 4162 501 4201 suam
528 4146 692 4204 familiarem
723 4147 895 4219 locupletare
925 4148 1041 4220 possint,
1067 4156 1123 4205 tem
1149 4153 1274 4220 repetere
1306 4149 1413 4203 licitum
1437 4147 1474 4202 sit
1498 4164 1531 4202 ac
1563 4164 1725 4202 concessum
1754 4146 1900 4200 Siroeiclss

206 4249 305 4305 parum
324 4232 435 4289 interim
455 4233 565 4300 soliciti,
583 4234 651 4306 quid
671 4235 706 4289 de
727 4234 851 4291 debitore
870 4242 899 4291 et
915 4235 1040 4306 proximo
1066 4253 1090 4291 c.
1106 4240 1147 4300 29,
1165 4253 1192 4293 v.
1211 4242 1235 4291 2.
1247 4243 1276 4290 ιι
1293 4235 1448 4303 coemptum
1467 4234 1570 4287 Tobios
1590 4235 1678 4300 docet,
1696 4232 1765 4286 Tob.
1779 4239 1803 4297 4,
1819 4249 1844 4289 v.
1860 4237 1900 4287 rt.

205 4320 350 4392 indigente
374 4319 436 4384 fiat,
464 4320 554 4375 minus
573 4327 648 4377 recte
666 4328 770 4393 agunt,
798 4321 928 4377 monendi
954 4321 1040 4394 igitur
1067 4322 1115 4378 sed
1141 4322 1278 4377 debentur
1305 4320 1370 4376 illae
1396 4320 1430 4373 iis
1449 4320 1585 4375 duntaxat
1608 4319 1773 4383 hominibus,
1800 4318 1900 4390 quibus
1939 4326 1943 4335 '

205 4412 277 4475 sunt,
303 4412 335 4462 ut
352 4407 491 4479 cogitent,
516 4422 577 4462 esse
595 4406 648 4462 Dei
667 4409 853 4476 voluntatem,
876 4416 906 4462 ot
929 4409 1040 4463 laborm
1066 4410 1184 4480 primam
1203 4408 1319 4462 classem
1339 4406 1549 4476 assignavimus,
1568 4405 1621 4461 hoc
1638 4411 1681 4461 est
1698 4411 1818 4460 extreme
1831 4421 1899 4477 pau·

206 4512 339 4548 masam
350 4511 466 4548 suorum
479 4494 595 4563 quisque
612 4495 763 4547 manducet
780 4494 883 4549 Psalm.
900 4500 955 4562 128,
973 4512 1000 4551 v.
1015 4499 1039 4550 2.
1067 4496 1193 4567 peribus,
1218 4493 1266 4564 qui
1283 4509 1320 4547 ne
1339 4492 1428 4562 ipsam
1448 4492 1560 4563 quidem
1581 4497 1682 4546 sortem
1703 4491 1818 4546 reddere
1837 4506 1900 4560 pos-

208 4583 229 4635 1.
247 4579 344 4636 Thess.
365 4586 394 4644 3,
413 4599 438 4634 v.
459 4585 499 4637 11.
527 4586 550 4636 2.
568 4578 713 4659 Therae,
732 4597 758 4633 r.
783 4587 822 4635 10.
841 4596 873 4636 ac
891 4581 1040 4651 eleemosy-
1067 4586 1139 4636 sunt.
1178 4579 1244 4635 Pari
1262 4578 1369 4634 ratione
1392 4578 1468 4632 dicta
1487 4578 1646 4648 Scripturas
1669 4577 1705 4632 de
1722 4575 1900 4657 mutuationis

206 4682 270 4719 nam
289 4672 317 4720 ιι
334 4666 535 4722 mutuationem
557 4664 661 4720 habere
680 4665 835 4737 peculiares
860 4683 963 4738 easque
983 4684 1040 4722 am·
1066 4664 1159 4721 officio
1183 4670 1248 4719 sunt
1271 4664 1338 4718 satis
1362 4664 1524 4734 perspicua,
1550 4663 1625 4735 quod
1649 4663 1756 4718 scilicet
1775 4666 1901 4716 mutuum

206 4750 343 4822 piissimas
369 4751 398 4806 in
421 4750 506 4818 verbo
525 4752 577 4807 Dei
603 4752 812 4824 promissiones,
837 4752 957 4824 reliquos
976 4769 1041 4809 vero
1068 4751 1169 4806 debeat
1188 4764 1249 4805 esse
1267 4749 1420 4820 gratuitum
1446 4756 1473 4804 et
1492 4751 1566 4819 quod
1585 4766 1687 4803 usurae
1723 4749 1836 4803 illicitae
1853 4764 1901 4800 no·

207 4841 368 4891 contractus
381 4836 486 4891 includi
499 4836 677 4908 generalibus
689 4835 918 4907 promissionibus
931 4837 1041 4909 septimi
1068 4837 1142 4892 mine
1165 4837 1275 4904 veniat,
1299 4836 1321 4890 si
1346 4837 1408 4905 quis
1430 4845 1550 4906 propter
1573 4837 1700 4904 officinm
1718 4830 1809 4889 mutui
1829 4834 1902 4889 ultra

206 4922 357 4993 praecepti,
375 4938 408 4977 ac
421 4923 537 4993 proinde
549 4923 691 4992 studeant,
709 4928 741 4978 ut
754 4923 937 4995 eleemosynis
950 4924 1041 4994 potius
1068 4928 1168 4980 sortem
1188 4922 1293 4995 aliquid
1305 4923 1416 4995 exigat,
1434 4922 1483 4978 sed
1504 4940 1536 4979 ex
1557 4938 1589 4977 eo
1607 4920 1730 4976 nondum
1743 4921 1835 4991 colligi
1853 4936 1901 4991 po·

208 5012 237 5065 st
263 5013 359 5063 mutuo
387 5009 508 5079 gratuito
535 5025 599 5064 oum
625 5009 749 5081 proximo
776 5016 875 5080 agant,
901 5026 984 5081 quam
1011 5016 1043 5065 ut
1068 5017 1137 5079 test,
1165 5009 1219 5064 hoc
1244 5007 1365 5064 officium
1384 5009 1500 5082 gratuiti
1519 5009 1608 5063 mutui
1627 5007 1822 5079 praestandum
1843 5022 1903 5062 esse

208 5098 381 5149 contractum
405 5093 482 5146 illum
512 5110 665 5150 annnorum
683 5111 816 5150 censuum
837 5095 881 5151 vel
900 5096 981 5151 unice
998 5070 1210 5161 vellomnibus,
1239 5095 1364 5167 adeoque
1393 5098 1477 5152 etiam
1507 5095 1576 5165 illis,
1603 5095 1651 5166 qui
1669 5095 1697 5148 in
1718 5093 1807 5148 classe
1820 5093 1903 5148 tertia

209 5179 359 5251 praecipue
384 5178 539 5234 instituant
578 5181 750 5237 Posteriores
776 5181 886 5237 facilins
904 5186 1043 5237 merentur
1069 5184 1159 5239 locum
1180 5182 1322 5252 obtinent,
1340 5184 1393 5239 hoc
1417 5188 1461 5238 est
1484 5181 1532 5254 qui
1555 5188 1649 5235 nostra
1672 5179 1792 5251 pecunia
1819 5196 1903 5250 nego-

208 5265 331 5334 ssniam,
356 5267 379 5320 si
400 5265 532 5337 pecunias
557 5284 622 5322 suas
650 5266 871 5340 negotiatoribus
888 5267 997 5323 elocent
1015 5274 1043 5326 et
1069 5271 1182 5339 tiantur,
1200 5269 1345 5325 lucrantur
1363 5270 1528 5325 etfortuuas
1547 5282 1611 5321 suas
1623 5267 1778 5322 luculenter
1791 5272 1904 5336 augent,

208 5369 243 5408 ex
260 5367 346 5408 censu
364 5369 456 5409 annuo
474 5369 534 5409 sese
554 5370 673 5425 suosque
690 5360 853 5411 sustentent.
1069 5357 1097 5411 id
1111 5353 1184 5410 euim
1198 5356 1222 5410 si
1233 5356 1321 5421 fieret,
1340 5371 1391 5410 aec
1404 5360 1524 5410 extreme
1535 5353 1706 5424 pauperibus
1719 5353 1903 5422 eleemosyna,

80 5425 153 5476 ²¹¹¹·
244 5444 302 5497 tto.
338 5439 382 5495 Ex
406 5439 449 5494 his
474 5438 557 5495 facile
575 5446 704 5511 apparet,
732 5441 799 5513 qnid
823 5440 860 5497 ad
879 5448 1043 5515 argumenta
1068 5458 1120 5499 uec
1135 5441 1328 5516 indigentibus
1338 5446 1465 5497 mutuum
1477 5439 1630 5510 gratuitum
1642 5440 1753 5496 tandem
1768 5437 1903 5509 praestari

82 5480 160 5520 menta

82 5538 170 5579 semu,
209 5540 317 5598 sorum,
341 5527 391 5621 qui
414 5540 515 5583 census
539 5526 601 5583 illos
618 5540 726 5583 annuos
746 5526 874 5584 absolute
890 5530 921 5585 ιι
938 5525 1042 5599 simpli·
1069 5534 1171 5601 posset,
1188 5528 1327 5603 siqnidem
1338 5523 1529 5594 curassetis
1540 5524 1677 5595 defluere,
1694 5527 1752 5580 atsi
1766 5542 1799 5581 ιο
1810 5524 1904 5580 altero
