4020 6014
669 372 721 429 11
741 371 994 431 numerumn
1012 371 1199 429 romaico.
1610 358 1617 368 ”
1723 384 1782 442 aar

81 528 132 578 sed
144 533 264 595 propter
282 544 412 594 maqnam
425 533 606 594 patestatem,
637 543 709 595 qrtae
735 526 798 593 rsqi
822 541 917 579 cance-
932 526 936 608 1
951 525 1125 596 prophetiam
1157 527 1231 582 intra
1258 528 1425 587 arctissimos
1459 546 1612 600 paucomm
1648 546 1784 586 annonam

80 611 173 675 ditur,
200 613 235 664 dc
253 613 340 674 facili
365 614 488 678 reqirncn
513 615 664 681 deperierat
681 613 711 667 in
730 613 917 680 tyrannidem,
932 608 1078 682 'carcerem
1104 613 1234 668 videlicet
1251 615 1326 669 intra
1345 621 1462 686 tempus,
1482 615 1557 685 quod
1584 632 1602 669 a
1621 616 1784 686 captivitate

81 696 141 749 nisi
154 699 190 749 sit
204 699 337 764 perfecta
354 700 445 752 virtus
463 699 538 767 eins,
563 699 611 750 cni
627 699 699 752 tales
713 705 841 767 potestas
858 714 920 750 con·
933 766 935 775 k
947 697 1121 767 Babylonica
1138 716 1227 768 usque
1245 700 1282 753 ad
1306 716 1467 771 synagogae
1496 700 1633 755 excidium
1653 702 1783 757 interces-

81 784 205 844 cmiter,
229 785 359 851 perfecta
379 791 472 837 autem
498 784 586 837 cirtae
609 785 638 837 in
652 784 755 852 paucis
773 778 996 857 insanitumisit,
1024 784 1171 839 includunt
1189 783 1284 854 sicque
1304 784 1466 840 hodiernam
1492 786 1638 842 ecclesiam
1656 803 1674 840 a
1689 786 1783 841 fructu

81 874 109 920 et
121 869 277 937 praecipue
289 869 400 922 ledaei
417 869 546 922 crudeles
567 878 647 922 eram
670 877 698 923 et
715 872 756 922 ad
769 870 921 923 avaritiam
932 867 1029 977 'hujus
1049 868 1211 939 prophetiae
1228 870 1387 934 excludunt,
1406 871 1508 940 quibus
1521 871 1667 943 sequentia
1684 871 1782 926 merito

78 955 182 1022 proni,
201 972 255 1025 per
274 972 345 1024 qrtae
365 956 434 1008 uitia
459 955 577 1008 manime
596 956 625 1008 in
645 957 826 1022 tyrannidem
846 955 920 1009 deci·
933 982 935 1023 q
947 961 1125 1024 opponuntur
1142 961 1313 1026 argumenta.

82 1040 165 1106 duret,
192 1041 257 1092 ideo
278 1040 420 1093 Dominus
438 1041 620 1109 a-principio
639 1042 679 1095 eis
695 1056 789 1109 repam
805 1059 863 1093 non
880 1041 920 1094 in·
985 1045 1042 1096 136.
1081 1045 1103 1093 1.
1124 1042 1171 1094 Ea
1186 1042 1354 1110 prophetica
1372 1049 1428 1095 tam
1455 1049 1574 1110 quartae
1593 1042 1706 1108 bestiae,
1725 1049 1782 1095 tam
1796 1032 1815 1072 ⁴·
1825 1032 1859 1072 ¹¹¹
1871 1044 1912 1082 1²⁸¹

82 1126 171 1179 1111111
195 1143 256 1178 cnm
278 1127 366 1194 plena
380 1133 530 1194 potestate.
566 1125 752 1181 Bellsrminus
779 1127 837 1197 ipse
857 1127 875 1182 l.
899 1133 921 1181 1.
946 1127 1031 1179 etiam
1050 1126 1189 1180 comicntt
1204 1126 1278 1179 inter
1297 1128 1391 1181 decem
1411 1144 1519 1180 corana
1533 1127 1611 1180 enati
1622 1125 1781 1195 descriptio-
1795 1087 1944 1176 iiiiiiiio..

83 1211 118 1266 de
142 1219 218 1282 pout.
242 1212 322 1266 Rom.
348 1230 371 1267 c.
391 1218 415 1267 3.
446 1213 571 1281 sinquici
592 1213 772 1266 monarchiae
788 1214 921 1282 praefert
946 1228 989 1266 ns.
1018 1218 1039 1266 1.
1057 1212 1164 1276 Quarta
1180 1211 1271 1266 bestia
1288 1212 1365 1281 apud
1386 1211 1530 1267 Danielem
1549 1212 1589 1265 sic
1607 1211 1784 1278 describitur,
1798 1186 1945 1286 {immi

82 1298 197 1349 mictam
225 1305 253 1350 ct
275 1315 308 1350 ec
332 1297 516 1352 aristocratia
540 1306 738 1367 temperatam,
762 1299 920 1351 111111111-
950 1304 971 1353 1.
992 1298 1066 1368 quod
1085 1298 1122 1353 sit
1135 1316 1257 1367 prorem
1276 1298 1339 1352 alia
1359 1315 1393 1352 ac
1412 1299 1527 1352 diversa
1553 1314 1569 1351 a
1594 1296 1783 1366 praecedenti·
1797 1298 1905 1379 332·ὲο

81 1384 203 1436 stantiae
233 1392 261 1435 et
286 1385 363 1438 ratio
389 1385 474 1451 hujus
503 1387 576 1438 vitae
606 1387 816 1449 consideratar;
847 1384 921 1438 unde
946 1384 1008 1450 bus,
1037 1384 1112 1453 quod
1138 1391 1255 1454 apparet
1273 1390 1331 1440 tum
1359 1401 1393 1440 ex
1408 1384 1538 1453 qenerali
1557 1383 1707 1436 undamn
1725 1384 1783 1436 1111-
1798 1389 1881 1430 manat

82 1468 165 1522 etism
192 1468 307 1538 quidam
334 1469 512 1540 distinguunt
535 1470 606 1526 inter
630 1471 829 1539 praestantiam
848 1469 920 1540 regi·
946 1469 1067 1523 cretione
1084 1469 1157 1526 Dan.
1180 1477 1203 1538 1,
1224 1488 1248 1524 v.
1268 1474 1299 1526 3:
1326 1470 1453 1533 Qrtataor
1471 1470 1574 1523 bestiae
1592 1471 1715 1536 prandes
1732 1470 1783 1521 ad·

81 1554 184 1608 minum
204 1554 408 1610 consideratam
427 1557 457 1608 in
477 1556 549 1609 thesi
564 1556 635 1610 citra
649 1556 918 1610 circumstantiarum
946 1556 1114 1608 scandebant
1133 1557 1169 1609 dc
1189 1556 1265 1610 mari
1280 1557 1409 1609 diversae
1428 1556 1501 1609 inter
1518 1571 1564 1622 se,·
1588 1561 1646 1608 tum
1664 1570 1697 1608 ex
1722 1569 1783 1625 spe·

81 1644 247 1709 respectum,
266 1645 294 1694 et
311 1641 341 1693 in
361 1641 514 1710 hypothesi,
532 1641 617 1710 hujus
636 1642 680 1696 val
695 1641 767 1697 illius
785 1641 917 1710 reipubli·
947 1641 1017 1693 ciali
1039 1648 1157 1709 quartae
1183 1641 1287 1694 bestiae
1315 1641 1502 1710 applicatione
1519 1657 1544 1695 v.
1571 1647 1595 1694 1.
1623 1645 1661 1695 11.
1685 1645 1722 1695 19.
1743 1644 1783 1696 23.

81 1743 130 1780 111
166 1731 309 1796 respectu,
340 1744 394 1796 quo
426 1728 630 1782 accommodari
655 1732 749 1796 potest
778 1726 919 1782 distinctio
947 1725 996 1780 ubi
1014 1731 1142 1780 notanter
1161 1724 1262 1780 dicitur
1286 1726 1434 1785 connita
1455 1726 1576 1795 reh'qcs's
1604 1725 1707 1779 bestiis.
1744 1724 1785 1779 At

81 1810 241 1880 Philosophi
271 1812 343 1867 inter
374 1812 469 1877 ἁπλῶς
501 1813 611 1880 ἀγαθόν
645 1821 674 1868 11
709 1821 761 1867 τίνι
800 1810 920 1881 ἀγαθόν.
947 1827 1122 1871 successores
1148 1810 1299 1865 Alexandri
1331 1828 1385 1866 non
1411 1817 1477 1864 sunt
1504 1809 1606 1866 diversi
1632 1827 1650 1864 a
1672 1826 1783 1880 praece·

82 1897 214 1961 Quamvis
233 1897 360 1953 absolute
381 1907 408 1954 et
427 1899 590 1969 simphcitsr
608 1900 748 1971 loquendo
761 1898 921 1953 monarchia
948 1896 1031 1950 dente
1051 1897 1133 1951 tertia
1149 1894 1254 1959 bestia,
1279 1896 1346 1967 quia
1371 1914 1396 1952 r.
1417 1901 1442 1952 6.
1457 1914 1512 1965 per
1536 1904 1658 1965 qaatacr
1675 1895 1739 1949 alas
1757 1903 1783 1949 et

82 1983 118 2035 sit
146 1983 345 2052 praestantior,
379 1990 471 2040 tamen
498 1995 628 2055 respectu
656 1985 739 2055 hujus
769 1983 813 2039 vel
844 1983 920 2038 illius
947 1990 1066 2050 qnatncr
1086 1982 1182 2051 capita
1200 1981 1300 2036 tertiae
1319 1980 1424 2036 bestiae
1450 1982 1631 2049 denotantur,
1656 1986 1688 2035 nt
1706 1980 1784 2036 colli·

81 2069 196 2137 politiae
225 2069 281 2124 aha
308 2070 449 2140 regiminis
467 2069 556 2125 forms
573 2077 666 2140 potest
684 2086 745 2126 esse
765 2086 916 2125 accommo-
945 2068 1021 2138 gitur
1040 2084 1073 2121 ex
1093 2066 1165 2122 Dan.
1186 2073 1210 2135 9,
1229 2085 1256 2124 r.
1276 2073 1316 2122 22.
1344 2066 1420 2138 Ergo
1438 2083 1611 2122 successores
1630 2064 1782 2123 Alexandri

82 2153 171 2207 daher
189 2170 223 2207 ac
242 2155 358 2224 proinde
378 2156 467 2227 magis
485 2157 621 2227 eligenda.
659 2156 730 2209 Item
749 2156 821 2210 inter
839 2170 919 2209 mon·
946 2160 975 2208 et
995 2154 1245 2224 ipsorumregnum
1258 2171 1314 2209 non
1332 2160 1398 2207 sunt
1415 2160 1516 2224 quarta
1535 2152 1632 2208 batia
1660 2159 1684 2208 2.
1697 2151 1779 2220 Quod

82 2238 205 2292 archiam
229 2240 259 2292 in
284 2241 425 2294 abstracto
457 2243 564 2297 ratione
593 2241 729 2297 essentiae
756 2247 786 2296 st
804 2242 834 2295 in
852 2258 917 2294 con·
946 2239 983 2295 sit
1001 2241 1144 2292 (taratara
1162 2256 1252 2309 usque
1271 2238 1462 2308 adjudicium
1481 2244 1648 2304 extremum,
1676 2237 1783 2292 11111-

82 2333 157 2378 creta
180 2325 286 2379 retiam
314 2326 484 2381 1111111111.
532 2328 563 2381 Si
589 2327 749 2383 monarchia
775 2327 803 2380 in
834 2343 864 2380 se
892 2333 921 2380 et
946 2322 1043 2393 ligitur
1061 2339 1093 2379 ea
1112 2324 1301 2392 descriptione
1311 2322 1433 2391 jrrdicii,
1458 2321 1616 2377 immediate
1634 2322 1718 2393 hujus
1735 2322 1783 2378 be·

83 2410 188 2464 ratione
208 2410 374 2479 quidditatis
401 2429 469 2466 suae
494 2413 654 2469 aestimetur
686 2418 714 2467 et
744 2412 838 2466 omnia
855 2411 921 2467 boni
945 2409 1015 2463 stiae
1042 2409 1220 2479 descriptioni
1249 2408 1399 2480 subJuncts
1423 2409 1491 2463 Dan.
1517 2415 1549 2477 1,
1579 2426 1605 2461 v.
1626 2414 1650 2464 9.
1678 2415 1715 2464 10.
1744 2414 1782 2465 13.

82 2495 248 2551 monarchae
272 2497 406 2567 requisita
430 2506 703 2569 praesupponantur,
730 2497 827 2568 negari
848 2497 920 2553 forts
946 2495 1106 2564 cumprimis
1128 2512 1162 2550 ex
1181 2514 1207 2551 1.
1231 2501 1272 2552 11.
1291 2501 1320 2550 11
1339 2501 1380 2551 22.
1399 2494 1447 2549 ubi
1466 2494 1581 2563 dicittu,
1601 2495 1676 2565 quod
1695 2513 1784 2548 corna

82 2582 192 2653 nequit,
218 2599 279 2638 eam
304 2600 364 2638 esse
390 2584 511 2639 omnium
539 2584 688 2639 formarum
716 2582 919 2654 praestantissi-
945 2580 1022 2633 illud
1043 2582 1242 2650 praevaluerit
1271 2582 1406 2635 adveneris
1433 2589 1560 2649 sanctos,
1592 2582 1680 2635 donec
1708 2580 1782 2634 venit

82 2685 163 2733 mam,
184 2669 232 2723 sed
252 2669 276 2722 si
295 2670 485 2726 consideretur
503 2671 609 2726 ratione
627 2670 804 2737 existentiae,
827 2669 918 2739 qualis
945 2666 1088 2735 Antiquae
1106 2668 1216 2722 (1111111
1235 2676 1261 2721 11
1277 2668 1416 2736 indiciam
1440 2668 1522 2720 111111.
1558 2666 1647 2736 Atqui
1664 2682 1782 2737 regnum

83 2769 144 2807 esse
170 2754 240 2809 solet
261 2755 291 2808 in
314 2763 394 2810 tanto
417 2756 555 2813 humanae
580 2763 695 2811 naturae
720 2754 918 2818 imbecillitate,
945 2768 1137 2808 successorum
1157 2752 1312 2808 Alexandri
1321 2752 1490 2823 jampridem
1503 2751 1644 2807 sublatum
1662 2759 1782 2820 estnec

85 2856 139 2891 non
165 2839 278 2907 injuria'
293 2840 452 2910 dubitatur,
480 2858 516 2895 sn
538 2857 571 2895 es
589 2857 697 2910 semper
716 2840 752 2894 sit
769 2840 920 2910 eligibihor
945 2837 1058 2892 durarit
1081 2838 1205 2910 integros
1232 2843 1371 2893 trecentos
1395 2853 1493 2892 annos.
1528 2837 1582 2900 Qui
1608 2837 1644 2891 de
1658 2836 1780 2909 particu-

83 2942 115 2977 ac
132 2926 324 2993 praestantior.
351 2926 424 2981 Vide
442 2926 609 2981 Meisnerum
627 2928 655 2980 in
674 2927 745 2995 disp.
765 2925 800 2979 de
820 2924 918 2996 regim.
945 2921 996 2978 lari
1021 2923 1075 2978 Dei
1100 2923 1206 2994 judicio
1232 2923 1365 2979 adversus
1390 2921 1549 2979 Seleucides
1575 2921 1728 2978 exercendo
1752 2928 1782 2976 et

83 3010 180 3063 eccles.
200 3028 226 3079 q.
248 3017 270 3065 2.
291 3010 329 3064 th.
350 3017 390 3067 11.
945 3025 1032 3080 regno
1050 3008 1225 3065 Maccabaeis
1245 3015 1309 3079 post
1325 3009 1396 3064 illud
1414 3008 1576 3064 vaticinium
1587 3007 1781 3079 propheticum

31 3104 69 3183 'aa
121 3103 177 3150 135.
219 3096 356 3168 Theologi
381 3098 494 3168 quando
518 3114 551 3153 ex
577 3114 601 3154 1.
627 3104 650 3152 2.
677 3103 707 3152 et
731 3103 769 3159 1.,
793 3095 919 3152 Danielis
945 3096 1113 3151 conferendo
1142 3102 1292 3166 exponunt,
1322 3095 1486 3150 refelluntur
1513 3093 1698 3166 descriptione
1721 3099 1780 3148 tum
1794 3097 1852 3138 Χ111-
1860 3097 1907 3139 ⁸²⁶·

31 3199 59 3234 nu
84 3191 202 3252 quatuor
230 3183 405 3238 monarchias
421 3183 569 3252 statuunt,
591 3184 793 3252 Babylonicam
816 3182 922 3236 scilicet
939 3182 1049 3250 judicii
1066 3199 1085 3235 a
1096 3183 1164 3250 filio
1179 3183 1299 3237 hominis
1317 3182 1476 3251 exercendi,
1501 3182 1530 3235 id
1556 3181 1630 3237 enim
1648 3181 1689 3234 ita
1707 3197 1780 3234 com·

31 3256 51 3336 {f
83 3269 237 3332 Persicam,
258 3268 400 3322 Graecam
418 3278 444 3323 et
461 3271 628 3337 Romanam,
646 3269 675 3322 in
695 3285 778 3323 sensu
796 3266 918 3338 quodam
944 3274 1075 3336 paratum
1095 3274 1153 3333 est,
1171 3275 1276 3325 utnon
1293 3268 1347 3322 nisi
1365 3274 1487 3323 extremo
1502 3267 1610 3338 judicio
1627 3271 1781 3337 competst3

31 3361 45 3376 ’·
82 3354 243 3424 specialiora
264 3354 440 3409 monarchiae
462 3371 562 3409 nomen
587 3353 729 3424 accipiunt
751 3371 802 3423 pro
825 3354 919 3424 regnis
944 3360 1003 3407 tum
1016 3355 1096 3423 reqni
1108 3361 1172 3426 post
1184 3354 1252 3409 illud
1262 3355 1399 3425 judicium
1411 3356 1516 3409 sanctis
1530 3354 1630 3416 dandi,
1649 3350 1723 3424 quod
1736 3369 1781 3406 us·

31 3410 168 3494 rietatius
199 3440 294 3494 mundi
320 3440 511 3510 amplissimis,
543 3439 740 3509 potentissimis
766 3439 918 3499 11111111·
944 3457 999 3510 que
1015 3441 1046 3493 in
1063 3441 1185 3494 secretam
1206 3450 1232 3495 et
1243 3442 1366 3496 accolam
1385 3441 1542 3498 amalorum
1554 3436 1638 3493 iidem
1652 3438 1782 3492 dicuntur

31 3506 69 3593 ,fi'
82 3526 202 3592 tissimis,
223 3527 275 3580 sibi
295 3525 413 3580 invicem
432 3525 648 3582 succedentibus
674 3525 783 3581 etserie
802 3542 857 3579 non
877 3526 917 3579 in·
943 3526 1096 3596 possessuri
1107 3545 1132 3582 v.
1154 3533 1190 3582 19.
1210 3527 1286 3581 Atei
1297 3528 1348 3579 hec
1362 3528 1397 3580 de
1413 3524 1781 3591 Maccabactbintslliqitar,

83 3618 208 3681 terrupta
224 3614 261 3667 ad
281 3612 382 3667 Christi
403 3615 653 3684 usqueadventum
667 3611 840 3669 durantibus.
874 3610 918 3666 De
945 3613 1053 3676 doceat,
1072 3613 1122 3681 qai
1142 3614 1198 3666 ieta
1215 3614 1371 3676 contendit,
1393 3613 1531 3680 quamdo
1548 3627 1665 3679 reqnam
1685 3627 1781 3664 eoram

85 3697 264 3767 Assyriorum
305 3699 455 3754 monarcha
502 3697 778 3756 Nabuchodonosore
817 3698 919 3753 dicitnr
944 3696 1762 3769 »1111111111ωὲ111111Η111οηγι11111111111.1)11.

83 3783 155 3839 Dan.
175 3791 199 3849 4,
218 3802 243 3836 v.
266 3793 304 3838 19.
319 3792 486 3853 potestatem
503 3787 593 3855 ipsias
610 3784 769 3853 perocnhse
782 3784 813 3836 in
826 3785 919 3838 termi-
983 3791 1040 3842 1³7.
1074 3785 1158 3841 1111
1183 3790 1277 3839 antem
1294 3789 1410 3855 quartae
1429 3783 1535 3839 banne
1559 3782 1708 3853 descriptio
1726 3797 1782 3837 non

87 3888 136 3923 nos
167 3872 312 3923 raniccrsae
339 3877 441 3925 terroe.
480 3871 523 3925 De
541 3871 686 3927 Medorum
717 3875 745 3926 et
771 3870 919 3925 Persarum
946 3871 1074 3927 convenit
1089 3869 1241 3926 Alexandri
1254 3870 1468 3938 successoribus,
1484 3870 1524 3924 ita
1539 3886 1590 3924 nec
1603 3886 1690 3924 cornu
1702 3867 1781 3938 parvi

83 3957 244 4010 monarchia
263 3956 336 4012 Dan.
358 3961 383 4020 8,
400 3973 425 4012 v.
444 3963 468 4011 4.
489 3957 603 4020 dicitnr,
633 3957 845 4011 ommonem
861 3974 918 4018 nan
946 3956 1094 4028 descriptio
1122 3955 1261 4011 1111111111
1286 3956 1426 4026 Epiphani
1443 3955 1594 4026 competit,
1621 3954 1670 4010 sed
1696 3971 1781 4025 regno

31 4049 68 4090 nt.
78 4043 205 4112 petrense
226 4043 253 4096 ei
264 4043 393 4096 resistere
411 4059 461 4095 nec
481 4043 601 4096 liberari
619 4043 654 4095 ds
671 4060 757 4099 mann
775 4043 846 4112 ejas.
874 4040 919 4096 De
945 4043 1079 4107 ancico,
1106 4043 1135 4098 id
1163 4042 1237 4113 quod
1258 4042 1436 4096 menifestum
1454 4040 1510 4104 liet,
1536 4041 1560 4095 si
1587 4040 1780 4111 descriptionis

83 4126 253 4182 Graecorum
281 4126 443 4182 monarchia
466 4127 567 4180 dicitur
584 4125 657 4184 Dan.
682 4133 711 4194 2,
737 4145 764 4192 s,
782 4133 824 4184 39.
843 4127 918 4197 quod
945 4136 1039 4199 partes
1057 4128 1181 4198 singulas
1200 4128 1397 4186 examinemus.
1436 4131 1460 4180 1.
1479 4127 1654 4196 Appellatio.
1691 4125 1783 4181 Cornu

82 4214 232 4265 eniterent
250 4220 341 4265 terrae
354 4213 391 4265 sit
404 4213 596 4281 imparatam·
615 4213 651 4267 de
665 4219 773 4284 quarta,
792 4213 919 4269 Romana
946 4223 1063 4288 quartae
1086 4215 1193 4275 bestiae
1219 4214 1375 4287 appellatur
1399 4213 1497 4287 ³3³2}
1517 4229 1637 4284 paream
1657 4211 1729 4266 Dan.
1757 4217 1782 4277 1,

83 4297 205 4362 scilicet,
232 4297 390 4352 monarchis
408 4296 530 4378 Dant,
556 4315 583 4354 v.
603 4305 645 4353 to.
669 4298 744 4369 quod
771 4300 865 4353 amnia
882 4299 919 4353 sit
944 4319 971 4359 1.
990 4306 1014 4357 9.
1034 4308 1064 4355 at
1081 4299 1237 4361 Antiochus
1255 4304 1371 4363 vocatur
1391 4296 1521 4373 11112111
1544 4314 1575 4351 er
1592 4299 1698 4350 minore
1712 4296 1784 4351 inter

83 4383 241 4437 corttritttra
259 4398 293 4434 ac
317 4383 536 4451 comminatas-m
565 4383 629 4440 ideo
656 4383 730 4440 enim
764 4383 865 4439 Daniel
889 4384 917 4438 in
945 4391 1072 4457 quatuor,
1082 4384 1519 4456 uthaecappellatioadstirpem,
1532 4400 1588 4438 non
1596 4382 1784 4452 adpersonsm

82 4468 176 4538 specie
195 4468 292 4521 horum
311 4472 429 4538 quatuor
446 4484 595 4541 regnorum
612 4470 665 4524 sub
678 4477 746 4541 typo
761 4475 869 4525 statuae
890 4476 919 4525 st
944 4472 1087 4543 pertineat
1123 4475 1148 4526 2.
1159 4473 1253 4537 Oriqo.
1272 4469 1315 4524 De
1329 4474 1391 4524 ortu
1407 4470 1491 4540 huJ'ns
1507 4468 1586 4539 parvi
1602 4483 1689 4521 cornu
1705 4484 1783 4523 usur·

83 4553 235 4609 bestiarum
255 4552 413 4608 distinctam
434 4555 603 4610 mentionem
623 4555 838 4622 benevolum,
859 4559 918 4608 tum
945 4563 1029 4627 patur
1047 4555 1161 4611 verbum
1184 4539 1288 4628 Γιῑζξῦ,
1309 4552 1578 4623 nescioquod
1604 4553 1640 4607 de
1656 4560 1720 4608 ortu
1737 4554 1783 4610 be·

83 4641 149 4711 quia
166 4640 238 4694 inter
255 4639 364 4708 reliqua
383 4641 478 4694 mundi
495 4658 584 4712 regns
608 4641 724 4713 singulis
747 4640 919 4712 temporibus
946 4642 1060 4697 stinrnm
1079 4657 1095 4695 e
1114 4641 1183 4695 mari
1203 4641 1286 4697 etiam
1305 4645 1456 4710 usurpatur
1472 4656 1498 4690 v.
1519 4645 1543 4693 3.
1568 4654 1601 4692 ex
1629 4655 1683 4708 qno
1708 4640 1783 4694 colli·

83 4725 235 4798 praecipua
254 4742 349 4780 eorum
368 4725 423 4779 fuit
439 4727 604 4797 auctoritas,
622 4741 680 4781 tum
699 4727 766 4800 quia
784 4725 918 4782 ecclesiae
946 4727 1030 4798 gitur,
1045 4743 1131 4782 cornu
1142 4727 1212 4783 illud
1224 4744 1280 4783 non
1293 4743 1353 4781 esse
1372 4732 1501 4795 quartam
1521 4724 1645 4787 beatam
1665 4725 1715 4779 sed
1733 4725 1783 4780 im·

82 4818 170 4866 statne
189 4812 243 4866 illis
263 4811 352 4882 magis
372 4829 455 4883 quam
474 4812 536 4867 11111
552 4812 607 4868 fuit
624 4812 766 4869 obnoxius.
793 4811 918 4866 Bodinus
947 4813 1067 4868 mediate
1092 4829 1126 4866 ec
1153 4814 1228 4869 mari
1245 4812 1393 4879 oriturum,
1420 4809 1473 4865 hoc
1497 4815 1541 4865 est
1562 4826 1640 4879 eum,
1667 4811 1714 4881 qni
1733 4829 1783 4881 per

83 4900 113 4952 in
142 4898 261 4953 method.
287 4898 381 4951 histor.
407 4916 431 4952 c.
460 4904 484 4952 1.
513 4898 645 4966 perillus
672 4906 792 4969 quatuor
816 4897 919 4953 bestias
946 4915 1032 4955 cornu
1049 4915 1166 4969 parrum
1185 4898 1342 4964 denotetur,
1361 4913 1416 4950 non
1436 4910 1486 4967 per
1503 4896 1713 4960 successionem,
1733 4898 1781 4950 sed

83 4983 261 5055 propheticas
285 4982 417 5054 intelligit
435 4985 556 5045 Medos,
586 4986 708 5049 Persas,
741 4984 868 5038 &accos
893 4992 920 5037 et
945 5002 995 5058 per
1015 5001 1115 5039 novam
1128 4982 1337 5039 adscensionem
1357 4981 1393 5036 ad
1413 4981 1559 5052 imperinm
1576 4987 1781 5052 perventurum.

84 5070 215 5136 Parthos,
236 5078 374 5139 quatenus
393 5068 567 5138 Babylonem
587 5069 766 5140 subegerunt.
803 5067 919 5123 9111-
946 5071 1033 5142 Atqui
1063 5069 1218 5124 Antiochus
1242 5083 1293 5139 per
1316 5067 1519 5124 successionem
1545 5066 1693 5136 imperinm
1713 5065 1782 5121 obti-

82 5156 153 5221 nius,
171 5156 302 5223 Pelsnus,
321 5155 447 5210 Piscator
470 5162 498 5208 et
520 5153 634 5226 quidam
653 5153 700 5207 alii
719 5169 771 5224 per
788 5161 919 5227 quartam
944 5156 1012 5212 nuit
1051 5159 1078 5212 3.
1100 5157 1221 5224 Tempus
1240 5153 1368 5222 oriqinis.
1404 5152 1489 5211 Ortus
1514 5151 1647 5209 corniculi
1665 5150 1783 5206 refertur

83 5243 217 5296 Danielis
241 5242 357 5294 bestiam
382 5258 437 5296 non
459 5240 613 5295 Romanam
637 5237 841 5308 monarchiam,
869 5240 918 5295 sed
945 5245 986 5296 ad
1015 5249 1121 5310 tempas
1154 5248 1271 5309 quartae
1304 5239 1417 5295 bestiae.
1445 5256 1471 5291 v.
1491 5244 1514 5295 8.
1563 5238 1603 5292 At
1625 5236 1782 5293 Antiochus

83 5327 234 5382 Alexandri
253 5326 349 5399 Magni
367 5341 554 5389 successores,
582 5324 790 5382 Seleucidarum
814 5326 920 5382 scilicet
944 5327 1104 5400 Epiphanes
1125 5343 1180 5380 non
1201 5324 1305 5395 prodiit
1319 5341 1352 5379 ex
1371 5329 1472 5394 quarta
1489 5324 1587 5393 bestia,
1607 5323 1657 5377 sed
1676 5338 1710 5376 ex
1727 5329 1781 5378 ter-

83 5432 117 5469 11
135 5414 307 5484 Lagidarum
327 5430 459 5485 regnum,
487 5429 521 5466 11
545 5412 1254 5487 111111111111111111111411111111Λ.1111
1279 5417 1321 5467 19.
1360 5413 1384 5464 t.
1402 5411 1615 5466 Incrementnm.
1651 5408 1697 5464 De
1722 5426 1782 5464 aor-

83 5501 155 5555 inter
174 5500 271 5554 decem
288 5499 396 5570 reliqua
413 5505 537 5555 exortum
556 5497 726 5561 Antiochum
743 5497 918 5570 Epiphaneae
944 5499 1037 5555 niculo
1056 5496 1165 5567 dicitnr,
1182 5496 1258 5570 quod
1275 5498 1306 5551 in
1321 5496 1466 5566 principio
1484 5493 1570 5562 fuerit
1586 5510 1713 5566 parrum,
1731 5496 1782 5550 sed

82 5584 278 5657 intelligendos
308 5600 370 5639 esse
402 5589 541 5654 11111111,
573 5600 630 5657 qna
656 5584 764 5647 1111111
791 5581 918 5651 Malis
942 5589 1040 5659 postes
1054 5599 1123 5656 prae
1139 5581 1254 5654 11111111
1271 5582 1392 5647 manmit
1415 5579 1781 5652 1111111Β111,ν.191
