4020 6014
222 263 261 320 at
692 206 693 211 η
804 256 927 315 LOCUS
946 253 1151 314 VICESIMUS
1169 255 1333 318 TERTIUS

219 409 338 467 ctionem
366 413 433 467 dare
458 419 630 485 cogerentur.
665 412 730 470 Vid.
751 411 896 469 Walffium
915 411 993 467 Cent.
1013 417 1054 467 16.
1084 415 1160 466 ctstu
1187 410 1371 468 deecclesia
1410 419 1432 470 t.
1456 413 1573 484 Saepius
1594 412 1735 482 eliguntur
1756 412 1865 470 indocti
1893 419 1925 470 et

218 497 282 553 lect
310 498 459 556 memorab.
485 518 512 570 p.
541 504 600 555 203.
628 498 754 555 (1101111111ι
802 498 995 555 Haiminsfeld.
1027 498 1056 552 in
1081 496 1117 550 ad
1145 514 1240 552 curam
1263 499 1415 554 animarum
1439 499 1492 555 sibi
1516 499 1722 554 commissarum
1744 499 1843 571 inepti.
1886 501 1925 555 In

221 585 322 639 volum.
340 585 566 657 lleidsslatuugea
585 586 605 642 f.
629 592 687 642 215.
722 587 817 656 Atque
843 593 874 641 ιιι
893 586 941 641 illa
958 584 1056 657 pallio·
1082 583 1289 653 gravaminibus
1317 585 1437 640 nunonis
1461 584 1643 641 Germanicae
1666 586 1763 640 dicunt
1788 602 1924 657 proceres

221 688 282 725 rum
303 672 436 728 redemtio
453 672 596 728 Romnum
609 672 702 727 curiae
714 673 804 744 magis
817 679 889 728 erret
905 671 1055 738 fructuosa,
1081 675 1132 722 art
1152 676 1180 725 t:
1200 671 1395 725 Ecclemarum
1412 672 1551 740 regimina
1568 673 1659 725 minus
1682 673 1778 739 dipsis
1794 674 1922 727 commit-

84 763 154 806 ¹11³·
163 763 207 806 1⁴1·
220 757 391 828 prohibitum
409 766 452 814 est
472 777 489 814 a
507 758 697 830 pontificibus,
727 776 763 814 ne
789 760 851 829 quis
874 756 1055 813 antecessoris
1081 762 1184 824 tantur,
1202 756 1252 824 qui
1269 758 1311 810 ad
1329 757 1419 811 mulos
1437 759 1535 825 napis,
1556 776 1640 826 mam
1658 757 1782 812 laminas
1795 775 1922 828 parcen·

220 845 263 899 sui
290 845 373 916 pallio
392 853 500 913 utatur,
530 846 578 901 sed
597 851 629 899 ut
651 845 769 916 quisque
794 844 847 899 sibi
864 844 969 899 Rornae
985 842 1054 897 illud
1081 843 1133 895 dor
1147 850 1173 895 et
1189 845 1328 912 rependas
1347 851 1436 897 essem
1453 844 1558 902 idonei,
1594 842 1696 914 Legati
1713 843 1788 898 sedis
1805 850 1922 915 aposto·

219 939 374 1002 comparet,
393 948 426 986 ac
446 933 493 1003 qui
512 933 557 987 vel
575 931 787 1002 permutatione,
811 930 855 986 vel
882 930 937 984 alia
956 929 1053 1001 quavis
1080 926 1150 982 licae
1167 927 1205 981 ad
1223 933 1316 999 patres
1333 929 1511 985 Tridentinae
1528 929 1673 1000 conquesti
1690 936 1764 994 sunt,
1789 930 1921 999 indipnie

217 1018 325 1074 ratione
350 1017 382 1072 fit
407 1018 520 1072 alterius
545 1017 680 1073 ecclesiae
707 1016 864 1088 patriarcha
887 1033 937 1070 seu
955 1022 1054 1071 metro·
1079 1016 1241 1070 sacerdotia
1256 1017 1385 1081 conferri
1395 1025 1422 1070 et
1433 1017 1504 1083 illu,
1516 1013 1566 1084 qui
1576 1016 1648 1070 nttit
1661 1034 1680 1069 a
1690 1016 1775 1070 laicis
1784 1025 1920 1088 praeter·

216 1105 364 1177 politanus,
382 1102 818 1174 licetanteasibiparavitillud,
835 1108 1054 1157 necessetamen
1080 1117 1163 1169 quarn
1183 1101 1212 1154 in
1232 1103 1314 1154 uestis
1333 1119 1447 1171 periere,
1472 1120 1506 1156 ac
1531 1119 1565 1156 ne
1587 1103 1617 1156 in
1641 1103 1693 1156 loc
1718 1103 1832 1172 quidam
1856 1105 1920 1172 dif-

217 1190 333 1258 habeat,
361 1189 508 1245 utiterum
528 1195 616 1258 emat,
644 1196 676 1242 ut
698 1187 796 1243 merito
821 1187 921 1258 aliquis
945 1186 1053 1250 dixerit,
1078 1187 1185 1251 ferunt.
1239 1187 1442 1244 ¹¹*Curdiuales
1479 1189 1579 1245 delecti
1617 1189 1654 1243 ad
1691 1188 1921 1246 reformationem

216 1276 303 1347 pallia
320 1275 369 1330 illa
385 1276 455 1330 nihil
471 1276 550 1330 aliud
571 1291 631 1330 esse
649 1291 732 1346 quam
751 1273 884 1329 simoniae
900 1273 1008 1344 papalis
1027 1262 1068 1342 et!
1081 1272 1213 1329 ecclesiae
1234 1273 1376 1330 Romanae
1395 1275 1425 1329 iu
1450 1275 1564 1330 consilio
1587 1291 1637 1330 suo
1655 1275 1692 1329 ad
1709 1274 1830 1330 Paulum
1847 1275 1919 1333 111.:

216 1363 356 1418 Romanae
380 1362 514 1418 assutiae
536 1361 630 1433 pullis.
666 1360 740 1416 Olim
764 1376 829 1415 vero
853 1377 909 1414 uon
928 1365 987 1414 erat
1005 1360 1053 1426 sic,
1079 1361 1194 1413 Primam
1205 1362 1307 1415 almus
1321 1361 1352 1414 in
1368 1362 1515 1430 iacpartc
1533 1369 1573 1415 est
1587 1362 1731 1415 ordinatio
1748 1362 1920 1417 clericorum

217 1450 267 1506 sed
292 1457 324 1504 ut
351 1455 459 1504 constat
486 1465 520 1503 ex
551 1464 611 1518 cap.
657 1446 742 1502 Novit
768 1446 830 1501 dist.
862 1451 919 1504 100.
947 1452 1053 1501 veteres
1079 1462 1114 1498 ac
1128 1447 1299 1515 pracsertim
1313 1447 1553 1516 presbyterorum,
1574 1447 1680 1515 inqua
1698 1446 1780 1501 nulla
1800 1448 1919 1502 adlide-

216 1534 361 1607 pontifices
381 1550 432 1605 pro
450 1534 536 1604 pallio
555 1533 616 1587 dari
636 1532 679 1586 vel
692 1532 782 1604 accipi
795 1532 901 1602 aliquid
921 1539 1052 1604 tanquam
1079 1540 1124 1584 tur
1141 1549 1225 1601 cura,
1255 1532 1335 1587 nulla
1353 1533 1516 1602 dilipentia,
1542 1535 1619 1603 quod
1632 1533 1742 1602 passim
1758 1533 1918 1603 quecunque

216 1623 398 1692 incongruum
428 1620 481 1674 sub
513 1618 639 1673 districts
668 1618 863 1673 interdictione
894 1623 1050 1674 vetuerunt.
1078 1627 1142 1672 sunt
1161 1619 1373 1689 imperitissimi,
1392 1628 1456 1673 runt
1474 1619 1610 1674 mlissimc
1627 1635 1727 1687 perure
1747 1621 1823 1683 nati,
1850 1629 1918 1674 sunt

215 1707 329 1763 Platina
345 1706 376 1760 iu
393 1705 451 1760 vita
470 1704 572 1760 Leonis
590 1704 634 1760 11:
664 1706 766 1762 Leonis
777 1705 932 1759 institutum
951 1713 998 1772 est,
1018 1723 1052 1758 ac
1079 1705 1163 1758 malis
1181 1705 1304 1759 moribus
1323 1707 1426 1773 ornati,
1448 1712 1511 1758 runt
1536 1706 1740 1770 adolescentes,
1763 1707 1917 1760 admittan-

216 1796 329 1865 qnidem
346 1801 482 1856 sanctum,
503 1793 581 1860 qued
597 1792 706 1846 utinam
724 1790 839 1861 (inquit)
858 1776 942 1847 talete
960 1793 1051 1846 obser·
1079 1801 1124 1845 tur
1143 1794 1184 1845 ad
1202 1793 1317 1846 ordines
1334 1810 1432 1846 sacros
1452 1801 1478 1847 et
1494 1794 1614 1846 mamma
1631 1795 1672 1847 ad
1682 1793 1918 1862 presbyteratum.
1944 1792 1946 1796 ⁴

216 1888 345 1949 caretm,
369 1895 403 1932 ne
421 1881 463 1932 ad
479 1878 751 1948 archiepiscopatum
769 1886 908 1932 assumtus
927 1896 982 1947 pro
999 1897 1053 1932 usu
1079 1879 1163 1933 Alius
1192 1879 1295 1932 abnam
1322 1880 1440 1933 maximi
1463 1881 1603 1948 ponderis
1632 1887 1672 1933 est
1701 1879 1730 1932 in
1760 1880 1914 1934 collatione

212 1968 306 2037 pallii
322 1966 476 2020 aliorumve
495 1965 654 2034 officiorum
668 1966 820 2034 quidquam
839 1965 971 2019 ecclesicm
989 1983 1052 2034 per·
1079 1965 1273 2028 beneficiorum
1292 1965 1551 2035 ecclesiasticorum,
1570 1966 1688 2019 nmmme
1705 1974 1867 2020 curatorum
1887 1975 1915 2021 ct

217 2054 349 2121 solueret,
379 2069 442 2105 cum
468 2068 500 2105 ec
522 2052 675 2119 turpilione
702 2052 791 2105 multa
818 2051 896 2105 mala
928 2053 1052 2120 quotidie
1077 2052 1286 2119 praeomnibus
1301 2053 1517 2121 episcopatuum,
1537 2052 1567 2104 in
1586 2051 1684 2120 quibus
1700 2069 1767 2104 usus
1783 2052 1917 2121 invaluit,

218 2140 356 2195 oriantur.
1078 2145 1108 2190 ut
1121 2139 1310 2209 provideatur
1328 2139 1475 2206 personia,
1506 2139 1604 2206 quibua
1630 2139 1815 2202 conferuntur
1834 2139 1915 2194 bene·

254 2224 372 2282 13101
392 2224 527 2279 electione
550 2222 689 2294 pontificis
713 2223 904 2292 episcoporum
930 2222 1052 2293 episcopi
1077 2224 1152 2290 ficia,
1180 2243 1236 2278 non
1259 2233 1351 2278 autem
1369 2225 1450 2295 prepi
1470 2223 1576 2278 Christi
1599 2231 1625 2276 et
1642 2224 1783 2278 ecclesiae.
1818 2223 1915 2280 Ponti·

128 2362 133 2373 ,
172 2299 182 2310 ’
219 2313 259 2367 sic
284 2311 408 2382 disputat
433 2309 617 2364 Bellarminus
641 2309 704 2368 libr.
734 2315 756 2365 1.
785 2309 820 2364 de
845 2309 953 2364 clericis
974 2327 999 2363 c.
1023 2317 1050 2366 o:
1078 2307 1157 2364 ficale
1188 2309 1344 2387 Ronmnum
1375 2309 1501 2366 Venetiis
1536 2326 1600 2364 ann.
1638 2314 1711 2365 1512.
1748 2309 1915 2379 impressum

218 2400 305 2454 Ratio
325 2399 449 2465 elipandi
465 2415 599 2450 surnntum
612 2397 772 2464 pontificem
795 2413 847 2464 per
864 2397 939 2449 salos
959 2399 1051 2450 cardi·
1078 2413 1105 2465 p.
1127 2401 1150 2450 3.
1170 2395 1206 2450 ab
1226 2395 1387 2451 ordinandis
1405 2397 1570 2451 mediocrem
1589 2395 1772 2450 eruditionem
1789 2396 1915 2468 requirit

218 2486 298 2539 acles
328 2492 368 2536 est
398 2484 519 2536 amnium
545 2482 651 2550 optima
678 2491 703 2535 et
730 2482 827 2536 merito
851 2485 1050 2550 conservanda,
1078 2483 1242 2536 Litcratura
1269 2482 1382 2554 (inquit)
1410 2484 1440 2535 in
1468 2483 1674 2535 suddiaconatu
1706 2489 1732 2534 et
1758 2483 1916 2536 diaconatu

217 2572 271 2626 etsi
286 2570 411 2624 absolute
424 2577 520 2639 posset
535 2570 665 2636 pontifea
682 2585 744 2621 eam
762 2576 885 2635 mutare,
912 2574 938 2622 si
963 2570 1051 2623 uellet.
1078 2571 1227 2623 mediocris
1245 2570 1366 2634 suflicit,
1390 2577 1420 2622 ut
1443 2569 1542 2622 saltem
1567 2569 1639 2621 sciat
1656 2569 1722 2621 bene
1740 2576 1766 2621 et
1785 2569 1914 2638 repedita

216 2657 251 2712 In
276 2655 484 2712 confirmatione
506 2654 589 2724 hujus
618 2653 811 2725 propositionis
831 2660 918 2721 notat,
944 2661 1050 2723 septen·
1077 2656 1168 2721 lepore
1185 2665 1211 2709 et
1229 2663 1414 2727 competenter
1435 2663 1558 2724 cantare,
1576 2656 1623 2708 det
1638 2672 1753 2724 operam
1771 2672 1913 2725 prasuma-

216 2745 307 2799 decim
326 2743 491 2797 romatianae
509 2741 625 2795 inveniri
646 2741 675 2796 in
694 2740 826 2796 electione
844 2741 963 2795 Romani
984 2758 1051 2811 pon·
1076 2741 1215 2797 ticalibus.
1250 2741 1287 2793 In
1314 2743 1460 2794 sacerdote
1486 2749 1579 2794 mrtem
1607 2743 1797 2808 promouendo
1829 2744 1913 2812 sussi-

216 2830 297 2885 tificis
318 2837 346 2885 et
362 2829 570 2896 aipintinoocm
584 2828 777 2882 sclismutain
795 2827 1050 2883 ecclesiaRomana
1076 2828 1151 2880 ciem
1179 2828 1331 2881 literatura
1371 2826 1526 2896 requiritur
1532 2849 1543 2897 ,-
1580 2828 1653 2880 sciat
1689 2830 1913 2897 prammaticam,

217 2917 253 2972 ab
273 2915 417 2986 Onuphrio
437 2913 582 2977 numerari,
603 2905 678 2984 quod
703 2921 746 2968 est
772 2920 966 2985 argumentum
983 2914 1049 2969 leni·
1072 2915 1241 2982 praesertim
1253 2915 1281 2967 si
1292 2914 1329 2968 sit
1341 2914 1488 2982 secularis,
1507 2914 1575 2982 quia
1592 2913 1650 2968 illis
1663 2931 1731 2966 cura
1751 2915 1911 2970 animarum

216 3003 282 3058 tntis
308 3008 336 3057 et
366 3017 514 3056 cousensus
542 3000 622 3054 toties
648 3001 845 3070 depraedicati.
872 3018 897 3055 c.
927 3001 1048 3057 1011111-
1075 3001 1209 3053 committi
1225 3001 1304 3064 solet,
1324 3017 1395 3068 quae
1416 3001 1475 3053 sine
1493 3000 1584 3059 leteris
1597 3000 1721 3053 exerceri
1737 3017 1794 3054 non
1809 3010 1909 3071 potest.

214 3088 320 3161 jungit:
351 3088 385 3141 Si
406 3088 488 3140 nulla
507 3095 628 3140 enataret
648 3087 800 3152 Pontificio
826 3088 987 3142 constitutio
1012 3091 1047 3141 de
1074 3085 1219 3157 Conjunge
1237 3085 1345 3140 Erasmi
1363 3087 1391 3140 in
1414 3088 1434 3138 1.
1456 3086 1530 3141 Ρειιί
1549 3093 1573 3142 5.
1593 3091 1717 3141 annotat.
1736 3085 1786 3140 ubi
1804 3086 1835 3141 in
1853 3087 1910 3160 epi·

217 3177 350 3232 electione
373 3175 472 3227 summi
491 3173 648 3243 pontificis,
680 3174 723 3227 cel
749 3191 816 3226 casu
835 3175 932 3242 aliquo
955 3192 1048 3228 omncs
1074 3189 1171 3244 scopos
1196 3191 1252 3228 nou
1277 3173 1470 3243 praedicantes
1496 3171 1682 3228 invehitur.¹¹¹¹
1718 3171 1851 3229 Nicolaus
1875 3175 1911 3230 de

216 3265 348 3320 electores
368 3280 386 3316 a
399 3261 636 3330 juredeaipnati,
653 3260 687 3313 id
705 3266 746 3313 est
765 3277 857 3313 omnes
876 3261 1048 3329 cardinales,
1074 3258 1165 3316 Orem.
1183 3261 1213 3314 in
1230 3267 1299 3316 orat.
1325 3275 1417 3314 eoram
1439 3259 1554 3315 Urbano
1575 3259 1609 3314 V.
1635 3266 1663 3314 ct
1684 3258 1789 3316 cardiu.
1815 3259 1912 3316 habita
1925 3268 2001 3312 xlta

215 3351 299 3406 simul
309 3351 450 3419 perirent;
463 3348 516 3417 jue
531 3347 672 3401 electionis
689 3349 731 3399 ad
745 3347 889 3415 episcopos
904 3347 1010 3400 uicinos
1023 3356 1048 3400 et
1073 3362 1145 3400 anno
1167 3351 1246 3401 1364:
1275 3347 1341 3399 Nou
1358 3346 1526 3398 adleilentur
1545 3347 1601 3400 viri
1623 3347 1720 3401 idonei
1742 3348 1911 3402 sacmdotiis

216 3440 321 3494 clerum
331 3438 490 3491 Romanum
499 3434 661 3503 pertineret,
680 3451 741 3486 cum
755 3434 944 3501 dependentia
957 3442 1047 3487 tamen
1071 3433 1238 3500 praesertim
1257 3432 1499 3502 locupletioribus,
1527 3435 1579 3486 sed
1595 3450 1664 3502 quos
1684 3433 1844 3504 plerunque
1867 3434 1912 3488 uel

216 3526 316 3594 aliqua
345 3542 364 3576 a
401 3522 518 3576 ceordic
551 3520 679 3589 penerali
706 3520 907 3587 episcopcrum.
960 3519 1049 3574 Addit
1072 3521 1158 3582 fauor
1177 3520 1221 3573 cel
1229 3520 1352 3587 familia
1370 3520 1415 3572 ccl
1435 3519 1547 3572 natales
1565 3522 1765 3584 commendant,
1782 3521 1907 3586 delicati,

216 3616 316 3673 autem,
343 3611 374 3663 in
391 3610 445 3661 lac
468 3608 664 3676 propositione
690 3624 745 3660 non
772 3607 917 3660 conuenire
948 3625 1048 3675 omncs,
1073 3607 1166 3675 lepidi
1189 3615 1215 3659 et
1235 3607 1332 3660 conttc's
1358 3606 1471 3674 capillis
1498 3606 1597 3670 nitidi,
1630 3607 1722 3669 ludis,
1756 3608 1907 3677 amoribus,

216 3696 291 3768 quod
317 3701 345 3749 et
369 3695 397 3748 in
418 3694 524 3747 theoria
549 3700 576 3747 et
594 3693 672 3762 praxi
700 3699 742 3747 est
767 3692 952 3762 verissimum,
981 3700 1048 3764 quot
1071 3693 1240 3761 palaestris,
1258 3692 1369 3746 orbibus
1388 3692 1545 3745 saltatoriis
1563 3693 1675 3762 armati,
1698 3709 1747 3745 nec
1768 3711 1838 3748 raro
1859 3696 1909 3764 qui

216 3782 289 3838 enim
316 3797 371 3834 non
398 3778 487 3833 solum
514 3778 641 3845 dissidia,
671 3779 719 3832 sed
745 3779 829 3833 etiam
854 3784 952 3850 aperta
975 3779 1048 3834 bella
1075 3779 1211 3833 manicati
1229 3786 1258 3832 et
1274 3779 1429 3831 talccrilms
1448 3779 1545 3831 amicti
1561 3780 1636 3834 sicas
1660 3779 1772 3832 uibrare
1795 3788 1821 3834 et
1835 3782 1907 3835 sclo-

216 3872 329 3938 propter
347 3865 508 3921 electionem
527 3865 646 3917 Romani
666 3865 803 3934 pontificis
816 3865 927 3935 saepius
943 3865 1048 3920 fuerint
1074 3866 1146 3935 petis
1164 3865 1336 3932 fulminare,
1363 3864 1503 3917 interdum
1527 3864 1611 3917 etiam
1636 3865 1686 3934 qui
1703 3865 1813 3933 paleati
1829 3875 1906 3921 cata·

216 3960 302 4020 mota,
332 3969 364 4006 ex
393 3949 513 4004 historiis
540 3956 582 4004 est
609 3950 789 4005 notissimum.
826 3951 957 4014 Quamvis
983 3970 1047 4007 vero
1070 3954 1238 4023 piractipue
1257 3951 1495 4020 turmasequitum
1511 3954 1622 4021 ducere,
1639 3951 1669 4005 in
1687 3953 1775 4006 aciem
1796 3954 1907 4009 irruere

215 4039 331 4094 formam
352 4035 494 4090 electionis
511 4052 560 4105 per
583 4035 737 4088 cardinales
756 4035 939 4090 Bellarminus
957 4039 1046 4092 existi·
1075 4048 1099 4092 et
1118 4057 1228 4092 manum
1254 4057 1314 4091 cum
1338 4038 1414 4091 hoste
1438 4054 1582 4091 conserere
1601 4039 1766 4092 didicerunt.
1800 4039 1909 4112 ⁴Grrego·

216 4131 274 4180 met
299 4123 420 4178 omnium
447 4121 591 4191 optimam,
619 4139 669 4191 per
693 4138 775 4192 quam
801 4122 907 4176 scilicet
928 4124 1048 4178 dissidiis
1074 4127 1131 4180 rius
1152 4126 1186 4180 de
1204 4124 1314 4180 Valent
1335 4125 1363 4178 in
1385 4124 1457 4182 anal.
1486 4124 1520 4178 de
1547 4123 1664 4178 ecclesia
1687 4142 1753 4197 pag.
1777 4131 1820 4183 22.
1845 4143 1909 4182 con·

216 4211 356 4282 aptissime
369 4209 479 4263 obuiam
494 4208 527 4261 iri
542 4208 637 4277 possit,
656 4215 793 4263 testantur
805 4215 897 4263 tamen
909 4209 1047 4279 historiae,
1075 4213 1207 4286 queritur,
1225 4212 1299 4283 quod
1312 4214 1391 4265 laud
1409 4230 1477 4266 raro
1495 4212 1641 4279 Pontificii
1654 4213 1769 4267 ordines
1787 4231 1853 4266 suos
1871 4215 1909 4267 iis

216 4303 328 4369 propter
346 4294 512 4349 discordiam
531 4293 711 4348 cardinalium
739 4295 833 4350 sedem
852 4299 981 4368 papalem
1000 4300 1048 4354 diu
1075 4302 1234 4368 carperent,
1256 4300 1306 4368 qui
1325 4316 1373 4351 nec
1394 4299 1570 4362 auditionis,
1588 4316 1637 4351 nec
1651 4300 1770 4368 pictatis
1790 4300 1907 4370 insipni-

217 4384 383 4455 quandoque
403 4396 531 4447 vacasse,
550 4380 624 4434 unde
643 4378 793 4451 Gregorius
811 4381 848 4437 X.
866 4392 955 4439 certas
972 4385 1048 4456 leges
1075 4387 1123 4438 lus
1141 4385 1250 4450 arrecti,
1274 4386 1325 4437 aed
1342 4385 1464 4438 lorrsines
1482 4385 1573 4437 ventri
1582 4385 1739 4455 plerunque
1759 4393 1785 4440 et
1802 4389 1906 4441 mundo

217 4471 253 4525 de
271 4469 321 4523 tali
340 4466 482 4523 electionis
501 4464 590 4520 forma
607 4468 684 4530 tulit,
705 4468 776 4522 inter
795 4487 864 4540 quas
884 4478 913 4523 et
932 4471 980 4524 illa
998 4480 1048 4535 est,
1075 4472 1173 4525 dediti.
1210 4476 1233 4525 2.
1257 4469 1303 4524 Ad
1328 4470 1483 4525 sacerdotia
1509 4487 1560 4541 per
1577 4471 1738 4543 largitiones
1755 4472 1908 4544 adspirant

216 4565 247 4610 ut
264 4555 428 4610 cardinales
440 4554 470 4606 in
483 4553 613 4607 conclave
625 4554 808 4608 recludantur
826 4564 852 4609 et
869 4558 926 4610 nesi
939 4558 1047 4612 electio·
1078 4559 1181 4613 Ludos.
1201 4555 1286 4611 Vives
1305 4555 1333 4610 iu
1352 4557 1412 4611 libr.
1434 4562 1472 4612 10.
1493 4556 1567 4629 Aug.
1591 4559 1625 4613 de
1644 4558 1719 4613 civit.
1741 4558 1795 4614 Dei
1818 4576 1841 4615 c.
1863 4566 1909 4618 19:

133 4678 136 4683 -
216 4659 278 4695 nem
305 4642 523 4705 maturaverint,
555 4640 633 4692 tenui
656 4641 716 4692 cilo
742 4652 900 4710 pascantur
931 4663 964 4698 ac
983 4654 1048 4714 post
1075 4647 1109 4698 In
1129 4645 1201 4698 Osca
1221 4644 1361 4696 Dominus
1386 4645 1579 4712 conqueritur,
1606 4646 1751 4715 episcopos
1776 4646 1909 4716 laqueum

215 4730 344 4796 elapsum
361 4729 485 4781 triduum
502 4742 609 4795 semper
626 4728 660 4778 dc
678 4727 738 4779 cibo
750 4727 863 4796 aliquid
874 4732 1049 4785 detrahatur.
1071 4733 1166 4797 factos
1183 4730 1370 4802 speculationi
1384 4737 1409 4782 et
1426 4738 1484 4785 rete
1503 4732 1532 4785 in
1552 4742 1642 4786 monte
1664 4734 1786 4798 Thabor,
1804 4750 1855 4788 eeu
1872 4736 1909 4789 de

218 4813 396 4870 Consuetudo
427 4814 476 4868 illa
505 4812 625 4884 eligendi
655 4811 812 4882 pontificem
842 4831 891 4884 per
924 4825 1049 4872 senatum
1074 4818 1159 4885 liujus
1177 4817 1309 4885 temporis
1330 4816 1469 4886 episcopis
1489 4818 1655 4887 loqueretur,
1674 4821 1724 4888 qui
1739 4821 1908 4875 sacerdotiis

217 4898 400 4995 cardinalium
417 4899 551 4969 originem
578 4897 677 4952 habuit
701 4915 773 4953 auno
794 4899 896 4956 Christi
921 4910 994 4959 1050
1016 4921 1049 4958 ει
1074 4904 1190 5002 laqueos
1216 4904 1336 4956 tendunt
1350 4910 1376 4955 et
1397 4905 1537 4972 pecuniae
1555 4907 1638 4974 larpa
1657 4906 1746 4975 retra,
1775 4908 1828 4960 sed
1852 4926 1908 4963 non

215 5088 293 5143 regn.
323 5069 384 5126 Ital.
412 5086 492 5124 exc.
528 5070 562 5124 Iu
590 5071 701 5126 nomine
726 5071 790 5127 dist.
815 5076 857 5128 33.
884 5089 947 5127 cum
971 5076 1048 5145 prius
1074 5076 1134 5131 sine
1150 5075 1298 5139 ecclesiae,
1328 5076 1372 5129 cui
1395 5078 1575 5147 praeficiendi
1599 5084 1677 5139 sunt,
1699 5061 1857 5136 testimonio
1880 5087 1909 5137 et

216 5158 366 5213 auctoritas
384 5156 578 5225 imperatorum
597 5157 810 5212 Romanorum'
802 5177 830 5213 111
850 5159 982 5216 electione
1001 5162 1049 5217 illa
1075 5161 1225 5230 suffragio,
1254 5162 1328 5231 quod
1355 5166 1523 5233 apostolicae
1548 5163 1626 5232 praxi
1653 5164 1794 5218 adversari
1815 5173 1907 5226 osteu-

217 5252 290 5299 emet
310 5241 472 5297 necessaria
509 5241 645 5297 Sabellius
665 5244 713 5299 lib
735 5250 759 5299 6.
778 5245 901 5300 Ennead.
921 5252 944 5302 8
966 5253 1018 5302 etc
1075 5249 1164 5301 dimus
1189 5249 1323 5318 superius
1360 5259 1384 5306 4.
1409 5251 1553 5323 Coguntur
1572 5258 1636 5304 ante
1660 5268 1739 5306 suam
1759 5254 1907 5309 ordinatio-

88 5343 122 5382 vo
125 5344 186 5383 sesto
255 5336 311 5385 105.
333 5327 527 5398 Abeprscoprs
542 5336 676 5383 eteorum
691 5348 801 5386 vrcarus
813 5350 841 5386 111
860 5334 1048 5403 spiritualibus
1075 5351 1137 5387 nem
1146 5335 1473 5403 ejurarematrrmomnm,
1490 5351 1553 5387 cum
1562 5348 1652 5389 tamen
1662 5337 1786 5410 plerique
1795 5341 1906 5396 illorum

89 5395 202 5486 2222„
218 5417 275 5472 sive
294 5415 478 5487 suffraganeis
497 5414 749 5488 eligunturreliqui
767 5418 893 5484 clerici,
886 5438 914 5472 111
933 5437 1048 5490 quorum
1075 5419 1225 5476 continent
1207 5430 1261 5477 ttae
1286 5424 1358 5478 dono
1382 5437 1436 5474 non
1460 5419 1515 5471 siut
1540 5419 1674 5477 instructi.
1711 5432 1738 5479 5.
1761 5425 1906 5497 Coguntur

89 5497 183 5539 “⁶¹¹⁰¹¹
185 5509 205 5537 ¹¹
219 5502 352 5558 electione
377 5501 443 5574 quid
469 5500 670 5572 desideremus,
696 5504 850 5575 expositum
872 5504 953 5561 fuit
945 5524 974 5562 111
993 5511 1047 5563 trs·
1072 5507 1167 5577 jurare
1184 5508 1213 5562 in
1230 5509 1341 5566 decreta
1358 5501 1478 5561 Romani
1499 5506 1640 5573 pontificis
1665 5515 1693 5566 et
1717 5512 1825 5574 concilii
1844 5512 1904 5581 Tri
