<?xml version="1.0" encoding="UTF-8"?>
<!DOCTYPE html PUBLIC "-//W3C//DTD XHTML 1.0 Transitional//EN"
    "http://www.w3.org/TR/xhtml1/DTD/xhtml1-transitional.dtd">
<html xmlns="http://www.w3.org/1999/xhtml" xml:lang="en" lang="en">
 <head>
  <title>
</title>
<meta http-equiv="Content-Type" content="text/html;charset=utf-8" />
  <meta name='ocr-system' content='tesseract 3.04.00' />
  <meta name='ocr-capabilities' content='ocr_page ocr_carea ocr_par ocr_line ocrx_word'/>
</head>
<body>
  <div class='ocr_page' id='page_1' title='image "./locitheologicic01gerhgoog/locitheologicic01gerhgoog_0285.png"; bbox 0 0 4020 6014; ppageno 0'>
   <div class='ocr_carea' id='block_1_1' title="bbox 273 267 1392 338">
    <p class='ocr_par' dir='ltr' id='par_1_1' title="bbox 273 267 1392 338">
     <span class='ocr_line' id='line_1_1' title="bbox 273 267 1392 338; baseline -0.009 0"><span class='ocrx_word' id='word_1_1' title='bbox 273 276 333 338; x_wconf 76' lang='grc'><strong>276</strong></span> <span class='ocrx_word' id='word_1_2' title='bbox 850 269 971 329; x_wconf 84' lang='lat' dir='ltr'>LOCUS</span> <span class='ocrx_word' id='word_1_3' title='bbox 990 267 1194 327; x_wconf 85' lang='lat' dir='ltr'><strong>VlCESlMUS</strong></span> <span class='ocrx_word' id='word_1_4' title='bbox 1214 268 1392 333; x_wconf 80' lang='lat' dir='ltr'>QUARTUS</span> 
     </span>
    </p>
   </div>
   <div class='ocr_carea' id='block_1_2' title="bbox 144 422 2006 5486">
    <p class='ocr_par' dir='ltr' id='par_1_2' title="bbox 272 422 1966 498">
     <span class='ocr_line' id='line_1_2' title="bbox 272 422 1966 498; baseline -0.002 -18"><span class='ocrx_word' id='word_1_5' title='bbox 272 435 417 483; x_wconf 86' lang='lat' dir='ltr'><strong>monentur</strong></span> <span class='ocrx_word' id='word_1_6' title='bbox 430 445 462 482; x_wconf 91' lang='lat' dir='ltr'><strong>ac</strong></span> <span class='ocrx_word' id='word_1_7' title='bbox 474 428 544 482; x_wconf 86' lang='lat' dir='ltr'><strong>vitia</strong></span> <span class='ocrx_word' id='word_1_8' title='bbox 555 444 647 483; x_wconf 80' lang='lat' dir='ltr'><strong>cenam</strong></span> <span class='ocrx_word' id='word_1_9' title='bbox 659 426 847 498; x_wconf 68' lang='lat' dir='ltr'><strong>corriguntur!</strong></span> <span class='ocrx_word' id='word_1_10' title='bbox 867 432 889 482; x_wconf 85' lang='grc'><strong>6.</strong></span> <span class='ocrx_word' id='word_1_11' title='bbox 903 426 1031 497; x_wconf 90' lang='lat' dir='ltr'><strong>Denique</strong></span> <span class='ocrx_word' id='word_1_12' title='bbox 1042 426 1103 496; x_wconf 88' lang='lat' dir='ltr'><strong>ipsa</strong></span> <span class='ocrx_word' id='word_1_13' title='bbox 1128 431 1190 477; x_wconf 88' lang='lat' dir='ltr'><strong>tata</strong></span> <span class='ocrx_word' id='word_1_14' title='bbox 1207 430 1248 476; x_wconf 86' lang='lat' dir='ltr'><strong>est</strong></span> <span class='ocrx_word' id='word_1_15' title='bbox 1267 423 1310 476; x_wconf 88' lang='lat' dir='ltr'><strong>nel</strong></span> <span class='ocrx_word' id='word_1_16' title='bbox 1329 423 1425 492; x_wconf 78' lang='lat' dir='ltr'><strong>effecit.</strong></span> <span class='ocrx_word' id='word_1_17' title='bbox 1465 422 1544 484; x_wconf 83' lang='lat' dir='ltr'><strong>Qnae</strong></span> <span class='ocrx_word' id='word_1_18' title='bbox 1562 424 1650 477; x_wconf 86' lang='lat' dir='ltr'><strong>molta</strong></span> <span class='ocrx_word' id='word_1_19' title='bbox 1666 431 1748 490; x_wconf 82' lang='lat' dir='ltr'><strong>sunt,</strong></span> <span class='ocrx_word' id='word_1_20' title='bbox 1766 439 1820 493; x_wconf 85' lang='lat' dir='ltr'><strong>per</strong></span> <span class='ocrx_word' id='word_1_21' title='bbox 1838 422 1966 477; x_wconf 84' lang='lat' dir='ltr'><strong>ordinem</strong></span> 
     </span>
    </p>

    <p class='ocr_par' dir='ltr' id='par_1_3' title="bbox 273 509 1967 589">
     <span class='ocr_line' id='line_1_3' title="bbox 273 509 1967 589; baseline -0.001 -25"><span class='ocrx_word' id='word_1_22' title='bbox 273 515 446 581; x_wconf 68' lang='lat' dir='ltr'><strong><em>experientia</em></strong></span> <span class='ocrx_word' id='word_1_23' title='bbox 473 513 628 582; x_wconf 87' lang='lat' dir='ltr'><strong>confirmat,</strong></span> <span class='ocrx_word' id='word_1_24' title='bbox 652 514 742 567; x_wconf 86' lang='lat' dir='ltr'><strong>varias</strong></span> <span class='ocrx_word' id='word_1_25' title='bbox 771 520 880 568; x_wconf 82' lang='lat' dir='ltr'><strong>exstare</strong></span> <span class='ocrx_word' id='word_1_26' title='bbox 897 512 1003 582; x_wconf 83' lang='lat' dir='ltr'><strong>politici</strong></span> <span class='ocrx_word' id='word_1_27' title='bbox 1032 511 1103 582; x_wconf 87' lang='lat' dir='ltr'><strong>regi·</strong></span> <span class='ocrx_word' id='word_1_28' title='bbox 1128 527 1212 561; x_wconf 73' lang='lat' dir='ltr'><strong>senam</strong></span> <span class='ocrx_word' id='word_1_29' title='bbox 1232 510 1301 573; x_wconf 72' lang='lat' dir='ltr'><strong>fiant</strong></span> <span class='ocrx_word' id='word_1_30' title='bbox 1314 511 1528 589; x_wconf 75' lang='lat' dir='ltr'><strong>quodammodo.</strong></span> <span class='ocrx_word' id='word_1_31' title='bbox 1558 515 1583 564; x_wconf 85' lang='lat'><strong>2.</strong></span> <span class='ocrx_word' id='word_1_32' title='bbox 1601 509 1678 563; x_wconf 88' lang='lat' dir='ltr'><strong>luter</strong></span> <span class='ocrx_word' id='word_1_33' title='bbox 1699 509 1774 578; x_wconf 89' lang='lat' dir='ltr'><strong>ipsos</strong></span> <span class='ocrx_word' id='word_1_34' title='bbox 1791 510 1908 580; x_wconf 75' lang='lat' dir='ltr'><strong>angelos</strong></span> <span class='ocrx_word' id='word_1_35' title='bbox 1925 514 1967 563; x_wconf 82' lang='lat' dir='ltr'><strong>est</strong></span> 
     </span>
    </p>

    <p class='ocr_par' dir='ltr' id='par_1_4' title="bbox 273 595 1966 670">
     <span class='ocr_line' id='line_1_4' title="bbox 273 595 1966 670; baseline -0.001 -20"><span class='ocrx_word' id='word_1_36' title='bbox 273 599 353 653; x_wconf 91' lang='lat' dir='ltr'><strong>minis</strong></span> <span class='ocrx_word' id='word_1_37' title='bbox 371 600 477 670; x_wconf 88' lang='lat' dir='ltr'><strong>species</strong></span> <span class='ocrx_word' id='word_1_38' title='bbox 496 599 637 654; x_wconf 87' lang='lat' dir='ltr'><strong>etformas</strong></span> <span class='ocrx_word' id='word_1_39' title='bbox 650 600 678 652; x_wconf 93' lang='lat' dir='ltr'><strong>in</strong></span> <span class='ocrx_word' id='word_1_40' title='bbox 691 599 806 652; x_wconf 88' lang='lat' dir='ltr'><strong>diversis</strong></span> <span class='ocrx_word' id='word_1_41' title='bbox 824 598 926 669; x_wconf 89' lang='lat' dir='ltr'><strong>regnis,</strong></span> <span class='ocrx_word' id='word_1_42' title='bbox 945 597 1102 667; x_wconf 81' lang='lat' dir='ltr'><strong>provinciis,</strong></span> <span class='ocrx_word' id='word_1_43' title='bbox 1129 595 1241 664; x_wconf 91' lang='lat' dir='ltr'><strong>quidam</strong></span> <span class='ocrx_word' id='word_1_44' title='bbox 1264 595 1331 649; x_wconf 93' lang='lat' dir='ltr'><strong>ordo</strong></span> <span class='ocrx_word' id='word_1_45' title='bbox 1359 595 1491 648; x_wconf 89' lang='lat' dir='ltr'><strong>divinitus</strong></span> <span class='ocrx_word' id='word_1_46' title='bbox 1513 596 1688 650; x_wconf 88' lang='lat' dir='ltr'><strong>constitutus.</strong></span> <span class='ocrx_word' id='word_1_47' title='bbox 1727 595 1799 651; x_wconf 88' lang='lat' dir='ltr'>Sunt</span> <span class='ocrx_word' id='word_1_48' title='bbox 1817 596 1857 650; x_wconf 89' lang='lat' dir='ltr'><strong>ibi</strong></span> <span class='ocrx_word' id='word_1_49' title='bbox 1876 598 1966 664; x_wconf 72' lang='lat' dir='ltr'><strong>seda,</strong></span> 
     </span>
    </p>

    <p class='ocr_par' dir='ltr' id='par_1_5' title="bbox 272 682 1966 755">
     <span class='ocr_line' id='line_1_5' title="bbox 272 682 1966 755; baseline 0 -19"><span class='ocrx_word' id='word_1_50' title='bbox 272 684 431 755; x_wconf 75' lang='lat' dir='ltr'>regionibus</span> <span class='ocrx_word' id='word_1_51' title='bbox 449 703 482 738; x_wconf 90' lang='lat' dir='ltr'><strong>ac</strong></span> <span class='ocrx_word' id='word_1_52' title='bbox 501 684 667 742; x_wconf 85' lang='lat' dir='ltr'><strong>civitatibus.</strong></span> <span class='ocrx_word' id='word_1_53' title='bbox 1128 685 1193 734; x_wconf 91' lang='lat' dir='ltr'><strong>suut</strong></span> <span class='ocrx_word' id='word_1_54' title='bbox 1211 682 1429 748; x_wconf 86' lang='lat' dir='ltr'><strong>dominationes,</strong></span> <span class='ocrx_word' id='word_1_55' title='bbox 1455 687 1519 734; x_wconf 90' lang='lat' dir='ltr'><strong>sunt</strong></span> <span class='ocrx_word' id='word_1_56' title='bbox 1540 683 1736 752; x_wconf 82' lang='lat' dir='ltr'><strong>principatus,</strong></span> <span class='ocrx_word' id='word_1_57' title='bbox 1760 688 1827 736; x_wconf 89' lang='lat' dir='ltr'><strong>sunt</strong></span> <span class='ocrx_word' id='word_1_58' title='bbox 1839 691 1966 750; x_wconf 86' lang='lat' dir='ltr'><strong>potcsta-</strong></span> 
     </span>
    </p>

    <p class='ocr_par' dir='ltr' id='par_1_6' title="bbox 147 765 1966 839">
     <span class='ocr_line' id='line_1_6' title="bbox 147 765 1966 839; baseline -0.002 -15"><span class='ocrx_word' id='word_1_59' title='bbox 147 772 207 814; x_wconf 79' lang='lat'>1111.</span> <span class='ocrx_word' id='word_1_60' title='bbox 213 771 259 814; x_wconf 67' lang='grc' dir='ltr'><strong>ιιι</strong></span> <span class='ocrx_word' id='word_1_61' title='bbox 307 777 348 827; x_wconf 87' lang='grc'><strong>25,</strong></span> <span class='ocrx_word' id='word_1_62' title='bbox 384 771 526 825; x_wconf 88' lang='lat' dir='ltr'><strong>Pertinent</strong></span> <span class='ocrx_word' id='word_1_63' title='bbox 549 771 585 823; x_wconf 87' lang='lat' dir='ltr'><strong>ad</strong></span> <span class='ocrx_word' id='word_1_64' title='bbox 610 770 683 823; x_wconf 88' lang='lat' dir='ltr'><strong>hunc</strong></span> <span class='ocrx_word' id='word_1_65' title='bbox 711 769 800 823; x_wconf 90' lang='lat' dir='ltr'><strong>locum</strong></span> <span class='ocrx_word' id='word_1_66' title='bbox 827 769 898 823; x_wconf 91' lang='lat' dir='ltr'><strong>duae</strong></span> <span class='ocrx_word' id='word_1_67' title='bbox 920 767 1101 838; x_wconf 89' lang='lat' dir='ltr'><strong>quaestiones.</strong></span> <span class='ocrx_word' id='word_1_68' title='bbox 1128 772 1238 821; x_wconf 81' lang='lat' dir='ltr'><strong>terete.</strong></span> <span class='ocrx_word' id='word_1_69' title='bbox 1275 765 1572 822; x_wconf 68' lang='lat' dir='ltr'><strong>Damascenorum</strong></span> <span class='ocrx_word' id='word_1_70' title='bbox 1590 768 1699 824; x_wconf 83' lang='grc' dir='ltr'>οιιιιοιι.</span> <span class='ocrx_word' id='word_1_71' title='bbox 1719 767 1765 824; x_wconf 85' lang='lat' dir='ltr'><strong>tid.</strong></span> <span class='ocrx_word' id='word_1_72' title='bbox 1785 786 1808 823; x_wconf 91' lang='lat' dir='ltr'><strong>c</strong></span> <span class='ocrx_word' id='word_1_73' title='bbox 1824 774 1850 824; x_wconf 83' lang='lat'><strong>3.</strong></span> <span class='ocrx_word' id='word_1_74' title='bbox 1866 770 1966 839; x_wconf 79' lang='grc' dir='ltr'>ιιιιιφι·</span> 
     </span>
    </p>

    <p class='ocr_par' dir='ltr' id='par_1_7' title="bbox 144 834 1966 935">
     <span class='ocr_line' id='line_1_7' title="bbox 144 834 1966 935; baseline -0.002 -26"><span class='ocrx_word' id='word_1_75' title='bbox 144 834 210 925; x_wconf 44' lang='grc' dir='ltr'><strong>ἓξ,</strong></span> <span class='ocrx_word' id='word_1_76' title='bbox 208 834 258 935; x_wconf 58' lang='lat' dir='ltr'><strong>{fis</strong></span> <span class='ocrx_word' id='word_1_77' title='bbox 272 856 365 926; x_wconf 82' lang='lat' dir='ltr'><strong>Prior,</strong></span> <span class='ocrx_word' id='word_1_78' title='bbox 389 876 426 909; x_wconf 89' lang='lat' dir='ltr'><strong>an</strong></span> <span class='ocrx_word' id='word_1_79' title='bbox 452 859 574 925; x_wconf 73' lang='lat' dir='ltr'><strong>regimen</strong></span> <span class='ocrx_word' id='word_1_80' title='bbox 594 857 741 923; x_wconf 84' lang='lat' dir='ltr'><strong>politicam</strong></span> <span class='ocrx_word' id='word_1_81' title='bbox 766 857 849 908; x_wconf 85' lang='lat' dir='ltr'><strong>etiam</strong></span> <span class='ocrx_word' id='word_1_82' title='bbox 872 855 901 906; x_wconf 85' lang='lat' dir='ltr'><strong>in</strong></span> <span class='ocrx_word' id='word_1_83' title='bbox 926 862 1002 906; x_wconf 81' lang='lat' dir='ltr'><strong>stata</strong></span> <span class='ocrx_word' id='word_1_84' title='bbox 1024 855 1101 906; x_wconf 87' lang='lat' dir='ltr'><strong>inno·</strong></span> <span class='ocrx_word' id='word_1_85' title='bbox 1113 839 1221 921; x_wconf 69' lang='lat' dir='ltr'><strong>locarit</strong></span> <span class='ocrx_word' id='word_1_86' title='bbox 1246 856 1317 906; x_wconf 75' lang='lat' dir='ltr'><strong>sicar</strong></span> <span class='ocrx_word' id='word_1_87' title='bbox 1343 850 1454 922; x_wconf 72' lang='grc' dir='ltr'>ἔγγειοι</span> <span class='ocrx_word' id='word_1_88' title='bbox 1488 851 1535 905; x_wconf 73' lang='lat' dir='ltr'><strong>att</strong></span> <span class='ocrx_word' id='word_1_89' title='bbox 1540 852 1613 920; x_wconf 78' lang='grc' dir='ltr'>ἡιων</span> <span class='ocrx_word' id='word_1_90' title='bbox 1639 856 1676 923; x_wconf 78' lang='lat' dir='ltr'><strong>rqi</strong></span> <span class='ocrx_word' id='word_1_91' title='bbox 1701 856 1837 927; x_wconf 76' lang='grc' dir='ltr'>φωτισμῴ</span> <span class='ocrx_word' id='word_1_92' title='bbox 1861 859 1910 907; x_wconf 76' lang='grc' dir='ltr'><strong>και</strong></span> <span class='ocrx_word' id='word_1_93' title='bbox 1935 857 1966 928; x_wconf 74' lang='grc' dir='ltr'><strong>τῇ</strong></span> 
     </span>
    </p>

    <p class='ocr_par' dir='ltr' id='par_1_8' title="bbox 144 895 1967 1041">
     <span class='ocr_line' id='line_1_8' title="bbox 144 895 1967 1041; baseline -0.001 -45"><span class='ocrx_word' id='word_1_94' title='bbox 144 895 257 1027; x_wconf 41' lang='lat' dir='ltr'><strong>“timim</strong></span> <span class='ocrx_word' id='word_1_95' title='bbox 272 944 377 996; x_wconf 83' lang='lat' dir='ltr'><strong>centina</strong></span> <span class='ocrx_word' id='word_1_96' title='bbox 393 944 483 997; x_wconf 69' lang='lat' dir='ltr'><strong>lomim</strong></span> <span class='ocrx_word' id='word_1_97' title='bbox 502 943 649 994; x_wconf 71' lang='lat' dir='ltr'><strong>inererat</strong></span> <span class='ocrx_word' id='word_1_98' title='bbox 672 941 820 1011; x_wconf 75' lang='lat' dir='ltr'>posterior,</span> <span class='ocrx_word' id='word_1_99' title='bbox 847 959 885 994; x_wconf 88' lang='lat' dir='ltr'><strong>an</strong></span> <span class='ocrx_word' id='word_1_100' title='bbox 903 941 933 993; x_wconf 86' lang='lat' dir='ltr'><strong>in</strong></span> <span class='ocrx_word' id='word_1_101' title='bbox 951 948 1026 992; x_wconf 83' lang='lat' dir='ltr'><strong>statu</strong></span> <span class='ocrx_word' id='word_1_102' title='bbox 1043 957 1102 994; x_wconf 87' lang='lat' dir='ltr'><strong>cor·</strong></span> <span class='ocrx_word' id='word_1_103' title='bbox 1126 937 1233 1041; x_wconf 80' lang='grc' dir='ltr'><em>στάσει,</em></span> <span class='ocrx_word' id='word_1_104' title='bbox 1259 941 1310 991; x_wconf 73' lang='lat' dir='ltr'><strong>elas</strong></span> <span class='ocrx_word' id='word_1_105' title='bbox 1335 939 1406 1039; x_wconf 75' lang='lat' dir='ltr'><strong>apic</strong></span> <span class='ocrx_word' id='word_1_106' title='bbox 1432 940 1479 991; x_wconf 83' lang='lat' dir='ltr'><strong>ror</strong></span> <span class='ocrx_word' id='word_1_107' title='bbox 1496 939 1643 1010; x_wconf 83' lang='grc' dir='ltr'>φωιισμὸν</span> <span class='ocrx_word' id='word_1_108' title='bbox 1671 940 1721 1006; x_wconf 81' lang='lat' dir='ltr'><strong>rip</strong></span> <span class='ocrx_word' id='word_1_109' title='bbox 1739 939 1838 994; x_wconf 80' lang='grc' dir='ltr'>σιιὶσιν</span> <span class='ocrx_word' id='word_1_110' title='bbox 1857 943 1967 1010; x_wconf 70' lang='grc' dir='ltr'><em>ἔχοντες</em></span> 
     </span>
    </p>

    <p class='ocr_par' dir='ltr' id='par_1_9' title="bbox 144 1022 1965 1129">
     <span class='ocr_line' id='line_1_9' title="bbox 144 1022 1965 1129; baseline 0.002 -51"><span class='ocrx_word' id='word_1_111' title='bbox 144 1043 218 1129; x_wconf 50' lang='lat' dir='ltr'><strong>repeton</strong></span> <span class='ocrx_word' id='word_1_112' title='bbox 223 1041 256 1078; x_wconf 82' lang='grc' dir='ltr'>ιιι-</span> <span class='ocrx_word' id='word_1_113' title='bbox 271 1029 411 1096; x_wconf 82' lang='lat' dir='ltr'><strong>ruptionis</strong></span> <span class='ocrx_word' id='word_1_114' title='bbox 424 1037 490 1096; x_wconf 87' lang='lat' dir='ltr'><strong>post</strong></span> <span class='ocrx_word' id='word_1_115' title='bbox 513 1028 623 1096; x_wconf 83' lang='lat' dir='ltr'><strong>lapsum</strong></span> <span class='ocrx_word' id='word_1_116' title='bbox 648 1028 725 1080; x_wconf 78' lang='lat' dir='ltr'><strong>illari</strong></span> <span class='ocrx_word' id='word_1_117' title='bbox 748 1028 785 1079; x_wconf 88' lang='lat' dir='ltr'><strong>sit</strong></span> <span class='ocrx_word' id='word_1_118' title='bbox 805 1026 1016 1079; x_wconf 66' lang='lat' dir='ltr'><strong>neeessariam!</strong></span> <span class='ocrx_word' id='word_1_119' title='bbox 1053 1022 1144 1079; x_wconf 89' lang='lat' dir='ltr'><strong>Ad</strong></span> <span class='ocrx_word' id='word_1_120' title='bbox 1128 1025 1232 1094; x_wconf 79' lang='grc' dir='ltr'>ηιιρός</span> <span class='ocrx_word' id='word_1_121' title='bbox 1249 1021 1419 1097; x_wconf 75' lang='grc' dir='ltr'>ιὴισιιίοιν</span> <span class='ocrx_word' id='word_1_122' title='bbox 1431 1024 1479 1078; x_wconf 78' lang='lat' dir='ltr'><strong>riv</strong></span> <span class='ocrx_word' id='word_1_123' title='bbox 1497 1025 1645 1097; x_wconf 77' lang='grc' dir='ltr'>φωτισμὸι</span> <span class='ocrx_word' id='word_1_124' title='bbox 1664 1026 1782 1095; x_wconf 58' lang='lat' dir='ltr'><strong>iporeae,</strong></span> <span class='ocrx_word' id='word_1_125' title='bbox 1800 1026 1849 1080; x_wconf 90' lang='lat' dir='ltr'><strong>ubi</strong></span> <span class='ocrx_word' id='word_1_126' title='bbox 1868 1032 1965 1096; x_wconf 78' lang='lat' dir='ltr'><strong>postes</strong></span> 
     </span>
    </p>

    <p class='ocr_par' dir='ltr' id='par_1_10' title="bbox 144 1101 1964 1185">
     <span class='ocr_line' id='line_1_10' title="bbox 144 1101 1964 1185; baseline 0 -18"><span class='ocrx_word' id='word_1_127' title='bbox 144 1101 201 1181; x_wconf 62' lang='lat' dir='ltr'><strong>fl„</strong></span> <span class='ocrx_word' id='word_1_128' title='bbox 203 1101 239 1181; x_wconf 83' lang='lat' dir='ltr'><strong>io·</strong></span> <span class='ocrx_word' id='word_1_129' title='bbox 271 1115 388 1184; x_wconf 82' lang='lat' dir='ltr'><strong>priorem</strong></span> <span class='ocrx_word' id='word_1_130' title='bbox 401 1113 589 1185; x_wconf 85' lang='lat' dir='ltr'><strong>quaestionem</strong></span> <span class='ocrx_word' id='word_1_131' title='bbox 609 1112 923 1183; x_wconf 87' lang='lat' dir='ltr'><strong>Augustinusnegative</strong></span> <span class='ocrx_word' id='word_1_132' title='bbox 936 1111 1103 1181; x_wconf 88' lang='lat' dir='ltr'><strong>respondere</strong></span> <span class='ocrx_word' id='word_1_133' title='bbox 1129 1125 1162 1163; x_wconf 87' lang='lat' dir='ltr'><strong>ex</strong></span> <span class='ocrx_word' id='word_1_134' title='bbox 1173 1108 1310 1179; x_wconf 77' lang='lat' dir='ltr'><strong>Dionysio</strong></span> <span class='ocrx_word' id='word_1_135' title='bbox 1330 1110 1366 1163; x_wconf 89' lang='lat' dir='ltr'><strong>dc</strong></span> <span class='ocrx_word' id='word_1_136' title='bbox 1385 1111 1441 1164; x_wconf 86' lang='lat' dir='ltr'><strong>div.</strong></span> <span class='ocrx_word' id='word_1_137' title='bbox 1454 1126 1525 1165; x_wconf 91' lang='lat' dir='ltr'><strong>nom.</strong></span> <span class='ocrx_word' id='word_1_138' title='bbox 1545 1111 1690 1166; x_wconf 90' lang='lat' dir='ltr'><strong>distinctos</strong></span> <span class='ocrx_word' id='word_1_139' title='bbox 1708 1112 1871 1182; x_wconf 80' lang='lat' dir='ltr'><strong>angelorum</strong></span> <span class='ocrx_word' id='word_1_140' title='bbox 1892 1113 1964 1167; x_wconf 87' lang='lat' dir='ltr'><strong>ordi·</strong></span> 
     </span>
    </p>

    <p class='ocr_par' dir='ltr' id='par_1_11' title="bbox 145 1194 1965 1293">
     <span class='ocr_line' id='line_1_11' title="bbox 145 1194 1965 1293; baseline -0.001 -41"><span class='ocrx_word' id='word_1_141' title='bbox 145 1194 249 1284; x_wconf 52' lang='lat' dir='ltr'><strong>{⁰¹¹¹ffi·</strong></span> <span class='ocrx_word' id='word_1_142' title='bbox 270 1200 380 1254; x_wconf 85' lang='lat' dir='ltr'><strong>videtur</strong></span> <span class='ocrx_word' id='word_1_143' title='bbox 406 1198 525 1253; x_wconf 79' lang='lat' dir='ltr'><strong>lib.19</strong></span> <span class='ocrx_word' id='word_1_144' title='bbox 552 1198 587 1255; x_wconf 88' lang='lat' dir='ltr'><strong>dc</strong></span> <span class='ocrx_word' id='word_1_145' title='bbox 606 1198 679 1254; x_wconf 83' lang='lat' dir='ltr'><strong>civit</strong></span> <span class='ocrx_word' id='word_1_146' title='bbox 698 1197 795 1252; x_wconf 90' lang='lat' dir='ltr'><strong>Deie</strong></span> <span class='ocrx_word' id='word_1_147' title='bbox 818 1204 863 1252; x_wconf 81' lang='lat' dir='ltr'><strong>ts:</strong></span> <span class='ocrx_word' id='word_1_148' title='bbox 890 1199 971 1250; x_wconf 82' lang='lat' dir='ltr'><strong>Deos</strong></span> <span class='ocrx_word' id='word_1_149' title='bbox 992 1196 1106 1293; x_wconf 73' lang='lat' dir='ltr'><strong>(inquit)</strong></span> <span class='ocrx_word' id='word_1_150' title='bbox 1130 1210 1178 1248; x_wconf 85' lang='lat' dir='ltr'><strong>nes</strong></span> <span class='ocrx_word' id='word_1_151' title='bbox 1195 1202 1328 1249; x_wconf 78' lang='lat' dir='ltr'><strong>recenset</strong></span> <span class='ocrx_word' id='word_1_152' title='bbox 1366 1200 1390 1250; x_wconf 90' lang='lat'><strong>3.</strong></span> <span class='ocrx_word' id='word_1_153' title='bbox 1410 1195 1647 1258; x_wconf 79' lang='lat' dir='ltr'><strong>Quemadmodum</strong></span> <span class='ocrx_word' id='word_1_154' title='bbox 1665 1197 1802 1266; x_wconf 88' lang='lat' dir='ltr'><strong>subjectio</strong></span> <span class='ocrx_word' id='word_1_155' title='bbox 1820 1197 1965 1263; x_wconf 89' lang='lat' dir='ltr'><strong>maritalis,</strong></span> 
     </span>
    </p>

    <p class='ocr_par' dir='ltr' id='par_1_12' title="bbox 271 1281 1967 1350">
     <span class='ocr_line' id='line_1_12' title="bbox 271 1281 1967 1350; baseline 0 -12"><span class='ocrx_word' id='word_1_156' title='bbox 271 1287 439 1339; x_wconf 80' lang='lat' dir='ltr'><strong>rationalem</strong></span> <span class='ocrx_word' id='word_1_157' title='bbox 455 1286 565 1348; x_wconf 82' lang='lat' dir='ltr'><strong>factam</strong></span> <span class='ocrx_word' id='word_1_158' title='bbox 584 1286 656 1336; x_wconf 87' lang='lat' dir='ltr'><strong>ad&#39;</strong></span> <span class='ocrx_word' id='word_1_159' title='bbox 644 1286 812 1350; x_wconf 78' lang='lat' dir='ltr'><strong>rmapinnem</strong></span> <span class='ocrx_word' id='word_1_160' title='bbox 830 1301 911 1336; x_wconf 85' lang='lat' dir='ltr'><strong>snam</strong></span> <span class='ocrx_word' id='word_1_161' title='bbox 938 1283 1029 1336; x_wconf 72' lang='lat' dir='ltr'><strong>nolunt</strong></span> <span class='ocrx_word' id='word_1_162' title='bbox 1048 1282 1106 1334; x_wconf 87' lang='lat' dir='ltr'><strong>nisi</strong></span> <span class='ocrx_word' id='word_1_163' title='bbox 1130 1297 1186 1350; x_wconf 92' lang='lat' dir='ltr'><strong>qua</strong></span> <span class='ocrx_word' id='word_1_164' title='bbox 1211 1281 1239 1334; x_wconf 92' lang='lat' dir='ltr'><strong>in</strong></span> <span class='ocrx_word' id='word_1_165' title='bbox 1267 1285 1343 1335; x_wconf 88' lang='lat' dir='ltr'><strong>statu</strong></span> <span class='ocrx_word' id='word_1_166' title='bbox 1368 1281 1452 1334; x_wconf 89' lang='lat' dir='ltr'><strong>etiam</strong></span> <span class='ocrx_word' id='word_1_167' title='bbox 1478 1282 1652 1337; x_wconf 79' lang='lat' dir='ltr'><strong>innocentiae</strong></span> <span class='ocrx_word' id='word_1_168' title='bbox 1679 1301 1746 1338; x_wconf 89' lang='lat' dir='ltr'><strong>uxor</strong></span> <span class='ocrx_word' id='word_1_169' title='bbox 1774 1285 1912 1338; x_wconf 83' lang='lat' dir='ltr'><strong>voluntati</strong></span> <span class='ocrx_word' id='word_1_170' title='bbox 1938 1291 1967 1338; x_wconf 83' lang='grc' dir='ltr'><strong>ιι</strong></span> 
     </span>
    </p>

    <p class='ocr_par' dir='ltr' id='par_1_13' title="bbox 271 1365 1966 1440">
     <span class='ocr_line' id='line_1_13' title="bbox 271 1365 1966 1440; baseline 0 -17"><span class='ocrx_word' id='word_1_171' title='bbox 271 1371 517 1424; x_wconf 74' lang='lat' dir='ltr'><strong>irrationabilibus</strong></span> <span class='ocrx_word' id='word_1_172' title='bbox 532 1370 684 1431; x_wconf 83' lang='lat' dir='ltr'><strong>dominari,</strong></span> <span class='ocrx_word' id='word_1_173' title='bbox 703 1387 758 1422; x_wconf 88' lang='lat' dir='ltr'><strong>non</strong></span> <span class='ocrx_word' id='word_1_174' title='bbox 771 1370 909 1423; x_wconf 77' lang='lat' dir='ltr'><strong>hominem</strong></span> <span class='ocrx_word' id='word_1_175' title='bbox 923 1370 1035 1436; x_wconf 77' lang='lat' dir='ltr'><strong>homini,</strong></span> <span class='ocrx_word' id='word_1_176' title='bbox 1054 1369 1104 1420; x_wconf 85' lang='lat' dir='ltr'><strong>red</strong></span> <span class='ocrx_word' id='word_1_177' title='bbox 1130 1366 1250 1420; x_wconf 90' lang='lat' dir='ltr'><strong>dominio</strong></span> <span class='ocrx_word' id='word_1_178' title='bbox 1279 1367 1370 1420; x_wconf 89' lang='lat' dir='ltr'><strong>mariti</strong></span> <span class='ocrx_word' id='word_1_179' title='bbox 1395 1365 1495 1421; x_wconf 87' lang='lat' dir='ltr'><strong>fuisset</strong></span> <span class='ocrx_word' id='word_1_180' title='bbox 1522 1368 1663 1437; x_wconf 88' lang='lat' dir='ltr'><strong>subjecta,</strong></span> <span class='ocrx_word' id='word_1_181' title='bbox 1690 1388 1745 1423; x_wconf 93' lang='lat' dir='ltr'><strong>non</strong></span> <span class='ocrx_word' id='word_1_182' title='bbox 1770 1378 1879 1440; x_wconf 82' lang='lat' dir='ltr'><strong>pugnat</strong></span> <span class='ocrx_word' id='word_1_183' title='bbox 1901 1387 1966 1424; x_wconf 90' lang='lat' dir='ltr'><strong>cum</strong></span> 
     </span>
    </p>

    <p class='ocr_par' dir='ltr' id='par_1_14' title="bbox 270 1451 1965 1526">
     <span class='ocr_line' id='line_1_14' title="bbox 270 1451 1965 1526; baseline 0 -17"><span class='ocrx_word' id='word_1_184' title='bbox 270 1459 406 1511; x_wconf 82' lang='lat' dir='ltr'><strong>laminam</strong></span> <span class='ocrx_word' id='word_1_185' title='bbox 421 1458 529 1525; x_wconf 66' lang='lat' dir='ltr'><strong>peram,</strong></span> <span class='ocrx_word' id='word_1_186' title='bbox 551 1456 617 1507; x_wconf 81' lang='lat' dir='ltr'><strong>inde</strong></span> <span class='ocrx_word' id='word_1_187' title='bbox 632 1456 721 1524; x_wconf 85' lang='lat' dir='ltr'><strong>primi</strong></span> <span class='ocrx_word' id='word_1_188' title='bbox 733 1456 809 1523; x_wconf 82' lang='lat' dir='ltr'><strong>justi</strong></span> <span class='ocrx_word' id='word_1_189' title='bbox 823 1464 954 1524; x_wconf 79' lang='lat' dir='ltr'><strong>pastores</strong></span> <span class='ocrx_word' id='word_1_190' title='bbox 972 1471 1104 1524; x_wconf 80' lang='lat' dir='ltr'><strong>pecorum</strong></span> <span class='ocrx_word' id='word_1_191' title='bbox 1130 1451 1250 1522; x_wconf 81' lang='lat' dir='ltr'><strong>imagine</strong></span> <span class='ocrx_word' id='word_1_192' title='bbox 1266 1452 1326 1515; x_wconf 89' lang='lat' dir='ltr'><strong>Dei,</strong></span> <span class='ocrx_word' id='word_1_193' title='bbox 1345 1453 1380 1506; x_wconf 90' lang='lat' dir='ltr'><strong>ad</strong></span> <span class='ocrx_word' id='word_1_194' title='bbox 1402 1470 1486 1524; x_wconf 90' lang='lat' dir='ltr'><strong>quam</strong></span> <span class='ocrx_word' id='word_1_195' title='bbox 1499 1453 1617 1509; x_wconf 79' lang='lat' dir='ltr'><strong>feminae</strong></span> <span class='ocrx_word' id='word_1_196' title='bbox 1636 1471 1689 1509; x_wconf 91' lang='lat' dir='ltr'><strong>non</strong></span> <span class='ocrx_word' id='word_1_197' title='bbox 1707 1457 1798 1509; x_wconf 89' lang='lat' dir='ltr'><strong>minus</strong></span> <span class='ocrx_word' id='word_1_198' title='bbox 1811 1472 1894 1526; x_wconf 89' lang='lat' dir='ltr'><strong>quam</strong></span> <span class='ocrx_word' id='word_1_199' title='bbox 1913 1455 1965 1509; x_wconf 84' lang='lat' dir='ltr'><strong>riri</strong></span> 
     </span>
    </p>

    <p class='ocr_par' dir='ltr' id='par_1_15' title="bbox 269 1539 1965 1611">
     <span class='ocr_line' id='line_1_15' title="bbox 269 1539 1965 1611; baseline 0.001 -16"><span class='ocrx_word' id='word_1_200' title='bbox 269 1545 360 1611; x_wconf 80' lang='lat' dir='ltr'><strong>mapis</strong></span> <span class='ocrx_word' id='word_1_201' title='bbox 379 1560 463 1611; x_wconf 82' lang='lat' dir='ltr'><strong>qoam</strong></span> <span class='ocrx_word' id='word_1_202' title='bbox 481 1557 561 1608; x_wconf 79' lang='lat' dir='ltr'><strong>repes</strong></span> <span class='ocrx_word' id='word_1_203' title='bbox 579 1542 718 1594; x_wconf 79' lang='lat' dir='ltr'><strong>hominnm</strong></span> <span class='ocrx_word' id='word_1_204' title='bbox 732 1543 876 1595; x_wconf 77' lang='lat' dir='ltr'><strong>constituti</strong></span> <span class='ocrx_word' id='word_1_205' title='bbox 885 1549 957 1610; x_wconf 77' lang='lat' dir='ltr'><strong>mant,</strong></span> <span class='ocrx_word' id='word_1_206' title='bbox 975 1549 1006 1594; x_wconf 84' lang='lat' dir='ltr'><strong>at</strong></span> <span class='ocrx_word' id='word_1_207' title='bbox 1018 1541 1103 1593; x_wconf 85' lang='lat' dir='ltr'><strong>etiam</strong></span> <span class='ocrx_word' id='word_1_208' title='bbox 1130 1539 1273 1605; x_wconf 86' lang='lat' dir='ltr'><strong>conditae,</strong></span> <span class='ocrx_word' id='word_1_209' title='bbox 1296 1545 1337 1593; x_wconf 87' lang='lat' dir='ltr'><strong>tta</strong></span> <span class='ocrx_word' id='word_1_210' title='bbox 1356 1556 1465 1610; x_wconf 91' lang='lat' dir='ltr'><strong>quoque</strong></span> <span class='ocrx_word' id='word_1_211' title='bbox 1489 1540 1578 1595; x_wconf 85' lang='lat' dir='ltr'><strong>civilis</strong></span> <span class='ocrx_word' id='word_1_212' title='bbox 1602 1541 1753 1611; x_wconf 89' lang='lat' dir='ltr'><strong>subjectio,</strong></span> <span class='ocrx_word' id='word_1_213' title='bbox 1771 1550 1848 1597; x_wconf 89' lang='lat' dir='ltr'><strong>certo</strong></span> <span class='ocrx_word' id='word_1_214' title='bbox 1867 1560 1902 1597; x_wconf 89' lang='lat' dir='ltr'><strong>ac</strong></span> <span class='ocrx_word' id='word_1_215' title='bbox 1919 1543 1965 1597; x_wconf 89' lang='lat' dir='ltr'><strong>ds-</strong></span> 
     </span>
    </p>

    <p class='ocr_par' dir='ltr' id='par_1_16' title="bbox 269 1624 1964 1698">
     <span class='ocr_line' id='line_1_16' title="bbox 269 1624 1964 1698; baseline 0.001 -19"><span class='ocrx_word' id='word_1_216' title='bbox 269 1631 311 1681; x_wconf 85' lang='lat' dir='ltr'><strong>sic</strong></span> <span class='ocrx_word' id='word_1_217' title='bbox 332 1629 485 1681; x_wconf 82' lang='lat' dir='ltr'><strong>insinuaret</strong></span> <span class='ocrx_word' id='word_1_218' title='bbox 507 1631 592 1689; x_wconf 80' lang='lat' dir='ltr'><strong>Deus,</strong></span> <span class='ocrx_word' id='word_1_219' title='bbox 612 1628 683 1696; x_wconf 79' lang='lat' dir='ltr'><strong>qnid</strong></span> <span class='ocrx_word' id='word_1_220' title='bbox 695 1627 853 1694; x_wconf 84' lang='lat' dir='ltr'><strong>postularet</strong></span> <span class='ocrx_word' id='word_1_221' title='bbox 871 1629 942 1680; x_wconf 87' lang='lat' dir='ltr'><strong>ordo</strong></span> <span class='ocrx_word' id='word_1_222' title='bbox 960 1635 1103 1680; x_wconf 71' lang='lat' dir='ltr'><strong>meatnra·</strong></span> <span class='ocrx_word' id='word_1_223' title='bbox 1131 1624 1277 1679; x_wconf 88' lang='lat' dir='ltr'><strong>terminato</strong></span> <span class='ocrx_word' id='word_1_224' title='bbox 1304 1624 1385 1679; x_wconf 94' lang='lat' dir='ltr'><strong>modo</strong></span> <span class='ocrx_word' id='word_1_225' title='bbox 1414 1642 1473 1680; x_wconf 89' lang='lat' dir='ltr'><strong>sese</strong></span> <span class='ocrx_word' id='word_1_226' title='bbox 1500 1626 1619 1690; x_wconf 88' lang='lat' dir='ltr'><strong>habeus,</strong></span> <span class='ocrx_word' id='word_1_227' title='bbox 1648 1644 1702 1681; x_wconf 90' lang='lat' dir='ltr'><strong>non</strong></span> <span class='ocrx_word' id='word_1_228' title='bbox 1725 1635 1880 1698; x_wconf 76' lang='lat' dir='ltr'><strong>pugnasset</strong></span> <span class='ocrx_word' id='word_1_229' title='bbox 1901 1644 1964 1682; x_wconf 89' lang='lat' dir='ltr'><strong>cum</strong></span> 
     </span>
    </p>

    <p class='ocr_par' dir='ltr' id='par_1_17' title="bbox 270 1709 1963 1783">
     <span class='ocr_line' id='line_1_17' title="bbox 270 1709 1963 1783; baseline 0 -15"><span class='ocrx_word' id='word_1_230' title='bbox 270 1734 332 1768; x_wconf 85' lang='lat' dir='ltr'><strong>ram</strong></span> <span class='ocrx_word' id='word_1_231' title='bbox 354 1723 379 1767; x_wconf 83' lang='lat' dir='ltr'><strong>at</strong></span> <span class='ocrx_word' id='word_1_232' title='bbox 396 1715 467 1783; x_wconf 81' lang='lat' dir='ltr'><strong>qnid</strong></span> <span class='ocrx_word' id='word_1_233' title='bbox 484 1713 575 1780; x_wconf 71' lang='lat' dir='ltr'><strong>exigat</strong></span> <span class='ocrx_word' id='word_1_234' title='bbox 599 1714 724 1765; x_wconf 86' lang='lat' dir='ltr'><strong>meritam</strong></span> <span class='ocrx_word' id='word_1_235' title='bbox 745 1722 934 1783; x_wconf 85' lang='lat' dir='ltr'><strong>peccatoram.</strong></span> <span class='ocrx_word' id='word_1_236' title='bbox 972 1714 1104 1768; x_wconf 79' lang='lat' dir='ltr'><strong>Conditio</strong></span> <span class='ocrx_word' id='word_1_237' title='bbox 1130 1715 1205 1764; x_wconf 84' lang='lat' dir='ltr'><strong>statu</strong></span> <span class='ocrx_word' id='word_1_238' title='bbox 1231 1709 1387 1779; x_wconf 83' lang='lat' dir='ltr'><strong>primaevae</strong></span> <span class='ocrx_word' id='word_1_239' title='bbox 1411 1710 1554 1766; x_wconf 77' lang='lat' dir='ltr'><strong>libertatis.</strong></span> <span class='ocrx_word' id='word_1_240' title='bbox 1604 1720 1626 1768; x_wconf 87' lang='grc'><strong>4.</strong></span> <span class='ocrx_word' id='word_1_241' title='bbox 1656 1712 1747 1767; x_wconf 91' lang='lat' dir='ltr'><strong>Homo</strong></span> <span class='ocrx_word' id='word_1_242' title='bbox 1773 1715 1812 1768; x_wconf 88' lang='lat' dir='ltr'><strong>ita</strong></span> <span class='ocrx_word' id='word_1_243' title='bbox 1836 1714 1963 1769; x_wconf 84' lang='lat' dir='ltr'><strong>conditus</strong></span> 
     </span>
    </p>

    <p class='ocr_par' dir='ltr' id='par_1_18' title="bbox 274 1794 1964 1870">
     <span class='ocr_line' id='line_1_18' title="bbox 274 1794 1964 1870; baseline 0 -17"><span class='ocrx_word' id='word_1_244' title='bbox 274 1804 377 1870; x_wconf 82' lang='lat' dir='ltr'><strong>qnippe</strong></span> <span class='ocrx_word' id='word_1_245' title='bbox 399 1801 540 1852; x_wconf 79' lang='lat' dir='ltr'><strong>servitutis</strong></span> <span class='ocrx_word' id='word_1_246' title='bbox 560 1800 630 1867; x_wconf 84' lang='lat' dir='ltr'><strong>jare</strong></span> <span class='ocrx_word' id='word_1_247' title='bbox 657 1799 826 1867; x_wconf 75' lang='lat' dir='ltr'><strong>intelligitur</strong></span> <span class='ocrx_word' id='word_1_248' title='bbox 850 1801 981 1868; x_wconf 84' lang='lat' dir='ltr'><strong>imposita</strong></span> <span class='ocrx_word' id='word_1_249' title='bbox 1002 1815 1104 1870; x_wconf 84' lang='lat' dir='ltr'><strong>pecco·</strong></span> <span class='ocrx_word' id='word_1_250' title='bbox 1132 1801 1174 1848; x_wconf 87' lang='lat' dir='ltr'><strong>est</strong></span> <span class='ocrx_word' id='word_1_251' title='bbox 1198 1811 1215 1848; x_wconf 90' lang='lat' dir='ltr'><strong>a</strong></span> <span class='ocrx_word' id='word_1_252' title='bbox 1238 1794 1313 1864; x_wconf 90' lang='lat' dir='ltr'><strong>Deo,</strong></span> <span class='ocrx_word' id='word_1_253' title='bbox 1339 1809 1369 1850; x_wconf 91' lang='lat' dir='ltr'><strong>ut</strong></span> <span class='ocrx_word' id='word_1_254' title='bbox 1387 1796 1486 1869; x_wconf 73' lang='grc' dir='ltr'>φύσει,</span> <span class='ocrx_word' id='word_1_255' title='bbox 1509 1804 1621 1866; x_wconf 89' lang='lat' dir='ltr'><strong>natura,</strong></span> <span class='ocrx_word' id='word_1_256' title='bbox 1649 1800 1685 1853; x_wconf 89' lang='lat' dir='ltr'><strong>sit</strong></span> <span class='ocrx_word' id='word_1_257' title='bbox 1703 1800 1804 1853; x_wconf 88' lang='lat' dir='ltr'><strong>animal</strong></span> <span class='ocrx_word' id='word_1_258' title='bbox 1823 1800 1964 1867; x_wconf 78' lang='lat' dir='ltr'><strong>sociabile,</strong></span> 
     </span>
    </p>

    <p class='ocr_par' dir='ltr' id='par_1_19' title="bbox 274 1881 1965 1956">
     <span class='ocr_line' id='line_1_19' title="bbox 274 1881 1965 1956; baseline 0 -16"><span class='ocrx_word' id='word_1_259' title='bbox 274 1889 344 1950; x_wconf 88' lang='lat' dir='ltr'><strong>tori,</strong></span> <span class='ocrx_word' id='word_1_260' title='bbox 365 1887 487 1955; x_wconf 84' lang='lat' dir='ltr'><strong>proinde</strong></span> <span class='ocrx_word' id='word_1_261' title='bbox 511 1903 648 1955; x_wconf 81' lang='lat' dir='ltr'><strong>nusquam</strong></span> <span class='ocrx_word' id='word_1_262' title='bbox 671 1886 788 1955; x_wconf 72' lang='lat' dir='ltr'><strong>legimns</strong></span> <span class='ocrx_word' id='word_1_263' title='bbox 807 1903 931 1943; x_wconf 83' lang='lat' dir='ltr'><strong>servum.</strong></span> <span class='ocrx_word' id='word_1_264' title='bbox 957 1895 1104 1954; x_wconf 71' lang='lat' dir='ltr'><strong>artemiam</strong></span> <span class='ocrx_word' id='word_1_265' title='bbox 1131 1881 1204 1935; x_wconf 89' lang='lat' dir='ltr'><strong>unde</strong></span> <span class='ocrx_word' id='word_1_266' title='bbox 1227 1883 1334 1936; x_wconf 91' lang='lat' dir='ltr'><strong>interno</strong></span> <span class='ocrx_word' id='word_1_267' title='bbox 1359 1891 1473 1937; x_wconf 88' lang='lat' dir='ltr'><strong>naturae</strong></span> <span class='ocrx_word' id='word_1_268' title='bbox 1498 1884 1629 1939; x_wconf 89' lang='lat' dir='ltr'><strong>instinctu</strong></span> <span class='ocrx_word' id='word_1_269' title='bbox 1651 1892 1735 1956; x_wconf 89' lang='lat' dir='ltr'><strong>atque</strong></span> <span class='ocrx_word' id='word_1_270' title='bbox 1752 1886 1859 1956; x_wconf 90' lang='lat' dir='ltr'><strong>impetu</strong></span> <span class='ocrx_word' id='word_1_271' title='bbox 1876 1887 1965 1940; x_wconf 85' lang='lat' dir='ltr'><strong>fertur</strong></span> 
     </span>
    </p>

    <p class='ocr_par' dir='ltr' id='par_1_20' title="bbox 174 1967 1963 2044">
     <span class='ocr_line' id='line_1_20' title="bbox 174 1967 1963 2044; baseline 0 -18"><span class='ocrx_word' id='word_1_272' title='bbox 174 2005 177 2012; x_wconf 88' lang='lat'>-</span> <span class='ocrx_word' id='word_1_273' title='bbox 274 1975 326 2026; x_wconf 79' lang='lat' dir='ltr'><strong>loc</strong></span> <span class='ocrx_word' id='word_1_274' title='bbox 344 1973 479 2025; x_wconf 71' lang='lat' dir='ltr'><strong>orrcabalo</strong></span> <span class='ocrx_word' id='word_1_275' title='bbox 493 1974 572 2025; x_wconf 86' lang='lat' dir='ltr'><strong>Noae</strong></span> <span class='ocrx_word' id='word_1_276' title='bbox 583 1972 680 2040; x_wconf 82' lang='lat' dir='ltr'><strong>justas</strong></span> <span class='ocrx_word' id='word_1_277' title='bbox 696 1981 841 2040; x_wconf 79' lang='lat' dir='ltr'><strong>peccatam</strong></span> <span class='ocrx_word' id='word_1_278' title='bbox 861 1972 916 2034; x_wconf 72' lang='lat' dir='ltr'><strong>tte</strong></span> <span class='ocrx_word' id='word_1_279' title='bbox 933 1973 1103 2026; x_wconf 76' lang='lat' dir='ltr'><strong>vendicaret.</strong></span> <span class='ocrx_word' id='word_1_280' title='bbox 1131 1967 1166 2020; x_wconf 88' lang='lat' dir='ltr'><strong>ad</strong></span> <span class='ocrx_word' id='word_1_281' title='bbox 1186 1968 1357 2037; x_wconf 69' lang='lat' dir='ltr'><strong>societatem,</strong></span> <span class='ocrx_word' id='word_1_282' title='bbox 1381 1970 1440 2039; x_wconf 89' lang='lat' dir='ltr'><strong>jam</strong></span> <span class='ocrx_word' id='word_1_283' title='bbox 1459 1986 1525 2024; x_wconf 83' lang='lat' dir='ltr'><strong>vero</strong></span> <span class='ocrx_word' id='word_1_284' title='bbox 1547 1971 1594 2025; x_wconf 92' lang='lat' dir='ltr'><strong>ubi</strong></span> <span class='ocrx_word' id='word_1_285' title='bbox 1613 1972 1727 2026; x_wconf 88' lang='lat' dir='ltr'><strong>societas</strong></span> <span class='ocrx_word' id='word_1_286' title='bbox 1747 1979 1802 2039; x_wconf 89' lang='grc' dir='ltr'>ιιι,</span> <span class='ocrx_word' id='word_1_287' title='bbox 1828 1971 1868 2025; x_wconf 93' lang='lat' dir='ltr'><strong>ibi</strong></span> <span class='ocrx_word' id='word_1_288' title='bbox 1892 1973 1963 2044; x_wconf 90' lang='lat' dir='ltr'><strong>regi·</strong></span> 
     </span>
    </p>

    <p class='ocr_par' dir='ltr' id='par_1_21' title="bbox 273 2053 2006 2216">
     <span class='ocr_line' id='line_1_21' title="bbox 273 2053 1963 2129; baseline 0 -16"><span class='ocrx_word' id='word_1_289' title='bbox 273 2063 381 2114; x_wconf 88' lang='lat' dir='ltr'><strong>Nomen</strong></span> <span class='ocrx_word' id='word_1_290' title='bbox 414 2061 508 2127; x_wconf 79' lang='lat' dir='ltr'><strong>itaque</strong></span> <span class='ocrx_word' id='word_1_291' title='bbox 536 2060 614 2112; x_wconf 81' lang='lat' dir='ltr'><strong>r‘stnd</strong></span> <span class='ocrx_word' id='word_1_292' title='bbox 641 2060 725 2129; x_wconf 83' lang='lat' dir='ltr'><strong>culpo</strong></span> <span class='ocrx_word' id='word_1_293' title='bbox 759 2060 872 2126; x_wconf 82' lang='lat' dir='ltr'><strong>meruit,</strong></span> <span class='ocrx_word' id='word_1_294' title='bbox 905 2077 960 2112; x_wconf 80' lang='lat' dir='ltr'><strong>nors</strong></span> <span class='ocrx_word' id='word_1_295' title='bbox 990 2066 1103 2111; x_wconf 83' lang='lat' dir='ltr'><strong>natura.</strong></span> <span class='ocrx_word' id='word_1_296' title='bbox 1131 2070 1193 2107; x_wconf 90' lang='lat' dir='ltr'><strong>meu</strong></span> <span class='ocrx_word' id='word_1_297' title='bbox 1212 2053 1324 2124; x_wconf 83' lang='lat' dir='ltr'><strong>aliquod</strong></span> <span class='ocrx_word' id='word_1_298' title='bbox 1344 2062 1532 2126; x_wconf 84' lang='lat' dir='ltr'><strong>esseoportat,</strong></span> <span class='ocrx_word' id='word_1_299' title='bbox 1551 2057 1665 2111; x_wconf 88' lang='lat' dir='ltr'><strong>andoin</strong></span> <span class='ocrx_word' id='word_1_300' title='bbox 1686 2058 1869 2128; x_wconf 89' lang='lat' dir='ltr'><strong>ipsoquoque</strong></span> <span class='ocrx_word' id='word_1_301' title='bbox 1885 2059 1963 2113; x_wconf 88' lang='lat' dir='ltr'><strong>iuno·</strong></span> 
     </span>
     <span class='ocr_line' id='line_1_22' title="bbox 275 2139 2006 2216; baseline 0.001 -20"><span class='ocrx_word' id='word_1_302' title='bbox 275 2145 435 2200; x_wconf 77' lang='lat' dir='ltr'><strong>Confirmari</strong></span> <span class='ocrx_word' id='word_1_303' title='bbox 462 2150 554 2214; x_wconf 88' lang='lat' dir='ltr'><strong>potest</strong></span> <span class='ocrx_word' id='word_1_304' title='bbox 576 2145 645 2200; x_wconf 91' lang='lat' dir='ltr'><strong>hsce</strong></span> <span class='ocrx_word' id='word_1_305' title='bbox 668 2146 818 2216; x_wconf 80' lang='lat' dir='ltr'><strong>Augustini</strong></span> <span class='ocrx_word' id='word_1_306' title='bbox 845 2146 981 2199; x_wconf 90' lang='lat' dir='ltr'><strong>sententia</strong></span> <span class='ocrx_word' id='word_1_307' title='bbox 1006 2162 1037 2199; x_wconf 86' lang='lat' dir='ltr'><strong>ex</strong></span> <span class='ocrx_word' id='word_1_308' title='bbox 1062 2160 1103 2210; x_wconf 90' lang='grc' dir='ltr'><strong>ιο,</strong></span> <span class='ocrx_word' id='word_1_309' title='bbox 1131 2139 1237 2194; x_wconf 74' lang='lat' dir='ltr'><strong>conane</strong></span> <span class='ocrx_word' id='word_1_310' title='bbox 1256 2145 1330 2194; x_wconf 82' lang='lat' dir='ltr'><strong>statu</strong></span> <span class='ocrx_word' id='word_1_311' title='bbox 1351 2141 1463 2212; x_wconf 84' lang='lat' dir='ltr'><strong>aliquod</strong></span> <span class='ocrx_word' id='word_1_312' title='bbox 1481 2143 1602 2213; x_wconf 73' lang='lat' dir='ltr'><strong>regiroen</strong></span> <span class='ocrx_word' id='word_1_313' title='bbox 1630 2148 1658 2197; x_wconf 91' lang='lat' dir='ltr'><strong>et</strong></span> <span class='ocrx_word' id='word_1_314' title='bbox 1675 2143 1797 2198; x_wconf 89' lang='lat' dir='ltr'><strong>ordinem</strong></span> <span class='ocrx_word' id='word_1_315' title='bbox 1818 2143 2006 2212; x_wconf 77' lang='lat' dir='ltr'><strong>politicumxt</strong></span> 
     </span>
    </p>

    <p class='ocr_par' dir='ltr' id='par_1_22' title="bbox 277 2224 1963 2302">
     <span class='ocr_line' id='line_1_23' title="bbox 277 2224 1963 2302; baseline -0.001 -17"><span class='ocrx_word' id='word_1_316' title='bbox 277 2238 299 2287; x_wconf 87' lang='lat' dir='ltr'><strong>l.</strong></span> <span class='ocrx_word' id='word_1_317' title='bbox 318 2231 392 2302; x_wconf 86' lang='lat' dir='ltr'><strong>quod</strong></span> <span class='ocrx_word' id='word_1_318' title='bbox 411 2231 491 2284; x_wconf 91' lang='lat' dir='ltr'><strong>home</strong></span> <span class='ocrx_word' id='word_1_319' title='bbox 512 2238 570 2285; x_wconf 87' lang='lat' dir='ltr'><strong>crat</strong></span> <span class='ocrx_word' id='word_1_320' title='bbox 588 2231 716 2285; x_wconf 90' lang='lat' dir='ltr'><strong>conditus</strong></span> <span class='ocrx_word' id='word_1_321' title='bbox 735 2231 771 2284; x_wconf 89' lang='lat' dir='ltr'><strong>ad</strong></span> <span class='ocrx_word' id='word_1_322' title='bbox 787 2230 935 2302; x_wconf 85' lang='lat' dir='ltr'><strong>imaginem</strong></span> <span class='ocrx_word' id='word_1_323' title='bbox 954 2229 1023 2297; x_wconf 87' lang='lat' dir='ltr'><strong>Dei,</strong></span> <span class='ocrx_word' id='word_1_324' title='bbox 1041 2247 1104 2283; x_wconf 89' lang='lat' dir='ltr'><strong>cnm</strong></span> <span class='ocrx_word' id='word_1_325' title='bbox 1131 2224 1217 2280; x_wconf 82' lang='lat' dir='ltr'><strong>fuisse</strong></span> <span class='ocrx_word' id='word_1_326' title='bbox 1242 2226 1391 2280; x_wconf 85' lang='lat' dir='ltr'><strong>verisimile</strong></span> <span class='ocrx_word' id='word_1_327' title='bbox 1421 2236 1471 2283; x_wconf 79' lang='lat' dir='ltr'><strong>est</strong></span> <span class='ocrx_word' id='word_1_328' title='bbox 1510 2227 1745 2298; x_wconf 77' lang='lat' dir='ltr'><strong>Distinguendum</strong></span> <span class='ocrx_word' id='word_1_329' title='bbox 1776 2229 1861 2300; x_wconf 87' lang='lat' dir='ltr'><strong>igitur</strong></span> <span class='ocrx_word' id='word_1_330' title='bbox 1890 2230 1963 2286; x_wconf 82' lang='lat' dir='ltr'><strong>inter</strong></span> 
     </span>
    </p>

    <p class='ocr_par' dir='ltr' id='par_1_23' title="bbox 272 2312 1963 2388">
     <span class='ocr_line' id='line_1_24' title="bbox 272 2312 1963 2388; baseline -0.001 -17"><span class='ocrx_word' id='word_1_331' title='bbox 272 2334 327 2388; x_wconf 90' lang='lat' dir='ltr'><strong>qua</strong></span> <span class='ocrx_word' id='word_1_332' title='bbox 352 2334 407 2370; x_wconf 92' lang='lat' dir='ltr'><strong>non</strong></span> <span class='ocrx_word' id='word_1_333' title='bbox 430 2322 521 2386; x_wconf 90' lang='lat' dir='ltr'><strong>potest</strong></span> <span class='ocrx_word' id='word_1_334' title='bbox 540 2316 688 2371; x_wconf 79' lang='lat' dir='ltr'><strong>consistere</strong></span> <span class='ocrx_word' id='word_1_335' title='bbox 711 2316 859 2386; x_wconf 85' lang='lat' dir='ltr'><strong>subjectio,</strong></span> <span class='ocrx_word' id='word_1_336' title='bbox 879 2316 1014 2387; x_wconf 91' lang='lat' dir='ltr'><strong>siquidem</strong></span> <span class='ocrx_word' id='word_1_337' title='bbox 1039 2333 1103 2386; x_wconf 88' lang='lat' dir='ltr'><strong>pars</strong></span> <span class='ocrx_word' id='word_1_338' title='bbox 1131 2312 1331 2382; x_wconf 88' lang='lat' dir='ltr'><strong>subjectionem</strong></span> <span class='ocrx_word' id='word_1_339' title='bbox 1358 2314 1486 2367; x_wconf 89' lang='lat' dir='ltr'><strong>servilem</strong></span> <span class='ocrx_word' id='word_1_340' title='bbox 1514 2323 1542 2369; x_wconf 87' lang='lat' dir='ltr'><strong>et</strong></span> <span class='ocrx_word' id='word_1_341' title='bbox 1567 2313 1693 2383; x_wconf 87' lang='lat' dir='ltr'><strong>filialem,</strong></span> <span class='ocrx_word' id='word_1_342' title='bbox 1731 2316 1803 2369; x_wconf 89' lang='lat' dir='ltr'><strong>inter</strong></span> <span class='ocrx_word' id='word_1_343' title='bbox 1838 2317 1963 2386; x_wconf 88' lang='lat' dir='ltr'><strong>regimen</strong></span> 
     </span>
    </p>

    <p class='ocr_par' dir='ltr' id='par_1_24' title="bbox 274 2399 1963 2473">
     <span class='ocr_line' id='line_1_25' title="bbox 274 2399 1963 2473; baseline 0.001 -17"><span class='ocrx_word' id='word_1_344' title='bbox 274 2403 384 2457; x_wconf 82' lang='lat' dir='ltr'><strong>divinae</strong></span> <span class='ocrx_word' id='word_1_345' title='bbox 403 2402 531 2473; x_wconf 86' lang='lat' dir='ltr'><strong>imaginis</strong></span> <span class='ocrx_word' id='word_1_346' title='bbox 544 2408 604 2456; x_wconf 89' lang='lat' dir='ltr'><strong>erat</strong></span> <span class='ocrx_word' id='word_1_347' title='bbox 621 2402 786 2470; x_wconf 79' lang='lat' dir='ltr'><strong>dominium3</strong></span> <span class='ocrx_word' id='word_1_348' title='bbox 807 2408 829 2457; x_wconf 83' lang='lat'><strong>2.</strong></span> <span class='ocrx_word' id='word_1_349' title='bbox 846 2403 919 2473; x_wconf 93' lang='lat' dir='ltr'><strong>quod</strong></span> <span class='ocrx_word' id='word_1_350' title='bbox 931 2401 1009 2457; x_wconf 90' lang='lat' dir='ltr'><strong>Deus</strong></span> <span class='ocrx_word' id='word_1_351' title='bbox 1023 2403 1104 2457; x_wconf 88' lang='lat' dir='ltr'><strong>bruta</strong></span> <span class='ocrx_word' id='word_1_352' title='bbox 1131 2399 1296 2453; x_wconf 65' lang='lat' dir='ltr'><strong>tenuarat»</strong></span> <span class='ocrx_word' id='word_1_353' title='bbox 1315 2406 1343 2454; x_wconf 89' lang='lat' dir='ltr'><strong>et</strong></span> <span class='ocrx_word' id='word_1_354' title='bbox 1363 2399 1510 2471; x_wconf 80' lang='grc' dir='ltr'>πατρικόιι,</span> <span class='ocrx_word' id='word_1_355' title='bbox 1535 2401 1606 2456; x_wconf 89' lang='lat' dir='ltr'><strong>inter</strong></span> <span class='ocrx_word' id='word_1_356' title='bbox 1625 2402 1769 2472; x_wconf 88' lang='lat' dir='ltr'><strong>imperium</strong></span> <span class='ocrx_word' id='word_1_357' title='bbox 1789 2409 1916 2457; x_wconf 88' lang='lat' dir='ltr'><strong>coactum</strong></span> <span class='ocrx_word' id='word_1_358' title='bbox 1936 2409 1963 2457; x_wconf 90' lang='lat' dir='ltr'><strong>et</strong></span> 
     </span>
    </p>

    <p class='ocr_par' dir='ltr' id='par_1_25' title="bbox 273 2486 1962 2560">
     <span class='ocr_line' id='line_1_26' title="bbox 273 2486 1962 2560; baseline 0.001 -19"><span class='ocrx_word' id='word_1_359' title='bbox 273 2488 378 2541; x_wconf 91' lang='lat' dir='ltr'><strong>homini</strong></span> <span class='ocrx_word' id='word_1_360' title='bbox 396 2487 518 2558; x_wconf 84' lang='lat' dir='ltr'><strong>subjicit.</strong></span> <span class='ocrx_word' id='word_1_361' title='bbox 539 2506 593 2542; x_wconf 91' lang='lat' dir='ltr'><strong>non</strong></span> <span class='ocrx_word' id='word_1_362' title='bbox 612 2495 704 2542; x_wconf 89' lang='lat' dir='ltr'><strong>autem</strong></span> <span class='ocrx_word' id='word_1_363' title='bbox 721 2487 847 2541; x_wconf 90' lang='lat' dir='ltr'><strong>homiues</strong></span> <span class='ocrx_word' id='word_1_364' title='bbox 865 2488 1022 2542; x_wconf 90' lang='lat' dir='ltr'><strong>hominibus</strong></span> <span class='ocrx_word' id='word_1_365' title='bbox 1039 2487 1104 2541; x_wconf 92' lang='lat' dir='ltr'><strong>sub·</strong></span> <span class='ocrx_word' id='word_1_366' title='bbox 1131 2493 1311 2554; x_wconf 84' lang='lat' dir='ltr'><strong>spontaneam</strong></span> <span class='ocrx_word' id='word_1_367' title='bbox 1323 2486 1544 2555; x_wconf 85' lang='lat' dir='ltr'><strong>submissionem,</strong></span> <span class='ocrx_word' id='word_1_368' title='bbox 1563 2489 1635 2542; x_wconf 89' lang='lat' dir='ltr'><strong>inter</strong></span> <span class='ocrx_word' id='word_1_369' title='bbox 1647 2488 1769 2558; x_wconf 89' lang='lat' dir='ltr'><strong>regimen</strong></span> <span class='ocrx_word' id='word_1_370' title='bbox 1783 2491 1962 2560; x_wconf 89' lang='lat' dir='ltr'><strong>conjunctum</strong></span> 
     </span>
    </p>

    <p class='ocr_par' dir='ltr' id='par_1_26' title="bbox 274 2571 1963 2645">
     <span class='ocr_line' id='line_1_27' title="bbox 274 2571 1963 2645; baseline 0.002 -19"><span class='ocrx_word' id='word_1_371' title='bbox 274 2589 334 2627; x_wconf 91' lang='lat' dir='ltr'><strong>esse</strong></span> <span class='ocrx_word' id='word_1_372' title='bbox 350 2572 445 2643; x_wconf 88' lang='lat' dir='ltr'><strong>jubet;</strong></span> <span class='ocrx_word' id='word_1_373' title='bbox 472 2579 495 2627; x_wconf 84' lang='grc'><strong>3.</strong></span> <span class='ocrx_word' id='word_1_374' title='bbox 521 2573 595 2643; x_wconf 92' lang='lat' dir='ltr'><strong>quod</strong></span> <span class='ocrx_word' id='word_1_375' title='bbox 612 2581 675 2643; x_wconf 90' lang='lat' dir='ltr'><strong>post</strong></span> <span class='ocrx_word' id='word_1_376' title='bbox 698 2573 805 2642; x_wconf 90' lang='lat' dir='ltr'><strong>lapsum</strong></span> <span class='ocrx_word' id='word_1_377' title='bbox 833 2573 956 2637; x_wconf 90' lang='lat' dir='ltr'><strong>demum,</strong></span> <span class='ocrx_word' id='word_1_378' title='bbox 979 2573 1104 2645; x_wconf 86' lang='lat' dir='ltr'><strong>adeoque</strong></span> <span class='ocrx_word' id='word_1_379' title='bbox 1132 2587 1194 2624; x_wconf 91' lang='lat' dir='ltr'><strong>cum</strong></span> <span class='ocrx_word' id='word_1_380' title='bbox 1216 2571 1330 2626; x_wconf 89' lang='lat' dir='ltr'><strong>libidine</strong></span> <span class='ocrx_word' id='word_1_381' title='bbox 1354 2573 1514 2627; x_wconf 89' lang='lat' dir='ltr'><strong>dominandi</strong></span> <span class='ocrx_word' id='word_1_382' title='bbox 1537 2579 1565 2627; x_wconf 89' lang='lat' dir='ltr'><strong>et</strong></span> <span class='ocrx_word' id='word_1_383' title='bbox 1588 2576 1765 2644; x_wconf 88' lang='lat' dir='ltr'><strong>conjunctum</strong></span> <span class='ocrx_word' id='word_1_384' title='bbox 1789 2592 1851 2629; x_wconf 90' lang='lat' dir='ltr'><strong>cum</strong></span> <span class='ocrx_word' id='word_1_385' title='bbox 1871 2577 1963 2630; x_wconf 89' lang='lat' dir='ltr'><strong>animo</strong></span> 
     </span>
    </p>

    <p class='ocr_par' dir='ltr' id='par_1_27' title="bbox 274 2657 1961 2729">
     <span class='ocr_line' id='line_1_28' title="bbox 274 2657 1961 2729; baseline 0.002 -16"><span class='ocrx_word' id='word_1_386' title='bbox 274 2666 337 2729; x_wconf 89' lang='lat' dir='ltr'><strong>pest</strong></span> <span class='ocrx_word' id='word_1_387' title='bbox 355 2659 487 2712; x_wconf 87' lang='lat' dir='ltr'><strong>diluvium</strong></span> <span class='ocrx_word' id='word_1_388' title='bbox 504 2658 657 2712; x_wconf 85' lang='lat' dir='ltr'><strong>instituitur</strong></span> <span class='ocrx_word' id='word_1_389' title='bbox 674 2660 852 2729; x_wconf 88' lang='lat' dir='ltr'><strong>magistratus</strong></span> <span class='ocrx_word' id='word_1_390' title='bbox 870 2659 971 2715; x_wconf 84' lang='lat' dir='ltr'><strong>Genea.</strong></span> <span class='ocrx_word' id='word_1_391' title='bbox 990 2666 1014 2724; x_wconf 83' lang='lat' dir='ltr'><strong>a,</strong></span> <span class='ocrx_word' id='word_1_392' title='bbox 1034 2677 1061 2715; x_wconf 86' lang='grc' dir='ltr'><strong>ι.</strong></span> <span class='ocrx_word' id='word_1_393' title='bbox 1081 2664 1103 2713; x_wconf 86' lang='grc'><strong>6.</strong></span> <span class='ocrx_word' id='word_1_394' title='bbox 1131 2657 1301 2724; x_wconf 89' lang='lat' dir='ltr'><strong>consulendi,</strong></span> <span class='ocrx_word' id='word_1_395' title='bbox 1318 2658 1395 2722; x_wconf 91' lang='lat' dir='ltr'><strong>illud,</strong></span> <span class='ocrx_word' id='word_1_396' title='bbox 1411 2675 1465 2712; x_wconf 90' lang='lat' dir='ltr'><strong>non</strong></span> <span class='ocrx_word' id='word_1_397' title='bbox 1479 2664 1572 2712; x_wconf 87' lang='lat' dir='ltr'><strong>autem</strong></span> <span class='ocrx_word' id='word_1_398' title='bbox 1590 2659 1642 2713; x_wconf 89' lang='lat' dir='ltr'><strong>hoc</strong></span> <span class='ocrx_word' id='word_1_399' title='bbox 1657 2676 1674 2713; x_wconf 91' lang='lat' dir='ltr'><strong>a</strong></span> <span class='ocrx_word' id='word_1_400' title='bbox 1691 2665 1767 2715; x_wconf 89' lang='lat' dir='ltr'><strong>statu</strong></span> <span class='ocrx_word' id='word_1_401' title='bbox 1786 2661 1961 2717; x_wconf 80' lang='lat' dir='ltr'><strong>innocentiae</strong></span> 
     </span>
    </p>

    <p class='ocr_par' dir='ltr' id='par_1_28' title="bbox 274 2742 1961 2816">
     <span class='ocr_line' id='line_1_29' title="bbox 274 2742 1961 2816; baseline 0.001 -16"><span class='ocrx_word' id='word_1_402' title='bbox 274 2752 298 2800; x_wconf 78' lang='lat' dir='ltr'><strong>t.</strong></span> <span class='ocrx_word' id='word_1_403' title='bbox 318 2745 392 2815; x_wconf 92' lang='lat' dir='ltr'><strong>quod</strong></span> <span class='ocrx_word' id='word_1_404' title='bbox 410 2745 437 2798; x_wconf 96' lang='lat' dir='ltr'><strong>in</strong></span> <span class='ocrx_word' id='word_1_405' title='bbox 464 2750 539 2798; x_wconf 88' lang='lat' dir='ltr'><strong>statu</strong></span> <span class='ocrx_word' id='word_1_406' title='bbox 566 2745 740 2799; x_wconf 87' lang='lat' dir='ltr'><strong>innocentiae</strong></span> <span class='ocrx_word' id='word_1_407' title='bbox 758 2745 835 2797; x_wconf 89' lang='lat' dir='ltr'><strong>nulla</strong></span> <span class='ocrx_word' id='word_1_408' title='bbox 854 2744 939 2799; x_wconf 89' lang='lat' dir='ltr'><strong>fuerit</strong></span> <span class='ocrx_word' id='word_1_409' title='bbox 955 2747 1104 2800; x_wconf 84' lang='lat' dir='ltr'><strong>necessitas</strong></span> <span class='ocrx_word' id='word_1_410' title='bbox 1131 2742 1272 2800; x_wconf 85' lang='lat' dir='ltr'><strong>abfuisset.</strong></span> <span class='ocrx_word' id='word_1_411' title='bbox 1290 2745 1467 2802; x_wconf 84' lang='lat' dir='ltr'><strong>Thomaslib.</strong></span> <span class='ocrx_word' id='word_1_412' title='bbox 1482 2751 1665 2816; x_wconf 75' lang='lat' dir='ltr'><strong>t.q.tt.art.·3.</strong></span> <span class='ocrx_word' id='word_1_413' title='bbox 1687 2745 1961 2804; x_wconf 79' lang='lat' dir='ltr'><strong>Gabr.Bielt.sent</strong></span> 
     </span>
    </p>

    <p class='ocr_par' dir='ltr' id='par_1_29' title="bbox 276 2829 1963 2902">
     <span class='ocr_line' id='line_1_30' title="bbox 276 2829 1963 2902; baseline 0.003 -20"><span class='ocrx_word' id='word_1_414' title='bbox 276 2829 368 2901; x_wconf 85' lang='lat' dir='ltr'><strong>legum</strong></span> <span class='ocrx_word' id='word_1_415' title='bbox 389 2830 520 2893; x_wconf 90' lang='lat' dir='ltr'><strong>civilium,</strong></span> <span class='ocrx_word' id='word_1_416' title='bbox 540 2847 602 2883; x_wconf 92' lang='lat' dir='ltr'><strong>cum</strong></span> <span class='ocrx_word' id='word_1_417' title='bbox 623 2831 666 2884; x_wconf 85' lang='lat' dir='ltr'><strong>lex</strong></span> <span class='ocrx_word' id='word_1_418' title='bbox 685 2830 819 2883; x_wconf 91' lang='lat' dir='ltr'><strong>naturalis</strong></span> <span class='ocrx_word' id='word_1_419' title='bbox 837 2835 865 2885; x_wconf 90' lang='lat' dir='ltr'><strong>et</strong></span> <span class='ocrx_word' id='word_1_420' title='bbox 882 2831 977 2885; x_wconf 89' lang='lat' dir='ltr'><strong>inuata</strong></span> <span class='ocrx_word' id='word_1_421' title='bbox 991 2831 1105 2885; x_wconf 90' lang='lat' dir='ltr'><strong>cuilibet</strong></span> <span class='ocrx_word' id='word_1_422' title='bbox 1131 2830 1194 2886; x_wconf 88' lang='lat' dir='ltr'><strong>dist.</strong></span> <span class='ocrx_word' id='word_1_423' title='bbox 1214 2836 1253 2887; x_wconf 82' lang='lat'><strong>15.</strong></span> <span class='ocrx_word' id='word_1_424' title='bbox 1275 2848 1300 2902; x_wconf 92' lang='lat' dir='ltr'><strong>q.</strong></span> <span class='ocrx_word' id='word_1_425' title='bbox 1322 2838 1349 2887; x_wconf 87' lang='lat'><strong>5:</strong></span> <span class='ocrx_word' id='word_1_426' title='bbox 1369 2833 1481 2886; x_wconf 81' lang='lat' dir='ltr'><strong>Fuisset</strong></span> <span class='ocrx_word' id='word_1_427' title='bbox 1499 2835 1527 2884; x_wconf 87' lang='lat' dir='ltr'><strong>ia</strong></span> <span class='ocrx_word' id='word_1_428' title='bbox 1548 2840 1623 2886; x_wconf 81' lang='grc' dir='ltr'>ιιοιιι</span> <span class='ocrx_word' id='word_1_429' title='bbox 1635 2833 1808 2886; x_wconf 81' lang='lat' dir='ltr'><strong>innocentiae</strong></span> <span class='ocrx_word' id='word_1_430' title='bbox 1821 2834 1963 2901; x_wconf 85' lang='lat' dir='ltr'><strong>praelatio</strong></span> 
     </span>
    </p>

    <p class='ocr_par' dir='ltr' id='par_1_30' title="bbox 275 2915 1963 2988">
     <span class='ocr_line' id='line_1_31' title="bbox 275 2915 1963 2988; baseline 0.002 -18"><span class='ocrx_word' id='word_1_431' title='bbox 275 2918 310 2970; x_wconf 90' lang='lat' dir='ltr'><strong>ad</strong></span> <span class='ocrx_word' id='word_1_432' title='bbox 329 2924 403 2970; x_wconf 88' lang='lat' dir='ltr'><strong>reete</strong></span> <span class='ocrx_word' id='word_1_433' title='bbox 420 2917 558 2987; x_wconf 90' lang='lat' dir='ltr'><strong>agendam</strong></span> <span class='ocrx_word' id='word_1_434' title='bbox 571 2915 710 2970; x_wconf 85' lang='lat' dir='ltr'><strong>sufficiens</strong></span> <span class='ocrx_word' id='word_1_435' title='bbox 728 2916 838 2985; x_wconf 73' lang='lat' dir='ltr'><strong>fuisset,</strong></span> <span class='ocrx_word' id='word_1_436' title='bbox 859 2917 937 2970; x_wconf 91' lang='lat' dir='ltr'><strong>nulla</strong></span> <span class='ocrx_word' id='word_1_437' title='bbox 954 2920 1104 2972; x_wconf 86' lang='lat' dir='ltr'><strong>necessitas</strong></span> <span class='ocrx_word' id='word_1_438' title='bbox 1131 2917 1161 2968; x_wconf 86' lang='lat' dir='ltr'><strong>in</strong></span> <span class='ocrx_word' id='word_1_439' title='bbox 1188 2918 1284 2986; x_wconf 75' lang='lat' dir='ltr'><strong>officio</strong></span> <span class='ocrx_word' id='word_1_440' title='bbox 1311 2920 1476 2973; x_wconf 64' lang='lat' dir='ltr'><strong>camdenus·</strong></span> <span class='ocrx_word' id='word_1_441' title='bbox 1497 2929 1524 2973; x_wconf 90' lang='lat' dir='ltr'><strong>et</strong></span> <span class='ocrx_word' id='word_1_442' title='bbox 1549 2920 1704 2988; x_wconf 70' lang='lat' dir='ltr'><strong>diligendi,</strong></span> <span class='ocrx_word' id='word_1_443' title='bbox 1728 2937 1783 2972; x_wconf 90' lang='lat' dir='ltr'><strong>non</strong></span> <span class='ocrx_word' id='word_1_444' title='bbox 1808 2922 1963 2973; x_wconf 83' lang='lat' dir='ltr'><strong>dominium</strong></span> 
     </span>
    </p>

    <p class='ocr_par' dir='ltr' id='par_1_31' title="bbox 271 3001 1959 3074">
     <span class='ocr_line' id='line_1_32' title="bbox 271 3001 1959 3074; baseline 0.004 -20"><span class='ocrx_word' id='word_1_445' title='bbox 271 3002 448 3071; x_wconf 84' lang='lat' dir='ltr'><strong>judiciorum,</strong></span> <span class='ocrx_word' id='word_1_446' title='bbox 469 3001 994 3071; x_wconf 87' lang='lat' dir='ltr'><strong>cumnullaeiajuriaeautdiscordiae</strong></span> <span class='ocrx_word' id='word_1_447' title='bbox 1014 3005 1104 3057; x_wconf 88' lang='lat' dir='ltr'><strong>locum</strong></span> <span class='ocrx_word' id='word_1_448' title='bbox 1130 3005 1259 3056; x_wconf 82' lang='lat' dir='ltr'><strong>servituti</strong></span> <span class='ocrx_word' id='word_1_449' title='bbox 1286 3005 1450 3072; x_wconf 84' lang='lat' dir='ltr'><strong>oppositam.</strong></span> <span class='ocrx_word' id='word_1_450' title='bbox 1496 3005 1636 3059; x_wconf 85' lang='lat' dir='ltr'><strong>Arminius</strong></span> <span class='ocrx_word' id='word_1_451' title='bbox 1669 3006 1771 3074; x_wconf 89' lang='lat' dir='ltr'><strong>disput.</strong></span> <span class='ocrx_word' id='word_1_452' title='bbox 1801 3005 1885 3059; x_wconf 86' lang='lat' dir='ltr'><strong>theol.</strong></span> <span class='ocrx_word' id='word_1_453' title='bbox 1919 3011 1959 3062; x_wconf 79' lang='lat'><strong>25.</strong></span> 
     </span>
    </p>

    <p class='ocr_par' dir='ltr' id='par_1_32' title="bbox 275 3086 1962 3159">
     <span class='ocr_line' id='line_1_33' title="bbox 275 3086 1962 3159; baseline 0.004 -20"><span class='ocrx_word' id='word_1_454' title='bbox 275 3086 451 3156; x_wconf 88' lang='lat' dir='ltr'><strong>habuissent;</strong></span> <span class='ocrx_word' id='word_1_455' title='bbox 472 3088 548 3141; x_wconf 89' lang='lat' dir='ltr'><strong>nulla</strong></span> <span class='ocrx_word' id='word_1_456' title='bbox 559 3088 708 3142; x_wconf 87' lang='lat' dir='ltr'><strong>necessitas</strong></span> <span class='ocrx_word' id='word_1_457' title='bbox 721 3088 927 3157; x_wconf 85' lang='lat' dir='ltr'><strong>suppliciorum,</strong></span> <span class='ocrx_word' id='word_1_458' title='bbox 946 3107 1009 3143; x_wconf 91' lang='lat' dir='ltr'><strong>cum</strong></span> <span class='ocrx_word' id='word_1_459' title='bbox 1022 3091 1104 3144; x_wconf 92' lang='lat' dir='ltr'><strong>male·</strong></span> <span class='ocrx_word' id='word_1_460' title='bbox 1130 3088 1198 3142; x_wconf 91' lang='lat' dir='ltr'><strong>thes.</strong></span> <span class='ocrx_word' id='word_1_461' title='bbox 1218 3094 1241 3143; x_wconf 90' lang='lat'><strong>8.</strong></span> <span class='ocrx_word' id='word_1_462' title='bbox 1262 3108 1289 3158; x_wconf 90' lang='lat' dir='ltr'><strong>p.</strong></span> <span class='ocrx_word' id='word_1_463' title='bbox 1304 3096 1365 3145; x_wconf 80' lang='lat' dir='ltr'><strong>tta:</strong></span> <span class='ocrx_word' id='word_1_464' title='bbox 1387 3090 1560 3158; x_wconf 81' lang='lat' dir='ltr'><strong>Qnarnqnam</strong></span> <span class='ocrx_word' id='word_1_465' title='bbox 1576 3092 1712 3159; x_wconf 82' lang='lat' dir='ltr'><strong>politicae</strong></span> <span class='ocrx_word' id='word_1_466' title='bbox 1730 3094 1876 3158; x_wconf 86' lang='lat' dir='ltr'><strong>potestatis</strong></span> <span class='ocrx_word' id='word_1_467' title='bbox 1894 3110 1962 3145; x_wconf 73' lang='lat' dir='ltr'><strong>asem</strong></span> 
     </span>
    </p>

    <p class='ocr_par' dir='ltr' id='par_1_33' title="bbox 276 3173 1963 3245">
     <span class='ocr_line' id='line_1_34' title="bbox 276 3173 1963 3245; baseline 0.004 -19"><span class='ocrx_word' id='word_1_468' title='bbox 276 3175 351 3227; x_wconf 87' lang='lat' dir='ltr'><strong>facta</strong></span> <span class='ocrx_word' id='word_1_469' title='bbox 372 3174 464 3227; x_wconf 90' lang='lat' dir='ltr'><strong>emnia</strong></span> <span class='ocrx_word' id='word_1_470' title='bbox 481 3173 518 3228; x_wconf 92' lang='lat' dir='ltr'><strong>ibi</strong></span> <span class='ocrx_word' id='word_1_471' title='bbox 538 3175 649 3243; x_wconf 88' lang='lat' dir='ltr'><strong>penitus</strong></span> <span class='ocrx_word' id='word_1_472' title='bbox 666 3174 846 3228; x_wconf 83' lang='lat' dir='ltr'><strong>exsulasscnt.</strong></span> <span class='ocrx_word' id='word_1_473' title='bbox 877 3176 941 3230; x_wconf 86' lang='lat' dir='ltr'><strong>Jam</strong></span> <span class='ocrx_word' id='word_1_474' title='bbox 961 3192 1025 3230; x_wconf 88' lang='lat' dir='ltr'><strong>vero</strong></span> <span class='ocrx_word' id='word_1_475' title='bbox 1043 3177 1105 3230; x_wconf 91' lang='lat' dir='ltr'><strong>sub·</strong></span> <span class='ocrx_word' id='word_1_476' title='bbox 1131 3185 1193 3228; x_wconf 87' lang='lat' dir='ltr'><strong>onte</strong></span> <span class='ocrx_word' id='word_1_477' title='bbox 1207 3185 1354 3244; x_wconf 83' lang='lat' dir='ltr'><strong>peccatam</strong></span> <span class='ocrx_word' id='word_1_478' title='bbox 1372 3194 1426 3229; x_wconf 87' lang='lat' dir='ltr'><strong>non</strong></span> <span class='ocrx_word' id='word_1_479' title='bbox 1443 3177 1511 3244; x_wconf 81' lang='lat' dir='ltr'><strong>fuit,</strong></span> <span class='ocrx_word' id='word_1_480' title='bbox 1530 3195 1561 3229; x_wconf 86' lang='lat' dir='ltr'><strong>eo</strong></span> <span class='ocrx_word' id='word_1_481' title='bbox 1581 3180 1658 3245; x_wconf 82' lang='lat' dir='ltr'><strong>qnod</strong></span> <span class='ocrx_word' id='word_1_482' title='bbox 1676 3179 1732 3230; x_wconf 80' lang='lat' dir='ltr'><strong>(leo</strong></span> <span class='ocrx_word' id='word_1_483' title='bbox 1751 3187 1857 3231; x_wconf 71' lang='lat' dir='ltr'><strong>tentiam</strong></span> <span class='ocrx_word' id='word_1_484' title='bbox 1876 3186 1963 3232; x_wconf 85' lang='lat' dir='ltr'><strong>essent</strong></span> 
     </span>
    </p>

    <p class='ocr_par' dir='ltr' id='par_1_34' title="bbox 281 3259 1964 3331">
     <span class='ocr_line' id='line_1_35' title="bbox 281 3259 1964 3331; baseline 0.004 -19"><span class='ocrx_word' id='word_1_485' title='bbox 281 3261 343 3313; x_wconf 89' lang='lat' dir='ltr'><strong>latis</strong></span> <span class='ocrx_word' id='word_1_486' title='bbox 361 3259 471 3331; x_wconf 87' lang='lat' dir='ltr'><strong>legibus</strong></span> <span class='ocrx_word' id='word_1_487' title='bbox 489 3260 626 3326; x_wconf 90' lang='lat' dir='ltr'><strong>civilibus,</strong></span> <span class='ocrx_word' id='word_1_488' title='bbox 650 3259 763 3328; x_wconf 85' lang='lat' dir='ltr'><strong>judiciis</strong></span> <span class='ocrx_word' id='word_1_489' title='bbox 784 3265 812 3314; x_wconf 89' lang='lat' dir='ltr'><strong>et</strong></span> <span class='ocrx_word' id='word_1_490' title='bbox 830 3262 974 3330; x_wconf 88' lang='lat' dir='ltr'><strong>suppliciis</strong></span> <span class='ocrx_word' id='word_1_491' title='bbox 1000 3262 1105 3315; x_wconf 90' lang='lat' dir='ltr'><strong>tollitur</strong></span> <span class='ocrx_word' id='word_1_492' title='bbox 1131 3262 1267 3326; x_wconf 75' lang='lat' dir='ltr'><strong>hemines,</strong></span> <span class='ocrx_word' id='word_1_493' title='bbox 1294 3263 1343 3329; x_wconf 78' lang='lat' dir='ltr'><strong>qrsi</strong></span> <span class='ocrx_word' id='word_1_494' title='bbox 1365 3264 1448 3314; x_wconf 84' lang='lat' dir='ltr'><strong>unica</strong></span> <span class='ocrx_word' id='word_1_495' title='bbox 1474 3264 1589 3324; x_wconf 75' lang='lat' dir='ltr'><strong>farniiia</strong></span> <span class='ocrx_word' id='word_1_496' title='bbox 1621 3264 1844 3326; x_wconf 79' lang='lat' dir='ltr'><strong>continebantur,</strong></span> <span class='ocrx_word' id='word_1_497' title='bbox 1872 3274 1964 3318; x_wconf 86' lang='lat' dir='ltr'><strong>tomen</strong></span> 
     </span>
    </p>

    <p class='ocr_par' dir='ltr' id='par_1_35' title="bbox 277 3344 1964 3418">
     <span class='ocr_line' id='line_1_36' title="bbox 277 3344 1964 3418; baseline 0.004 -20"><span class='ocrx_word' id='word_1_498' title='bbox 277 3347 457 3418; x_wconf 84' lang='lat' dir='ltr'><strong>magistratus</strong></span> <span class='ocrx_word' id='word_1_499' title='bbox 477 3344 644 3411; x_wconf 77' lang='lat' dir='ltr'><strong>officium35</strong></span> <span class='ocrx_word' id='word_1_500' title='bbox 674 3345 747 3415; x_wconf 93' lang='lat' dir='ltr'><strong>quod</strong></span> <span class='ocrx_word' id='word_1_501' title='bbox 765 3346 943 3416; x_wconf 82' lang='lat' dir='ltr'><strong>magistratus</strong></span> <span class='ocrx_word' id='word_1_502' title='bbox 960 3348 1104 3418; x_wconf 89' lang='lat' dir='ltr'><strong>imperium</strong></span> <span class='ocrx_word' id='word_1_503' title='bbox 1131 3347 1318 3415; x_wconf 82' lang='lat' dir='ltr'><strong>arbitramur,</strong></span> <span class='ocrx_word' id='word_1_504' title='bbox 1347 3357 1373 3400; x_wconf 91' lang='lat' dir='ltr'><strong>ct</strong></span> <span class='ocrx_word' id='word_1_505' title='bbox 1400 3349 1429 3400; x_wconf 86' lang='lat' dir='ltr'><strong>in</strong></span> <span class='ocrx_word' id='word_1_506' title='bbox 1452 3350 1601 3416; x_wconf 71' lang='lat' dir='ltr'><strong>pmmaavo</strong></span> <span class='ocrx_word' id='word_1_507' title='bbox 1630 3351 1769 3401; x_wconf 71' lang='lat' dir='ltr'><strong>leoninam</strong></span> <span class='ocrx_word' id='word_1_508' title='bbox 1803 3351 1964 3416; x_wconf 64' lang='lat' dir='ltr'><strong>integritate</strong></span> 
     </span>
    </p>

    <p class='ocr_par' dir='ltr' id='par_1_36' title="bbox 275 3433 1963 3505">
     <span class='ocr_line' id='line_1_37' title="bbox 275 3433 1963 3505; baseline 0.002 -18"><span class='ocrx_word' id='word_1_509' title='bbox 275 3450 337 3487; x_wconf 91' lang='lat' dir='ltr'><strong>cum</strong></span> <span class='ocrx_word' id='word_1_510' title='bbox 363 3448 444 3487; x_wconf 87' lang='lat' dir='ltr'><strong>onere</strong></span> <span class='ocrx_word' id='word_1_511' title='bbox 470 3433 640 3486; x_wconf 86' lang='lat' dir='ltr'><strong>subditorum</strong></span> <span class='ocrx_word' id='word_1_512' title='bbox 660 3438 702 3487; x_wconf 92' lang='lat' dir='ltr'><strong>est</strong></span> <span class='ocrx_word' id='word_1_513' title='bbox 721 3435 912 3502; x_wconf 79' lang='lat' dir='ltr'><strong>conjunctum,</strong></span> <span class='ocrx_word' id='word_1_514' title='bbox 929 3435 988 3503; x_wconf 90' lang='lat' dir='ltr'><strong>jam</strong></span> <span class='ocrx_word' id='word_1_515' title='bbox 1006 3452 1106 3488; x_wconf 90' lang='lat' dir='ltr'><strong>veroa</strong></span> <span class='ocrx_word' id='word_1_516' title='bbox 1131 3434 1221 3487; x_wconf 85' lang='lat' dir='ltr'><strong>locam</strong></span> <span class='ocrx_word' id='word_1_517' title='bbox 1242 3435 1400 3487; x_wconf 69' lang='lat' dir='ltr'><strong>inolitarum</strong></span> <span class='ocrx_word' id='word_1_518' title='bbox 1419 3437 1515 3503; x_wconf 68' lang='lat' dir='ltr'><strong>samse,</strong></span> <span class='ocrx_word' id='word_1_519' title='bbox 1535 3435 1566 3486; x_wconf 86' lang='lat' dir='ltr'><strong>id</strong></span> <span class='ocrx_word' id='word_1_520' title='bbox 1584 3437 1661 3504; x_wconf 71' lang='lat' dir='ltr'><strong>qairrei</strong></span> <span class='ocrx_word' id='word_1_521' title='bbox 1678 3437 1963 3505; x_wconf 79' lang='lat' dir='ltr'><strong>canatnralnminis,</strong></span> 
     </span>
    </p>

    <p class='ocr_par' dir='ltr' id='par_1_37' title="bbox 277 3518 1964 3592">
     <span class='ocr_line' id='line_1_38' title="bbox 277 3518 1964 3592; baseline 0.004 -20"><span class='ocrx_word' id='word_1_522' title='bbox 277 3525 351 3573; x_wconf 86' lang='lat' dir='ltr'><strong>statu</strong></span> <span class='ocrx_word' id='word_1_523' title='bbox 369 3519 542 3573; x_wconf 90' lang='lat' dir='ltr'><strong>innocentiae</strong></span> <span class='ocrx_word' id='word_1_524' title='bbox 559 3519 711 3573; x_wconf 85' lang='lat' dir='ltr'><strong>exsulasset</strong></span> <span class='ocrx_word' id='word_1_525' title='bbox 723 3518 857 3589; x_wconf 90' lang='lat' dir='ltr'><strong>quidquid</strong></span> <span class='ocrx_word' id='word_1_526' title='bbox 867 3528 908 3573; x_wconf 90' lang='lat' dir='ltr'><strong>est</strong></span> <span class='ocrx_word' id='word_1_527' title='bbox 920 3536 1013 3590; x_wconf 85' lang='lat' dir='ltr'><strong>grave,</strong></span> <span class='ocrx_word' id='word_1_528' title='bbox 1031 3539 1105 3576; x_wconf 91' lang='lat' dir='ltr'><strong>acer·</strong></span> <span class='ocrx_word' id='word_1_529' title='bbox 1132 3524 1182 3589; x_wconf 82' lang='lat' dir='ltr'><strong>qui</strong></span> <span class='ocrx_word' id='word_1_530' title='bbox 1202 3522 1310 3573; x_wconf 87' lang='lat' dir='ltr'><strong>animal</strong></span> <span class='ocrx_word' id='word_1_531' title='bbox 1329 3522 1434 3574; x_wconf 71' lang='lat' dir='ltr'><strong>somnia</strong></span> <span class='ocrx_word' id='word_1_532' title='bbox 1455 3530 1507 3589; x_wconf 89' lang='lat' dir='ltr'><strong>est,</strong></span> <span class='ocrx_word' id='word_1_533' title='bbox 1533 3538 1565 3574; x_wconf 83' lang='lat' dir='ltr'><strong>ee</strong></span> <span class='ocrx_word' id='word_1_534' title='bbox 1578 3522 1684 3587; x_wconf 79' lang='lat' dir='ltr'><strong>finibus</strong></span> <span class='ocrx_word' id='word_1_535' title='bbox 1702 3523 1792 3590; x_wconf 84' lang='lat' dir='ltr'><strong>ipsius</strong></span> <span class='ocrx_word' id='word_1_536' title='bbox 1808 3526 1964 3592; x_wconf 83' lang='lat' dir='ltr'><strong>potestatis,</strong></span> 
     </span>
    </p>

    <p class='ocr_par' dir='ltr' id='par_1_38' title="bbox 278 3605 1964 3677">
     <span class='ocr_line' id='line_1_39' title="bbox 278 3605 1964 3677; baseline 0.004 -18"><span class='ocrx_word' id='word_1_537' title='bbox 278 3605 343 3659; x_wconf 92' lang='lat' dir='ltr'><strong>bum</strong></span> <span class='ocrx_word' id='word_1_538' title='bbox 361 3611 389 3657; x_wconf 89' lang='lat' dir='ltr'><strong>ct</strong></span> <span class='ocrx_word' id='word_1_539' title='bbox 407 3605 567 3671; x_wconf 81' lang='lat' dir='ltr'><strong>adversum3</strong></span> <span class='ocrx_word' id='word_1_540' title='bbox 593 3610 615 3659; x_wconf 87' lang='grc'><strong>6.</strong></span> <span class='ocrx_word' id='word_1_541' title='bbox 636 3605 711 3675; x_wconf 92' lang='lat' dir='ltr'><strong>quod</strong></span> <span class='ocrx_word' id='word_1_542' title='bbox 735 3606 763 3658; x_wconf 91' lang='lat' dir='ltr'><strong>in</strong></span> <span class='ocrx_word' id='word_1_543' title='bbox 781 3606 975 3670; x_wconf 79' lang='lat' dir='ltr'><strong>vimaetems,</strong></span> <span class='ocrx_word' id='word_1_544' title='bbox 997 3607 1026 3659; x_wconf 93' lang='lat' dir='ltr'><strong>in</strong></span> <span class='ocrx_word' id='word_1_545' title='bbox 1050 3624 1106 3677; x_wconf 89' lang='lat' dir='ltr'><strong>qua</strong></span> <span class='ocrx_word' id='word_1_546' title='bbox 1132 3625 1164 3660; x_wconf 81' lang='lat' dir='ltr'><strong>ee</strong></span> <span class='ocrx_word' id='word_1_547' title='bbox 1180 3609 1280 3673; x_wconf 71' lang='lat' dir='ltr'><strong>carisio,</strong></span> <span class='ocrx_word' id='word_1_548' title='bbox 1301 3626 1372 3677; x_wconf 83' lang='lat' dir='ltr'><strong>qaae</strong></span> <span class='ocrx_word' id='word_1_549' title='bbox 1387 3610 1479 3660; x_wconf 85' lang='lat' dir='ltr'><strong>Deam</strong></span> <span class='ocrx_word' id='word_1_550' title='bbox 1499 3610 1541 3660; x_wconf 84' lang='lat' dir='ltr'><strong>ad</strong></span> <span class='ocrx_word' id='word_1_551' title='bbox 1559 3608 1639 3661; x_wconf 87' lang='lat' dir='ltr'><strong>illam</strong></span> <span class='ocrx_word' id='word_1_552' title='bbox 1657 3609 1857 3663; x_wconf 82' lang='lat' dir='ltr'><strong>instituendam</strong></span> <span class='ocrx_word' id='word_1_553' title='bbox 1877 3630 1964 3665; x_wconf 84' lang='lat' dir='ltr'><strong>moes·</strong></span> 
     </span>
    </p>

    <p class='ocr_par' dir='ltr' id='par_1_39' title="bbox 274 3687 1964 3765">
     <span class='ocr_line' id='line_1_40' title="bbox 274 3687 1964 3765; baseline 0.004 -21"><span class='ocrx_word' id='word_1_554' title='bbox 274 3691 323 3746; x_wconf 85' lang='lat' dir='ltr'><strong>liet</strong></span> <span class='ocrx_word' id='word_1_555' title='bbox 347 3689 568 3751; x_wconf 78' lang='grc' dir='ltr'>ἀποκαιιιοιασις</span> <span class='ocrx_word' id='word_1_556' title='bbox 585 3687 697 3744; x_wconf 73' lang='grc' dir='ltr'><em>πάντων</em></span> <span class='ocrx_word' id='word_1_557' title='bbox 717 3692 810 3745; x_wconf 89' lang='lat' dir='ltr'><strong>Actor.</strong></span> <span class='ocrx_word' id='word_1_558' title='bbox 830 3697 859 3759; x_wconf 85' lang='lat'><strong>3,</strong></span> <span class='ocrx_word' id='word_1_559' title='bbox 878 3709 904 3746; x_wconf 87' lang='lat' dir='ltr'><strong>v.</strong></span> <span class='ocrx_word' id='word_1_560' title='bbox 919 3698 959 3748; x_wconf 78' lang='grc' dir='ltr'><strong>ιθ.</strong></span> <span class='ocrx_word' id='word_1_561' title='bbox 980 3710 1034 3747; x_wconf 93' lang='lat' dir='ltr'><strong>non</strong></span> <span class='ocrx_word' id='word_1_562' title='bbox 1054 3694 1107 3748; x_wconf 89' lang='lat' dir='ltr'><strong>erit</strong></span> <span class='ocrx_word' id='word_1_563' title='bbox 1131 3701 1211 3757; x_wconf 86' lang='lat' dir='ltr'><strong>rant,</strong></span> <span class='ocrx_word' id='word_1_564' title='bbox 1235 3711 1268 3746; x_wconf 82' lang='lat' dir='ltr'><strong>ea</strong></span> <span class='ocrx_word' id='word_1_565' title='bbox 1288 3695 1352 3765; x_wconf 87' lang='lat' dir='ltr'><strong>ipsa</strong></span> <span class='ocrx_word' id='word_1_566' title='bbox 1372 3694 1432 3760; x_wconf 72' lang='lat' dir='ltr'><strong>leae</strong></span> <span class='ocrx_word' id='word_1_567' title='bbox 1450 3695 1581 3748; x_wconf 78' lang='grc' dir='ltr'>ιιαιιιιοιι</span> <span class='ocrx_word' id='word_1_568' title='bbox 1605 3702 1630 3746; x_wconf 86' lang='lat' dir='ltr'><strong>rt</strong></span> <span class='ocrx_word' id='word_1_569' title='bbox 1648 3695 1767 3760; x_wconf 84' lang='lat' dir='ltr'><strong>morali,</strong></span> <span class='ocrx_word' id='word_1_570' title='bbox 1793 3697 1912 3765; x_wconf 80' lang='lat' dir='ltr'><strong>deniqne</strong></span> <span class='ocrx_word' id='word_1_571' title='bbox 1931 3715 1964 3751; x_wconf 78' lang='lat' dir='ltr'><strong>ce</strong></span> 
     </span>
    </p>

    <p class='ocr_par' dir='ltr' id='par_1_40' title="bbox 275 3776 1963 3852">
     <span class='ocr_line' id='line_1_41' title="bbox 275 3776 1963 3852; baseline 0.004 -21"><span class='ocrx_word' id='word_1_572' title='bbox 275 3777 393 3848; x_wconf 86' lang='lat' dir='ltr'><strong>amplius</strong></span> <span class='ocrx_word' id='word_1_573' title='bbox 413 3778 490 3831; x_wconf 90' lang='lat' dir='ltr'><strong>locus</strong></span> <span class='ocrx_word' id='word_1_574' title='bbox 508 3777 695 3848; x_wconf 87' lang='lat' dir='ltr'><strong>magistratui,</strong></span> <span class='ocrx_word' id='word_1_575' title='bbox 721 3783 742 3831; x_wconf 92' lang='lat'><strong>1.</strong></span> <span class='ocrx_word' id='word_1_576' title='bbox 762 3776 825 3831; x_wconf 87' lang='lat' dir='ltr'><strong>Cor.</strong></span> <span class='ocrx_word' id='word_1_577' title='bbox 847 3783 891 3844; x_wconf 81' lang='lat'><strong>15,</strong></span> <span class='ocrx_word' id='word_1_578' title='bbox 915 3795 940 3832; x_wconf 79' lang='grc' dir='ltr'><strong>ι.</strong></span> <span class='ocrx_word' id='word_1_579' title='bbox 961 3783 1006 3833; x_wconf 79' lang='lat'><strong>24:</strong></span> <span class='ocrx_word' id='word_1_580' title='bbox 1036 3778 1105 3832; x_wconf 80' lang='lat' dir='ltr'><strong>Cam</strong></span> <span class='ocrx_word' id='word_1_581' title='bbox 1127 3781 1277 3849; x_wconf 84' lang='lat' dir='ltr'><strong>potestatis</strong></span> <span class='ocrx_word' id='word_1_582' title='bbox 1302 3780 1392 3848; x_wconf 75' lang='lat' dir='ltr'><strong>aprina</strong></span> <span class='ocrx_word' id='word_1_583' title='bbox 1417 3780 1447 3832; x_wconf 87' lang='lat' dir='ltr'><strong>in</strong></span> <span class='ocrx_word' id='word_1_584' title='bbox 1464 3780 1595 3833; x_wconf 80' lang='lat' dir='ltr'><strong>cordibus</strong></span> <span class='ocrx_word' id='word_1_585' title='bbox 1618 3781 1758 3834; x_wconf 82' lang='lat' dir='ltr'><strong>lominum</strong></span> <span class='ocrx_word' id='word_1_586' title='bbox 1780 3782 1963 3852; x_wconf 79' lang='lat' dir='ltr'><strong>impressione</strong></span> 
     </span>
    </p>

    <p class='ocr_par' dir='ltr' id='par_1_41' title="bbox 274 3863 1963 3936">
     <span class='ocr_line' id='line_1_42' title="bbox 274 3863 1963 3936; baseline 0.005 -22"><span class='ocrx_word' id='word_1_587' title='bbox 274 3863 429 3916; x_wconf 84' lang='lat' dir='ltr'><strong>tradiderit</strong></span> <span class='ocrx_word' id='word_1_588' title='bbox 453 3863 581 3916; x_wconf 68' lang='lat' dir='ltr'><strong>Otrrs&#39;stns</strong></span> <span class='ocrx_word' id='word_1_589' title='bbox 598 3880 714 3932; x_wconf 72' lang='lat' dir='ltr'><strong>regnum</strong></span> <span class='ocrx_word' id='word_1_590' title='bbox 726 3863 818 3925; x_wconf 85' lang='lat' dir='ltr'><strong>Patri,</strong></span> <span class='ocrx_word' id='word_1_591' title='bbox 836 3863 980 3916; x_wconf 75' lang='lat' dir='ltr'><strong>mamete</strong></span> <span class='ocrx_word' id='word_1_592' title='bbox 999 3883 1105 3918; x_wconf 85' lang='lat' dir='ltr'><strong>omnem</strong></span> <span class='ocrx_word' id='word_1_593' title='bbox 1132 3865 1221 3917; x_wconf 81' lang='lat' dir='ltr'><strong>scinci</strong></span> <span class='ocrx_word' id='word_1_594' title='bbox 1245 3881 1332 3933; x_wconf 86' lang='lat' dir='ltr'><strong>posse</strong></span> <span class='ocrx_word' id='word_1_595' title='bbox 1355 3874 1504 3936; x_wconf 74' lang='lat' dir='ltr'><strong>perterrens,</strong></span> <span class='ocrx_word' id='word_1_596' title='bbox 1532 3865 1670 3933; x_wconf 77' lang='lat' dir='ltr'><strong>siqnidem</strong></span> <span class='ocrx_word' id='word_1_597' title='bbox 1697 3866 1795 3934; x_wconf 80' lang='lat' dir='ltr'><strong>aliqtsa</strong></span> <span class='ocrx_word' id='word_1_598' title='bbox 1821 3869 1963 3923; x_wconf 81' lang='lat' dir='ltr'><strong>laminam</strong></span> 
     </span>
    </p>

    <p class='ocr_par' dir='ltr' id='par_1_42' title="bbox 272 3949 1822 4021">
     <span class='ocr_line' id='line_1_43' title="bbox 272 3949 1822 4021; baseline 0.004 -21"><span class='ocrx_word' id='word_1_599' title='bbox 272 3950 473 4019; x_wconf 84' lang='lat' dir='ltr'><strong>principatum,</strong></span> <span class='ocrx_word' id='word_1_600' title='bbox 489 3957 654 4018; x_wconf 83' lang='lat' dir='ltr'><strong>potestatem</strong></span> <span class='ocrx_word' id='word_1_601' title='bbox 674 3957 699 3999; x_wconf 92' lang='lat' dir='ltr'><strong>et</strong></span> <span class='ocrx_word' id='word_1_602' title='bbox 717 3949 852 4002; x_wconf 84' lang='lat' dir='ltr'><strong>virtatem.</strong></span> <span class='ocrx_word' id='word_1_603' title='bbox 1131 3953 1280 4005; x_wconf 83' lang='lat' dir='ltr'><strong>multitado</strong></span> <span class='ocrx_word' id='word_1_604' title='bbox 1299 3961 1363 4004; x_wconf 88' lang='lat' dir='ltr'><strong>anta</strong></span> <span class='ocrx_word' id='word_1_605' title='bbox 1373 3959 1521 4019; x_wconf 85' lang='lat' dir='ltr'><strong>peccatam</strong></span> <span class='ocrx_word' id='word_1_606' title='bbox 1536 3961 1699 4021; x_wconf 72' lang='lat' dir='ltr'><strong>propagate</strong></span> <span class='ocrx_word' id='word_1_607' title='bbox 1716 3954 1822 4014; x_wconf 76' lang='lat' dir='ltr'><strong>suisset.</strong></span> 
     </span>
    </p>

    <p class='ocr_par' dir='ltr' id='par_1_43' title="bbox 310 4033 2006 4134">
     <span class='ocr_line' id='line_1_44' title="bbox 310 4033 2006 4134; baseline 0.004 -45"><span class='ocrx_word' id='word_1_608' title='bbox 310 4040 350 4089; x_wconf 82' lang='lat' dir='ltr'><strong>te</strong></span> <span class='ocrx_word' id='word_1_609' title='bbox 386 4033 480 4105; x_wconf 90' lang='lat' dir='ltr'><strong>Atque</strong></span> <span class='ocrx_word' id='word_1_610' title='bbox 495 4033 563 4087; x_wconf 92' lang='lat' dir='ltr'><strong>haec</strong></span> <span class='ocrx_word' id='word_1_611' title='bbox 576 4033 864 4104; x_wconf 86' lang='lat' dir='ltr'><strong>argumentafirmiter</strong></span> <span class='ocrx_word' id='word_1_612' title='bbox 876 4034 1002 4104; x_wconf 88' lang='lat' dir='ltr'><strong>probant,</strong></span> <span class='ocrx_word' id='word_1_613' title='bbox 1019 4036 1103 4089; x_wconf 90' lang='lat' dir='ltr'><strong>talem</strong></span> <span class='ocrx_word' id='word_1_614' title='bbox 1166 4043 1206 4093; x_wconf 77' lang='lat' dir='ltr'><strong>tt</strong></span> <span class='ocrx_word' id='word_1_615' title='bbox 1241 4037 1287 4091; x_wconf 91' lang='lat' dir='ltr'><strong>Ad</strong></span> <span class='ocrx_word' id='word_1_616' title='bbox 1305 4038 1481 4107; x_wconf 87' lang='lat' dir='ltr'><strong>posteriorem</strong></span> <span class='ocrx_word' id='word_1_617' title='bbox 1500 4037 1688 4106; x_wconf 89' lang='lat' dir='ltr'><strong>quaestionem</strong></span> <span class='ocrx_word' id='word_1_618' title='bbox 1707 4040 1940 4134; x_wconf 51' lang='lat' dir='ltr'><strong>respondemuss</strong></span> <span class='ocrx_word' id='word_1_619' title='bbox 1933 4060 1961 4095; x_wconf 89' lang='grc' dir='ltr'><strong>ιιι</strong></span> <span class='ocrx_word' id='word_1_620' title='bbox 1976 4055 2006 4095; x_wconf 87' lang='grc' dir='ltr'><strong>ιιι</strong></span> 
     </span>
    </p>

    <p class='ocr_par' dir='ltr' id='par_1_44' title="bbox 271 4104 2006 4452">
     <span class='ocr_line' id='line_1_45' title="bbox 275 4104 2006 4198; baseline 0.004 -24"><span class='ocrx_word' id='word_1_621' title='bbox 275 4122 413 4191; x_wconf 88' lang='lat' dir='ltr'><strong>quandam</strong></span> <span class='ocrx_word' id='word_1_622' title='bbox 428 4120 597 4189; x_wconf 89' lang='lat' dir='ltr'><strong>despoticam</strong></span> <span class='ocrx_word' id='word_1_623' title='bbox 617 4119 831 4173; x_wconf 89' lang='lat' dir='ltr'><strong>dominationem</strong></span> <span class='ocrx_word' id='word_1_624' title='bbox 851 4126 879 4173; x_wconf 90' lang='grc' dir='ltr'><strong>ιι</strong></span> <span class='ocrx_word' id='word_1_625' title='bbox 896 4121 1022 4175; x_wconf 90' lang='lat' dir='ltr'><strong>servilem</strong></span> <span class='ocrx_word' id='word_1_626' title='bbox 1039 4123 1103 4177; x_wconf 93' lang='lat' dir='ltr'><strong>sub·</strong></span> <span class='ocrx_word' id='word_1_627' title='bbox 1131 4131 1203 4177; x_wconf 88' lang='lat' dir='ltr'><strong>statu</strong></span> <span class='ocrx_word' id='word_1_628' title='bbox 1222 4123 1405 4192; x_wconf 89' lang='lat' dir='ltr'><strong>corruptionis</strong></span> <span class='ocrx_word' id='word_1_629' title='bbox 1426 4131 1489 4193; x_wconf 90' lang='lat' dir='ltr'><strong>post</strong></span> <span class='ocrx_word' id='word_1_630' title='bbox 1507 4123 1615 4192; x_wconf 88' lang='lat' dir='ltr'><strong>lapsum</strong></span> <span class='ocrx_word' id='word_1_631' title='bbox 1633 4140 1689 4176; x_wconf 92' lang='lat' dir='ltr'><strong>non</strong></span> <span class='ocrx_word' id='word_1_632' title='bbox 1709 4124 1796 4193; x_wconf 90' lang='lat' dir='ltr'><strong>ipsam</strong></span> <span class='ocrx_word' id='word_1_633' title='bbox 1815 4127 1896 4181; x_wconf 91' lang='lat' dir='ltr'><strong>modo</strong></span> <span class='ocrx_word' id='word_1_634' title='bbox 1914 4104 2006 4198; x_wconf 70' lang='lat' dir='ltr'><strong>hom,</strong></span> 
     </span>
     <span class='ocr_line' id='line_1_46' title="bbox 271 4168 2006 4300; baseline 0.002 -38"><span class='ocrx_word' id='word_1_635' title='bbox 271 4208 434 4277; x_wconf 88' lang='lat' dir='ltr'><strong>jectionem,</strong></span> <span class='ocrx_word' id='word_1_636' title='bbox 461 4223 522 4261; x_wconf 91' lang='lat' dir='ltr'><strong>cum</strong></span> <span class='ocrx_word' id='word_1_637' title='bbox 548 4206 732 4275; x_wconf 78' lang='lat' dir='ltr'><strong>repugnantia</strong></span> <span class='ocrx_word' id='word_1_638' title='bbox 758 4206 908 4260; x_wconf 87' lang='lat' dir='ltr'><strong>veluntatis</strong></span> <span class='ocrx_word' id='word_1_639' title='bbox 934 4214 962 4262; x_wconf 89' lang='lat' dir='ltr'><strong>et</strong></span> <span class='ocrx_word' id='word_1_640' title='bbox 980 4208 1105 4262; x_wconf 90' lang='lat' dir='ltr'><strong>molestia</strong></span> <span class='ocrx_word' id='word_1_641' title='bbox 1130 4209 1235 4262; x_wconf 90' lang='lat' dir='ltr'><strong>minum</strong></span> <span class='ocrx_word' id='word_1_642' title='bbox 1252 4209 1409 4262; x_wconf 85' lang='lat' dir='ltr'><strong>societatem</strong></span> <span class='ocrx_word' id='word_1_643' title='bbox 1429 4215 1457 4261; x_wconf 90' lang='lat' dir='ltr'><strong>et</strong></span> <span class='ocrx_word' id='word_1_644' title='bbox 1477 4208 1631 4262; x_wconf 86' lang='lat' dir='ltr'><strong>naturalem</strong></span> <span class='ocrx_word' id='word_1_645' title='bbox 1650 4227 1741 4262; x_wconf 88' lang='lat' dir='ltr'><strong>rorum</strong></span> <span class='ocrx_word' id='word_1_646' title='bbox 1760 4212 1893 4278; x_wconf 86' lang='lat' dir='ltr'><strong>ordinem,</strong></span> <span class='ocrx_word' id='word_1_647' title='bbox 1912 4213 1961 4267; x_wconf 89' lang='lat' dir='ltr'><strong>sed</strong></span> <span class='ocrx_word' id='word_1_648' title='bbox 1975 4168 2006 4300; x_wconf 56' lang='grc' dir='ltr'><strong>ΞΙΞ</strong></span> 
     </span>
     <span class='ocr_line' id='line_1_47' title="bbox 275 4290 2006 4391; baseline 0.003 -44"><span class='ocrx_word' id='word_1_649' title='bbox 275 4295 460 4391; x_wconf 81' lang='lat' dir='ltr'><strong>conjunctam,</strong></span> <span class='ocrx_word' id='word_1_650' title='bbox 480 4292 569 4362; x_wconf 90' lang='lat' dir='ltr'><strong>qualis</strong></span> <span class='ocrx_word' id='word_1_651' title='bbox 589 4300 652 4360; x_wconf 90' lang='lat' dir='ltr'><strong>post</strong></span> <span class='ocrx_word' id='word_1_652' title='bbox 671 4290 805 4360; x_wconf 89' lang='lat' dir='ltr'><strong>lapsum&#39;</strong></span> <span class='ocrx_word' id='word_1_653' title='bbox 798 4309 826 4344; x_wconf 87' lang='grc' dir='ltr'><strong>ιιι</strong></span> <span class='ocrx_word' id='word_1_654' title='bbox 845 4292 965 4363; x_wconf 89' lang='lat' dir='ltr'><strong>imperiis</strong></span> <span class='ocrx_word' id='word_1_655' title='bbox 985 4293 1104 4362; x_wconf 87' lang='lat' dir='ltr'><strong>politicis</strong></span> <span class='ocrx_word' id='word_1_656' title='bbox 1130 4312 1264 4350; x_wconf 88' lang='lat' dir='ltr'><strong>summam</strong></span> <span class='ocrx_word' id='word_1_657' title='bbox 1284 4312 1394 4365; x_wconf 92' lang='lat' dir='ltr'><strong>quoque</strong></span> <span class='ocrx_word' id='word_1_658' title='bbox 1413 4296 1604 4349; x_wconf 87' lang='lat' dir='ltr'><strong>necessitatem</strong></span> <span class='ocrx_word' id='word_1_659' title='bbox 1623 4297 1764 4365; x_wconf 86' lang='lat' dir='ltr'><strong>postulare</strong></span> <span class='ocrx_word' id='word_1_660' title='bbox 1783 4299 1960 4368; x_wconf 89' lang='lat' dir='ltr'><strong>magistratus</strong></span> <span class='ocrx_word' id='word_1_661' title='bbox 1974 4323 2006 4353; x_wconf 80' lang='grc' dir='ltr'><strong>ιιι</strong></span> 
     </span>
     <span class='ocr_line' id='line_1_48' title="bbox 275 4365 2006 4480; baseline 0.003 -46"><span class='ocrx_word' id='word_1_662' title='bbox 275 4387 404 4450; x_wconf 88' lang='lat' dir='ltr'><strong>apparet,</strong></span> <span class='ocrx_word' id='word_1_663' title='bbox 427 4380 455 4433; x_wconf 92' lang='lat' dir='ltr'><strong>in</strong></span> <span class='ocrx_word' id='word_1_664' title='bbox 477 4387 551 4433; x_wconf 87' lang='lat' dir='ltr'><strong>statu</strong></span> <span class='ocrx_word' id='word_1_665' title='bbox 575 4379 748 4433; x_wconf 88' lang='lat' dir='ltr'><strong>innocentiae</strong></span> <span class='ocrx_word' id='word_1_666' title='bbox 772 4378 861 4432; x_wconf 90' lang='lat' dir='ltr'><strong>locum</strong></span> <span class='ocrx_word' id='word_1_667' title='bbox 888 4377 1103 4450; x_wconf 87' lang='lat' dir='ltr'><strong>haudquaquam</strong></span> <span class='ocrx_word' id='word_1_668' title='bbox 1130 4383 1237 4480; x_wconf 92' lang='lat' dir='ltr'><strong>politici</strong></span> <span class='ocrx_word' id='word_1_669' title='bbox 1260 4381 1399 4439; x_wconf 84' lang='lat' dir='ltr'><strong>efficium.</strong></span> <span class='ocrx_word' id='word_1_670' title='bbox 1428 4382 1497 4436; x_wconf 88' lang='lat' dir='ltr'><strong>adeo</strong></span> <span class='ocrx_word' id='word_1_671' title='bbox 1523 4388 1554 4436; x_wconf 90' lang='lat' dir='ltr'><strong>ut</strong></span> <span class='ocrx_word' id='word_1_672' title='bbox 1578 4382 1651 4437; x_wconf 90' lang='lat' dir='ltr'><strong>illius</strong></span> <span class='ocrx_word' id='word_1_673' title='bbox 1675 4383 1747 4437; x_wconf 92' lang='lat' dir='ltr'><strong>inter</strong></span> <span class='ocrx_word' id='word_1_674' title='bbox 1765 4382 1888 4440; x_wconf 88' lang='lat' dir='ltr'><strong>homines</strong></span> <span class='ocrx_word' id='word_1_675' title='bbox 1906 4403 1962 4440; x_wconf 93' lang='lat' dir='ltr'><strong>non</strong></span> <span class='ocrx_word' id='word_1_676' title='bbox 1974 4365 2006 4404; x_wconf 69' lang='lat'><strong>¹⁰</strong></span> 
     </span>
    </p>

    <p class='ocr_par' dir='ltr' id='par_1_45' title="bbox 273 4463 1960 4539">
     <span class='ocr_line' id='line_1_49' title="bbox 273 4463 1960 4539; baseline 0.003 -17"><span class='ocrx_word' id='word_1_677' title='bbox 273 4467 411 4533; x_wconf 90' lang='lat' dir='ltr'><strong>habuisse,</strong></span> <span class='ocrx_word' id='word_1_678' title='bbox 430 4482 462 4520; x_wconf 86' lang='lat' dir='ltr'><strong>ex</strong></span> <span class='ocrx_word' id='word_1_679' title='bbox 475 4481 507 4519; x_wconf 91' lang='lat' dir='ltr'><strong>eo</strong></span> <span class='ocrx_word' id='word_1_680' title='bbox 525 4473 616 4518; x_wconf 89' lang='lat' dir='ltr'><strong>tamen</strong></span> <span class='ocrx_word' id='word_1_681' title='bbox 636 4463 729 4518; x_wconf 86' lang='lat' dir='ltr'><strong>inferri</strong></span> <span class='ocrx_word' id='word_1_682' title='bbox 749 4465 853 4534; x_wconf 89' lang='lat' dir='ltr'><strong>nequit,</strong></span> <span class='ocrx_word' id='word_1_683' title='bbox 872 4482 979 4519; x_wconf 90' lang='lat' dir='ltr'><strong>omnem</strong></span> <span class='ocrx_word' id='word_1_684' title='bbox 993 4467 1104 4519; x_wconf 90' lang='lat' dir='ltr'><strong>omnino</strong></span> <span class='ocrx_word' id='word_1_685' title='bbox 1131 4469 1220 4522; x_wconf 86' lang='lat' dir='ltr'><strong>minus</strong></span> <span class='ocrx_word' id='word_1_686' title='bbox 1237 4484 1319 4539; x_wconf 89' lang='lat' dir='ltr'><strong>quam</strong></span> <span class='ocrx_word' id='word_1_687' title='bbox 1338 4484 1435 4538; x_wconf 88' lang='lat' dir='ltr'><strong>aquae,</strong></span> <span class='ocrx_word' id='word_1_688' title='bbox 1454 4467 1540 4537; x_wconf 81' lang='lat' dir='ltr'><strong>panis.</strong></span> <span class='ocrx_word' id='word_1_689' title='bbox 1560 4469 1624 4522; x_wconf 89' lang='lat' dir='ltr'><strong>solis</strong></span> <span class='ocrx_word' id='word_1_690' title='bbox 1641 4475 1669 4521; x_wconf 88' lang='lat' dir='ltr'><strong>et</strong></span> <span class='ocrx_word' id='word_1_691' title='bbox 1686 4470 1757 4523; x_wconf 78' lang='lat' dir='ltr'><strong>airis</strong></span> <span class='ocrx_word' id='word_1_692' title='bbox 1776 4487 1843 4524; x_wconf 89' lang='lat' dir='ltr'><strong>usus</strong></span> <span class='ocrx_word' id='word_1_693' title='bbox 1860 4471 1897 4525; x_wconf 90' lang='lat' dir='ltr'><strong>sit</strong></span> <span class='ocrx_word' id='word_1_694' title='bbox 1914 4490 1960 4527; x_wconf 90' lang='lat' dir='ltr'><strong>ne·</strong></span> 
     </span>
    </p>

    <p class='ocr_par' dir='ltr' id='par_1_46' title="bbox 275 4548 1959 4626">
     <span class='ocr_line' id='line_1_50' title="bbox 275 4548 1959 4626; baseline 0.005 -20"><span class='ocrx_word' id='word_1_695' title='bbox 275 4554 412 4620; x_wconf 87' lang='lat' dir='ltr'><strong>ordinem,</strong></span> <span class='ocrx_word' id='word_1_696' title='bbox 448 4568 556 4606; x_wconf 88' lang='lat' dir='ltr'><strong>omnem</strong></span> <span class='ocrx_word' id='word_1_697' title='bbox 587 4548 816 4621; x_wconf 88' lang='lat' dir='ltr'><strong>gubernationem</strong></span> <span class='ocrx_word' id='word_1_698' title='bbox 846 4556 875 4604; x_wconf 88' lang='lat' dir='ltr'><strong>et</strong></span> <span class='ocrx_word' id='word_1_699' title='bbox 906 4551 1103 4621; x_wconf 86' lang='lat' dir='ltr'><strong>subjectionem</strong></span> <span class='ocrx_word' id='word_1_700' title='bbox 1131 4557 1273 4619; x_wconf 86' lang='lat' dir='ltr'><strong>cassarius,</strong></span> <span class='ocrx_word' id='word_1_701' title='bbox 1291 4553 1365 4623; x_wconf 94' lang='lat' dir='ltr'><strong>quod</strong></span> <span class='ocrx_word' id='word_1_702' title='bbox 1378 4552 1453 4608; x_wconf 88' lang='lat' dir='ltr'><strong>bisce</strong></span> <span class='ocrx_word' id='word_1_703' title='bbox 1469 4553 1658 4608; x_wconf 86' lang='lat' dir='ltr'><strong>confirmatum</strong></span> <span class='ocrx_word' id='word_1_704' title='bbox 1674 4556 1769 4610; x_wconf 91' lang='lat' dir='ltr'><strong>damus</strong></span> <span class='ocrx_word' id='word_1_705' title='bbox 1781 4559 1959 4626; x_wconf 88' lang='lat' dir='ltr'><strong>argumentis.</strong></span> 
     </span>
    </p>

    <p class='ocr_par' dir='ltr' id='par_1_47' title="bbox 275 4635 1960 4713">
     <span class='ocr_line' id='line_1_51' title="bbox 275 4635 1960 4713; baseline 0.002 -21"><span class='ocrx_word' id='word_1_706' title='bbox 275 4638 368 4698; x_wconf 72' lang='grc' dir='ltr'><em>ἁπλῶς</em></span> <span class='ocrx_word' id='word_1_707' title='bbox 387 4644 415 4692; x_wconf 88' lang='grc' dir='ltr'><strong>ιι</strong></span> <span class='ocrx_word' id='word_1_708' title='bbox 430 4639 484 4692; x_wconf 87' lang='lat' dir='ltr'><strong>late</strong></span> <span class='ocrx_word' id='word_1_709' title='bbox 496 4642 640 4706; x_wconf 89' lang='lat' dir='ltr'><strong>acceptam</strong></span> <span class='ocrx_word' id='word_1_710' title='bbox 651 4635 688 4688; x_wconf 87' lang='lat' dir='ltr'><strong>ab</strong></span> <span class='ocrx_word' id='word_1_711' title='bbox 701 4636 872 4690; x_wconf 87' lang='lat' dir='ltr'><strong>innocentiae</strong></span> <span class='ocrx_word' id='word_1_712' title='bbox 884 4644 959 4690; x_wconf 85' lang='lat' dir='ltr'><strong>statu</strong></span> <span class='ocrx_word' id='word_1_713' title='bbox 971 4646 1103 4692; x_wconf 86' lang='lat' dir='ltr'><strong>semotam</strong></span> <span class='ocrx_word' id='word_1_714' title='bbox 1132 4647 1154 4696; x_wconf 91' lang='lat' dir='ltr'><strong>t.</strong></span> <span class='ocrx_word' id='word_1_715' title='bbox 1180 4639 1256 4694; x_wconf 89' lang='lat' dir='ltr'><strong>Deus</strong></span> <span class='ocrx_word' id='word_1_716' title='bbox 1282 4639 1340 4708; x_wconf 89' lang='lat' dir='ltr'><strong>ipse</strong></span> <span class='ocrx_word' id='word_1_717' title='bbox 1361 4640 1556 4693; x_wconf 90' lang='lat' dir='ltr'><strong>constitutione</strong></span> <span class='ocrx_word' id='word_1_718' title='bbox 1580 4643 1757 4713; x_wconf 86' lang='lat' dir='ltr'><strong>magistratus</strong></span> <span class='ocrx_word' id='word_1_719' title='bbox 1785 4643 1960 4698; x_wconf 85' lang='lat' dir='ltr'><strong>manifestum</strong></span> 
     </span>
    </p>

    <p class='ocr_par' dir='ltr' id='par_1_48' title="bbox 274 4722 1960 4798">
     <span class='ocr_line' id='line_1_52' title="bbox 274 4722 1960 4798; baseline 0.002 -19"><span class='ocrx_word' id='word_1_720' title='bbox 274 4726 367 4780; x_wconf 84' lang='lat' dir='ltr'><strong>fuisse.</strong></span> <span class='ocrx_word' id='word_1_721' title='bbox 412 4724 483 4780; x_wconf 89' lang='lat' dir='ltr'><strong>Nam</strong></span> <span class='ocrx_word' id='word_1_722' title='bbox 510 4730 531 4778; x_wconf 90' lang='lat' dir='ltr'><strong>t.</strong></span> <span class='ocrx_word' id='word_1_723' title='bbox 550 4722 732 4791; x_wconf 89' lang='lat' dir='ltr'><strong>multiplicato</strong></span> <span class='ocrx_word' id='word_1_724' title='bbox 751 4738 853 4792; x_wconf 88' lang='lat' dir='ltr'><strong>genere</strong></span> <span class='ocrx_word' id='word_1_725' title='bbox 877 4722 996 4777; x_wconf 91' lang='lat' dir='ltr'><strong>humano</strong></span> <span class='ocrx_word' id='word_1_726' title='bbox 1017 4724 1104 4779; x_wconf 89' lang='lat' dir='ltr'><strong>direr-</strong></span> <span class='ocrx_word' id='word_1_727' title='bbox 1129 4727 1204 4789; x_wconf 81' lang='lat' dir='ltr'><strong>fecit,</strong></span> <span class='ocrx_word' id='word_1_728' title='bbox 1224 4742 1358 4779; x_wconf 87' lang='lat' dir='ltr'><strong>summam</strong></span> <span class='ocrx_word' id='word_1_729' title='bbox 1377 4724 1450 4779; x_wconf 93' lang='lat' dir='ltr'><strong>illius</strong></span> <span class='ocrx_word' id='word_1_730' title='bbox 1463 4743 1522 4781; x_wconf 89' lang='lat' dir='ltr'><strong>esse</strong></span> <span class='ocrx_word' id='word_1_731' title='bbox 1534 4727 1564 4781; x_wconf 91' lang='lat' dir='ltr'><strong>iu</strong></span> <span class='ocrx_word' id='word_1_732' title='bbox 1583 4743 1684 4798; x_wconf 85' lang='lat' dir='ltr'><strong>genere</strong></span> <span class='ocrx_word' id='word_1_733' title='bbox 1703 4727 1822 4782; x_wconf 91' lang='lat' dir='ltr'><strong>humano</strong></span> <span class='ocrx_word' id='word_1_734' title='bbox 1842 4730 1960 4784; x_wconf 85' lang='lat' dir='ltr'><strong>necessi·</strong></span> 
     </span>
    </p>

    <p class='ocr_par' dir='ltr' id='par_1_49' title="bbox 277 4807 1959 4881">
     <span class='ocr_line' id='line_1_53' title="bbox 277 4807 1959 4881; baseline 0.004 -18"><span class='ocrx_word' id='word_1_735' title='bbox 277 4827 324 4865; x_wconf 90' lang='lat' dir='ltr'><strong>sae</strong></span> <span class='ocrx_word' id='word_1_736' title='bbox 343 4827 376 4864; x_wconf 90' lang='lat' dir='ltr'><strong>ac</strong></span> <span class='ocrx_word' id='word_1_737' title='bbox 400 4811 493 4880; x_wconf 88' lang='lat' dir='ltr'><strong>plures</strong></span> <span class='ocrx_word' id='word_1_738' title='bbox 512 4818 588 4865; x_wconf 89' lang='lat' dir='ltr'><strong>ortae</strong></span> <span class='ocrx_word' id='word_1_739' title='bbox 605 4808 722 4862; x_wconf 82' lang='lat' dir='ltr'><strong>fuissent</strong></span> <span class='ocrx_word' id='word_1_740' title='bbox 738 4807 873 4875; x_wconf 88' lang='lat' dir='ltr'><strong>familiae,</strong></span> <span class='ocrx_word' id='word_1_741' title='bbox 894 4826 965 4880; x_wconf 89' lang='lat' dir='ltr'><strong>quae</strong></span> <span class='ocrx_word' id='word_1_742' title='bbox 982 4826 1037 4864; x_wconf 90' lang='lat' dir='ltr'><strong>non</strong></span> <span class='ocrx_word' id='word_1_743' title='bbox 1057 4827 1103 4881; x_wconf 91' lang='lat' dir='ltr'><strong>pe·</strong></span> <span class='ocrx_word' id='word_1_744' title='bbox 1130 4818 1224 4867; x_wconf 85' lang='lat' dir='ltr'><strong>tatem.</strong></span> <span class='ocrx_word' id='word_1_745' title='bbox 1265 4811 1325 4864; x_wconf 85' lang='lat' dir='ltr'><strong>Nisi</strong></span> <span class='ocrx_word' id='word_1_746' title='bbox 1354 4811 1426 4865; x_wconf 90' lang='lat' dir='ltr'><strong>enim</strong></span> <span class='ocrx_word' id='word_1_747' title='bbox 1453 4815 1625 4867; x_wconf 89' lang='lat' dir='ltr'><strong>conservatio</strong></span> <span class='ocrx_word' id='word_1_748' title='bbox 1654 4811 1790 4867; x_wconf 88' lang='lat' dir='ltr'><strong>humanae</strong></span> <span class='ocrx_word' id='word_1_749' title='bbox 1817 4815 1959 4870; x_wconf 87' lang='lat' dir='ltr'><strong>societatis</strong></span> 
     </span>
    </p>

    <p class='ocr_par' dir='ltr' id='par_1_50' title="bbox 275 4893 1960 4971">
     <span class='ocr_line' id='line_1_54' title="bbox 275 4893 1960 4971; baseline 0 -18"><span class='ocrx_word' id='word_1_750' title='bbox 275 4905 389 4953; x_wconf 86' lang='lat' dir='ltr'><strong>tuerunt</strong></span> <span class='ocrx_word' id='word_1_751' title='bbox 407 4913 499 4952; x_wconf 88' lang='lat' dir='ltr'><strong>carere</strong></span> <span class='ocrx_word' id='word_1_752' title='bbox 520 4897 627 4967; x_wconf 88' lang='lat' dir='ltr'><strong>eapite,</strong></span> <span class='ocrx_word' id='word_1_753' title='bbox 650 4895 718 4948; x_wconf 90' lang='lat' dir='ltr'><strong>alius</strong></span> <span class='ocrx_word' id='word_1_754' title='bbox 743 4893 877 4948; x_wconf 83' lang='lat' dir='ltr'><strong>defuisset</strong></span> <span class='ocrx_word' id='word_1_755' title='bbox 900 4896 966 4950; x_wconf 94' lang='lat' dir='ltr'><strong>ordo</strong></span> <span class='ocrx_word' id='word_1_756' title='bbox 987 4896 1024 4951; x_wconf 89' lang='lat' dir='ltr'><strong>ad</strong></span> <span class='ocrx_word' id='word_1_757' title='bbox 1043 4897 1103 4966; x_wconf 94' lang='lat' dir='ltr'><strong>pul·</strong></span> <span class='ocrx_word' id='word_1_758' title='bbox 1130 4897 1252 4952; x_wconf 88' lang='lat' dir='ltr'><strong>officium</strong></span> <span class='ocrx_word' id='word_1_759' title='bbox 1270 4896 1446 4967; x_wconf 88' lang='lat' dir='ltr'><strong>magistratus</strong></span> <span class='ocrx_word' id='word_1_760' title='bbox 1460 4899 1632 4969; x_wconf 87' lang='lat' dir='ltr'><strong>postulasset,</strong></span> <span class='ocrx_word' id='word_1_761' title='bbox 1651 4897 1727 4951; x_wconf 89' lang='lat' dir='ltr'><strong>Deus</strong></span> <span class='ocrx_word' id='word_1_762' title='bbox 1740 4905 1850 4969; x_wconf 89' lang='lat' dir='ltr'><strong>quaest</strong></span> <span class='ocrx_word' id='word_1_763' title='bbox 1862 4906 1960 4971; x_wconf 74' lang='grc' dir='ltr'>φιλαν-</span> 
     </span>
    </p>

    <p class='ocr_par' dir='ltr' id='par_1_51' title="bbox 273 4965 1993 5140">
     <span class='ocr_line' id='line_1_55' title="bbox 277 4965 1960 5056; baseline 0.003 -20"><span class='ocrx_word' id='word_1_764' title='bbox 277 4982 460 5039; x_wconf 72' lang='lat' dir='ltr'><strong>claritudinem</strong></span> <span class='ocrx_word' id='word_1_765' title='bbox 480 4991 508 5036; x_wconf 91' lang='lat' dir='ltr'><strong>et</strong></span> <span class='ocrx_word' id='word_1_766' title='bbox 527 4965 748 5036; x_wconf 77' lang='lat' dir='ltr'><strong>constitutionem</strong></span> <span class='ocrx_word' id='word_1_767' title='bbox 762 4979 881 5033; x_wconf 83' lang='lat' dir='ltr'><strong>universi</strong></span> <span class='ocrx_word' id='word_1_768' title='bbox 892 4983 1001 5036; x_wconf 90' lang='lat' dir='ltr'><strong>omuino</strong></span> <span class='ocrx_word' id='word_1_769' title='bbox 1014 4983 1103 5053; x_wconf 89' lang='lat' dir='ltr'><strong>requi·</strong></span> <span class='ocrx_word' id='word_1_770' title='bbox 1131 4989 1243 5056; x_wconf 77' lang='grc' dir='ltr'>ιρωιιιᾳ</span> <span class='ocrx_word' id='word_1_771' title='bbox 1276 4982 1354 5036; x_wconf 90' lang='lat' dir='ltr'><strong>illum</strong></span> <span class='ocrx_word' id='word_1_772' title='bbox 1383 4985 1506 5043; x_wconf 87' lang='lat' dir='ltr'><strong>ordinem</strong></span> <span class='ocrx_word' id='word_1_773' title='bbox 1534 4986 1627 5037; x_wconf 86' lang='lat' dir='ltr'><strong>multis</strong></span> <span class='ocrx_word' id='word_1_774' title='bbox 1654 5002 1717 5038; x_wconf 91' lang='lat' dir='ltr'><strong>cum</strong></span> <span class='ocrx_word' id='word_1_775' title='bbox 1744 4985 1875 5040; x_wconf 91' lang='lat' dir='ltr'><strong>molestiis</strong></span> <span class='ocrx_word' id='word_1_776' title='bbox 1896 5005 1960 5041; x_wconf 91' lang='lat' dir='ltr'><strong>cou-</strong></span> 
     </span>
     <span class='ocr_line' id='line_1_56' title="bbox 273 5067 1993 5140; baseline 0.002 -17"><span class='ocrx_word' id='word_1_777' title='bbox 273 5071 351 5125; x_wconf 90' lang='lat' dir='ltr'><strong>situs.</strong></span> <span class='ocrx_word' id='word_1_778' title='bbox 387 5069 427 5125; x_wconf 88' lang='lat' dir='ltr'><strong>Ut</strong></span> <span class='ocrx_word' id='word_1_779' title='bbox 450 5069 521 5122; x_wconf 91' lang='lat' dir='ltr'><strong>enim</strong></span> <span class='ocrx_word' id='word_1_780' title='bbox 542 5069 665 5140; x_wconf 89' lang='lat' dir='ltr'><strong>singulas</strong></span> <span class='ocrx_word' id='word_1_781' title='bbox 683 5067 802 5122; x_wconf 87' lang='lat' dir='ltr'><strong>familias</strong></span> <span class='ocrx_word' id='word_1_782' title='bbox 821 5068 986 5135; x_wconf 90' lang='lat' dir='ltr'><strong>oportuisset</strong></span> <span class='ocrx_word' id='word_1_783' title='bbox 1003 5068 1104 5123; x_wconf 89' lang='lat' dir='ltr'><strong>habere</strong></span> <span class='ocrx_word' id='word_1_784' title='bbox 1127 5072 1255 5140; x_wconf 86' lang='lat' dir='ltr'><strong>junctum</strong></span> <span class='ocrx_word' id='word_1_785' title='bbox 1282 5085 1336 5123; x_wconf 91' lang='lat' dir='ltr'><strong>non</strong></span> <span class='ocrx_word' id='word_1_786' title='bbox 1364 5070 1529 5125; x_wconf 90' lang='lat' dir='ltr'><strong>instituisset</strong></span> <span class='ocrx_word' id='word_1_787' title='bbox 1557 5085 1607 5123; x_wconf 86' lang='lat' dir='ltr'><strong>nec</strong></span> <span class='ocrx_word' id='word_1_788' title='bbox 1629 5071 1730 5140; x_wconf 86' lang='lat' dir='ltr'><strong>jugum</strong></span> <span class='ocrx_word' id='word_1_789' title='bbox 1755 5071 1814 5140; x_wconf 86' lang='lat' dir='ltr'><strong>ejus</strong></span> <span class='ocrx_word' id='word_1_790' title='bbox 1840 5073 1960 5127; x_wconf 90' lang='lat' dir='ltr'><strong>subditis</strong></span> <span class='ocrx_word' id='word_1_791' title='bbox 1990 5106 1993 5110; x_wconf 91' lang='lat'><em>-</em></span> 
     </span>
    </p>

    <p class='ocr_par' dir='ltr' id='par_1_52' title="bbox 274 5150 1961 5228">
     <span class='ocr_line' id='line_1_57' title="bbox 274 5150 1961 5228; baseline 0.002 -17"><span class='ocrx_word' id='word_1_792' title='bbox 274 5156 413 5226; x_wconf 89' lang='lat' dir='ltr'><strong>quoddam</strong></span> <span class='ocrx_word' id='word_1_793' title='bbox 434 5162 532 5223; x_wconf 90' lang='lat' dir='ltr'><strong>caput,</strong></span> <span class='ocrx_word' id='word_1_794' title='bbox 551 5156 590 5208; x_wconf 90' lang='lat' dir='ltr'><strong>ita</strong></span> <span class='ocrx_word' id='word_1_795' title='bbox 607 5170 718 5225; x_wconf 90' lang='lat' dir='ltr'><strong>quoque</strong></span> <span class='ocrx_word' id='word_1_796' title='bbox 735 5153 829 5222; x_wconf 87' lang='lat' dir='ltr'><strong>plures</strong></span> <span class='ocrx_word' id='word_1_797' title='bbox 845 5150 968 5207; x_wconf 87' lang='lat' dir='ltr'><strong>familiae</strong></span> <span class='ocrx_word' id='word_1_798' title='bbox 984 5170 1039 5207; x_wconf 90' lang='lat' dir='ltr'><strong>non</strong></span> <span class='ocrx_word' id='word_1_799' title='bbox 1058 5170 1104 5223; x_wconf 92' lang='lat' dir='ltr'><strong>po-</strong></span> <span class='ocrx_word' id='word_1_800' title='bbox 1130 5155 1311 5226; x_wconf 85' lang='lat' dir='ltr'><strong>imposuisset.</strong></span> <span class='ocrx_word' id='word_1_801' title='bbox 1356 5161 1379 5209; x_wconf 81' lang='lat'><strong>2.</strong></span> <span class='ocrx_word' id='word_1_802' title='bbox 1402 5155 1580 5226; x_wconf 85' lang='lat' dir='ltr'><strong>Experientia</strong></span> <span class='ocrx_word' id='word_1_803' title='bbox 1600 5159 1731 5222; x_wconf 89' lang='lat' dir='ltr'><strong>testatur,</strong></span> <span class='ocrx_word' id='word_1_804' title='bbox 1757 5164 1878 5228; x_wconf 81' lang='lat' dir='ltr'><strong>quantae</strong></span> <span class='ocrx_word' id='word_1_805' title='bbox 1897 5177 1961 5214; x_wconf 89' lang='lat' dir='ltr'><strong>eon·</strong></span> 
     </span>
    </p>

    <p class='ocr_par' dir='ltr' id='par_1_53' title="bbox 273 5235 1961 5314">
     <span class='ocr_line' id='line_1_58' title="bbox 273 5235 1961 5314; baseline 0.001 -17"><span class='ocrx_word' id='word_1_806' title='bbox 273 5244 391 5297; x_wconf 89' lang='lat' dir='ltr'><strong>tuissent</strong></span> <span class='ocrx_word' id='word_1_807' title='bbox 402 5259 461 5296; x_wconf 89' lang='lat' dir='ltr'><strong>esse</strong></span> <span class='ocrx_word' id='word_1_808' title='bbox 472 5239 609 5312; x_wconf 75' lang='grc' dir='ltr'>ἀκέφαλοι</span> <span class='ocrx_word' id='word_1_809' title='bbox 622 5246 667 5294; x_wconf 77' lang='grc' dir='ltr'><strong>και</strong></span> <span class='ocrx_word' id='word_1_810' title='bbox 680 5239 801 5294; x_wconf 71' lang='lat' dir='ltr'><strong>citantor.</strong></span> <span class='ocrx_word' id='word_1_811' title='bbox 818 5236 856 5293; x_wconf 81' lang='grc' dir='ltr'><strong>Τὸ</strong></span> <span class='ocrx_word' id='word_1_812' title='bbox 872 5235 1002 5306; x_wconf 75' lang='grc' dir='ltr'>ἄναρχον,</span> <span class='ocrx_word' id='word_1_813' title='bbox 1015 5239 1106 5311; x_wconf 92' lang='lat' dir='ltr'><strong>inquit</strong></span> <span class='ocrx_word' id='word_1_814' title='bbox 1130 5241 1251 5296; x_wconf 81' lang='lat' dir='ltr'><strong>fusiones</strong></span> <span class='ocrx_word' id='word_1_815' title='bbox 1268 5241 1401 5307; x_wconf 78' lang='lat' dir='ltr'><strong>emantur,</strong></span> <span class='ocrx_word' id='word_1_816' title='bbox 1422 5246 1525 5311; x_wconf 89' lang='lat' dir='ltr'><strong>quauta</strong></span> <span class='ocrx_word' id='word_1_817' title='bbox 1545 5239 1677 5293; x_wconf 88' lang='lat' dir='ltr'><strong>scelerum</strong></span> <span class='ocrx_word' id='word_1_818' title='bbox 1696 5242 1813 5297; x_wconf 87' lang='lat' dir='ltr'><strong>inundet</strong></span> <span class='ocrx_word' id='word_1_819' title='bbox 1830 5245 1919 5314; x_wconf 89' lang='lat' dir='ltr'><strong>copia,</strong></span> <span class='ocrx_word' id='word_1_820' title='bbox 1937 5246 1961 5298; x_wconf 90' lang='lat' dir='ltr'><strong>si</strong></span> 
     </span>
    </p>

    <p class='ocr_par' dir='ltr' id='par_1_54' title="bbox 273 5321 1961 5400">
     <span class='ocr_line' id='line_1_59' title="bbox 273 5321 1961 5400; baseline 0.001 -16"><span class='ocrx_word' id='word_1_821' title='bbox 273 5328 466 5384; x_wconf 82' lang='lat' dir='ltr'><strong>Nazianzenus</strong></span> <span class='ocrx_word' id='word_1_822' title='bbox 491 5327 537 5382; x_wconf 91' lang='lat' dir='ltr'><strong>lib.</strong></span> <span class='ocrx_word' id='word_1_823' title='bbox 564 5335 587 5384; x_wconf 88' lang='grc'><strong>3.</strong></span> <span class='ocrx_word' id='word_1_824' title='bbox 615 5327 650 5381; x_wconf 91' lang='lat' dir='ltr'><strong>de</strong></span> <span class='ocrx_word' id='word_1_825' title='bbox 673 5327 756 5381; x_wconf 91' lang='lat' dir='ltr'><strong>theol.</strong></span> <span class='ocrx_word' id='word_1_826' title='bbox 780 5327 855 5380; x_wconf 75' lang='grc' dir='ltr'>ισιιν</span> <span class='ocrx_word' id='word_1_827' title='bbox 880 5321 1004 5381; x_wconf 70' lang='lat' dir='ltr'><strong>irenen.</strong></span> <span class='ocrx_word' id='word_1_828' title='bbox 1037 5328 1104 5380; x_wconf 86' lang='lat' dir='ltr'><strong>Sine</strong></span> <span class='ocrx_word' id='word_1_829' title='bbox 1130 5327 1159 5381; x_wconf 92' lang='lat' dir='ltr'><strong>in</strong></span> <span class='ocrx_word' id='word_1_830' title='bbox 1176 5326 1320 5398; x_wconf 87' lang='lat' dir='ltr'><strong>republica</strong></span> <span class='ocrx_word' id='word_1_831' title='bbox 1332 5327 1510 5396; x_wconf 88' lang='lat' dir='ltr'><strong>magistratus</strong></span> <span class='ocrx_word' id='word_1_832' title='bbox 1528 5326 1720 5395; x_wconf 89' lang='lat' dir='ltr'><strong>contemnitur,</strong></span> <span class='ocrx_word' id='word_1_833' title='bbox 1737 5329 1813 5400; x_wconf 88' lang='lat' dir='ltr'><strong>leges</strong></span> <span class='ocrx_word' id='word_1_834' title='bbox 1831 5338 1860 5385; x_wconf 91' lang='lat' dir='ltr'><strong>et</strong></span> <span class='ocrx_word' id='word_1_835' title='bbox 1878 5331 1961 5386; x_wconf 86' lang='lat' dir='ltr'><strong>henc-</strong></span> 
     </span>
    </p>

    <p class='ocr_par' dir='ltr' id='par_1_55' title="bbox 273 5407 1960 5486">
     <span class='ocr_line' id='line_1_60' title="bbox 273 5407 1960 5486; baseline 0.002 -19"><span class='ocrx_word' id='word_1_836' title='bbox 273 5417 386 5480; x_wconf 83' lang='lat' dir='ltr'><strong>ordine,</strong></span> <span class='ocrx_word' id='word_1_837' title='bbox 410 5415 501 5486; x_wconf 91' lang='lat' dir='ltr'><strong>inquit</strong></span> <span class='ocrx_word' id='word_1_838' title='bbox 524 5412 649 5484; x_wconf 87' lang='lat' dir='ltr'><strong>Scaliger</strong></span> <span class='ocrx_word' id='word_1_839' title='bbox 671 5429 759 5467; x_wconf 83' lang='lat' dir='ltr'><strong>exerc.</strong></span> <span class='ocrx_word' id='word_1_840' title='bbox 786 5419 809 5466; x_wconf 79' lang='grc' dir='ltr'><strong>ι.</strong></span> <span class='ocrx_word' id='word_1_841' title='bbox 837 5413 871 5466; x_wconf 88' lang='lat' dir='ltr'><strong>dc</strong></span> <span class='ocrx_word' id='word_1_842' title='bbox 890 5411 983 5465; x_wconf 88' lang='lat' dir='ltr'><strong>subtil.</strong></span> <span class='ocrx_word' id='word_1_843' title='bbox 1001 5420 1104 5465; x_wconf 79' lang='lat' dir='ltr'><strong>natma</strong></span> <span class='ocrx_word' id='word_1_844' title='bbox 1131 5419 1174 5467; x_wconf 88' lang='lat' dir='ltr'><strong>sta</strong></span> <span class='ocrx_word' id='word_1_845' title='bbox 1203 5413 1313 5469; x_wconf 78' lang='lat' dir='ltr'><strong>demeto</strong></span> <span class='ocrx_word' id='word_1_846' title='bbox 1342 5407 1481 5481; x_wconf 86' lang='lat' dir='ltr'><strong>neglectui</strong></span> <span class='ocrx_word' id='word_1_847' title='bbox 1512 5408 1662 5479; x_wconf 86' lang='lat' dir='ltr'><strong>habentur,</strong></span> <span class='ocrx_word' id='word_1_848' title='bbox 1688 5415 1798 5484; x_wconf 89' lang='lat' dir='ltr'><strong>judicia</strong></span> <span class='ocrx_word' id='word_1_849' title='bbox 1827 5416 1873 5471; x_wconf 86' lang='lat' dir='ltr'><strong>vel</strong></span> <span class='ocrx_word' id='word_1_850' title='bbox 1905 5434 1960 5471; x_wconf 90' lang='lat' dir='ltr'><strong>non</strong></span> 
     </span>
    </p>
   </div>
   <div class='ocr_carea' id='block_1_3' title="bbox 272 5493 1960 5571">
    <p class='ocr_par' dir='ltr' id='par_1_56' title="bbox 272 5493 1960 5571">
     <span class='ocr_line' id='line_1_61' title="bbox 272 5493 1960 5571; baseline 0.004 -17"><span class='ocrx_word' id='word_1_851' title='bbox 272 5509 400 5555; x_wconf 84' lang='lat' dir='ltr'><strong>constare</strong></span> <span class='ocrx_word' id='word_1_852' title='bbox 416 5519 472 5554; x_wconf 75' lang='lat' dir='ltr'><strong>nora</strong></span> <span class='ocrx_word' id='word_1_853' title='bbox 488 5507 587 5571; x_wconf 86' lang='lat' dir='ltr'><strong>potest,</strong></span> <span class='ocrx_word' id='word_1_854' title='bbox 604 5500 675 5553; x_wconf 76' lang='lat' dir='ltr'><strong>nibil</strong></span> <span class='ocrx_word' id='word_1_855' title='bbox 694 5500 767 5553; x_wconf 90' lang='lat' dir='ltr'><strong>enim</strong></span> <span class='ocrx_word' id='word_1_856' title='bbox 783 5500 886 5569; x_wconf 80' lang='lat' dir='ltr'><strong>absque</strong></span> <span class='ocrx_word' id='word_1_857' title='bbox 904 5499 1102 5563; x_wconf 84' lang='lat' dir='ltr'><strong>qrdinemedi·</strong></span> <span class='ocrx_word' id='word_1_858' title='bbox 1131 5507 1293 5555; x_wconf 85' lang='lat' dir='ltr'><strong>exercentur</strong></span> <span class='ocrx_word' id='word_1_859' title='bbox 1320 5496 1363 5550; x_wconf 83' lang='lat' dir='ltr'><strong>rel</strong></span> <span class='ocrx_word' id='word_1_860' title='bbox 1389 5493 1526 5560; x_wconf 77' lang='lat' dir='ltr'><strong>injustitia</strong></span> <span class='ocrx_word' id='word_1_861' title='bbox 1549 5498 1779 5557; x_wconf 82' lang='lat' dir='ltr'><strong>contaminantur.</strong></span> <span class='ocrx_word' id='word_1_862' title='bbox 1816 5502 1897 5560; x_wconf 84' lang='lat' dir='ltr'><strong>Prov.</strong></span> <span class='ocrx_word' id='word_1_863' title='bbox 1919 5509 1960 5571; x_wconf 87' lang='lat' dir='ltr'><strong>tt,</strong></span> 
     </span>
    </p>
   </div>
   <div class='ocr_carea' id='block_1_4' title="bbox 0 0 2014 6005">
    <p class='ocr_par' dir='ltr' id='par_1_57' title="bbox 0 0 2014 6005">
     <span class='ocr_line' id='line_1_62' title="bbox 0 0 2014 6005; baseline 0 0"><span class='ocrx_word' id='word_1_864' title='bbox 0 0 2014 6005; x_wconf 95' lang='lat' dir='ltr'><strong> </strong></span> 
     </span>
    </p>
   </div>
  </div>
 </body>
</html>
