4020 6014
728 203 779 260 DE
799 200 1052 260 MAGIS'I'RATU
1071 201 1259 262 Pontico,
1388 158 1393 171 =
1770 215 1828 273 305

139 436 177 491 ad
200 437 312 509 Trajan.
348 447 372 496 6.
401 445 458 505 Qui
481 445 546 498 bene
571 447 711 515 imperare
737 449 821 517 capit,
837 446 969 516 paruerit
998 447 1053 501 ctio
1085 448 1209 502 libertati
1239 446 1409 518 reipublicae
1439 446 1658 512 convenientior,
1691 447 1828 502 successio

137 523 294 593 aliquando
303 546 413 583 necesse
423 539 471 600 cst,
481 531 577 587 Cicero
586 533 632 590 lib.
648 539 672 588 3.
687 534 721 589 de
737 534 820 606 legib.
834 539 864 588 at
876 532 923 604 qui
942 531 971 586 in
997 532 1121 602 ejusdem
1140 535 1292 589 comitati.
1330 541 1353 591 2.
1372 533 1607 604 Distinguendum
1625 541 1667 589 eat
1684 534 1756 590 inter
1774 550 1830 589 me·

139 627 263 681 purpura
280 622 369 684 natus,
390 617 419 671 in
436 617 542 673 deliciis
555 620 687 676 educatus
700 627 819 676 aetatem
838 621 900 690 fuit,
919 636 971 674 nec
983 579 986 711 l
998 618 1145 689 gistratum
1163 640 1299 675 sommum
1317 629 1342 674 et
1359 622 1520 690 inferiores,
1541 620 1570 675 in
1582 621 1631 675 illo
1649 621 1830 691 praeferenda

140 698 253 753 alterius
271 701 416 773 imperium
434 713 580 775 expertus,
598 708 673 762 unde
692 709 715 761 is
735 708 811 772 sciet,
833 708 970 779 quomodo
997 706 1107 761 videtur
1124 708 1270 775 successio,
1293 708 1321 761 iu
1339 706 1460 764 hisvero
1480 706 1586 764 electio.
1614 714 1636 762 3.
1648 707 1829 779 Distinguen-

140 353 266 406 omnibus
283 356 353 423 elipe·
369 358 447 411 debet
460 374 492 412 ea
509 361 642 429 matha,
661 359 767 415 Plinius
785 361 813 416 in
828 360 966 431 Panegyr.
984 374 987 495 y
1001 359 1109 430 debeat,
1127 361 1155 415 iu
1175 377 1276 433 genere
1295 360 1370 416 haud
1388 359 1470 415 facile
1482 359 1590 415 definiri
1609 366 1709 432 potest
1730 366 1751 417 1.
1768 361 1829 417 Ele-

141 801 207 856 erga
224 787 363 859 principes
387 790 480 846 affecti
507 793 563 847 sint
580 794 684 849 subditi
710 801 739 849 et
762 794 829 865 quid
857 794 911 848 sibi
935 793 971 848 ab
997 793 1063 846 dum
1086 794 1158 849 inter
1181 794 1342 849 electionem
1367 794 1447 861 plane
1476 794 1594 847 hierom
1617 803 1642 848 et
1661 795 1828 862 restrictam,

140 871 173 924 iis
191 871 250 926 fieri
269 874 377 930 velint?
418 884 440 932 7.
460 878 492 931 In
520 878 592 934 aulis
615 880 770 952 principum
795 887 924 952 parentes
941 879 970 934 in
997 880 1118 951 itemque
1138 882 1209 936 inter
1227 882 1427 937 successionem
1447 883 1553 934 audam
1571 890 1596 935 ct
1616 900 1677 935 cam
1696 882 1828 936 electione

139 957 242 1011 varias·
257 960 364 1030 imperii
387 978 468 1018 curas
494 964 618 1021 distracti
642 969 678 1021 ad
698 975 800 1023 rectam
821 967 970 1022 liberorum
997 969 1121 1034 quaedam
1139 969 1350 1039 complicatam,
1373 984 1445 1038 quae
1463 967 1598 1036 posterior
1616 969 1700 1038 priori
1719 970 1830 1022 videtur

140 1043 331 1101 educationem
351 1065 411 1103 sese
435 1052 593 1107 convertere
617 1060 772 1125 nequeunt,
799 1070 832 1109 ex
857 1071 912 1125 quo
930 1051 970 1121 fit,
997 1054 1186 1124 pracferenda,
1209 1054 1441 1127 quemadmodum
1453 1053 1640 1108 monarchiam
1653 1056 1828 1111 aristocratia

140 1137 171 1184 ut
200 1131 278 1187 liberi
306 1136 416 1206 saepius
448 1138 625 1210 negligantur
653 1148 681 1196 et
706 1141 741 1196 ad
770 1139 971 1210 rempublicam
996 1143 1177 1211 temperatam
1199 1141 1317 1212 simplici
1335 1138 1510 1195 monarchiae
1522 1140 1648 1212 plerique
1660 1141 1827 1212 praeferunt.

140 1221 338 1288 capessendam
367 1224 457 1278 miuus
487 1225 579 1282 idonei
603 1226 681 1282 fiant.
719 1227 773 1281 Pro
799 1226 970 1281 successione
997 1224 1042 1279 Sic
1063 1227 1098 1281 de
1117 1228 1220 1282 Aueria
1238 1227 1357 1296 dicitur,
1383 1227 1457 1298 quod
1475 1229 1619 1281 ssnioessus
1631 1229 1758 1297 popalus
1776 1230 1829 1281 Ju-

140 1304 209 1360 haec
226 1306 356 1374 afferunt,
375 1312 477 1380 quibus
494 1313 554 1382 ejus
578 1313 799 1385 praerogativam
819 1312 970 1369 stabiliunt.
997 1314 1052 1366 doe
1072 1314 1164 1382 ipsum
1183 1316 1297 1382 elegerit
1320 1322 1345 1366 et
1371 1329 1464 1381 repam
1482 1330 1544 1366 eam
1568 1316 1597 1367 ia
1619 1315 1709 1367 locrsm
1726 1331 1829 1383 paren·

141 1398 164 1444 1.
186 1393 299 1447 Minore
317 1397 480 1451 ducamine
493 1400 626 1468 prinecps
649 1401 767 1454 mmitur
785 1419 868 1470 quam
889 1415 970 1469 qaae·
997 1400 1034 1452 tis
1050 1401 1184 1454 Amaside
1204 1401 1384 1470 constituerit,
1404 1406 1428 1456 2.
1448 1400 1517 1471 Reg.
1539 1406 1577 1469 14,
1596 1419 1621 1456 u.
1642 1406 1682 1455 21.
1701 1401 1749 1456 ubi
1768 1416 1829 1455 suo·

140 1481 223 1542 riter,
235 1480 350 1535 Tacitus
359 1481 406 1540 lib.
418 1488 442 1544 i.
462 1484 556 1542 histor.
569 1487 686 1557 majores
702 1487 773 1541 enim
791 1488 820 1541 in
837 1486 970 1541 electione
996 1486 1084 1540 cessio
1104 1494 1131 1541 et
1150 1486 1247 1542 electio
1267 1487 1347 1558 quasi
1365 1487 1576 1556 complicantur.
1615 1487 1692 1542 idem
1705 1487 1827 1541 animad-

140 1566 249 1635 turbae,
268 1570 483 1639 conspirationes
495 1573 654 1638 crebriores,
675 1590 738 1628 cum
752 1581 969 1627 amasonia-ta·
995 1573 1112 1626 vertitur
1129 1573 1158 1627 in
1178 1572 1355 1627 Rehoboamo
1375 1573 1528 1628 Salomonis
1547 1572 1603 1628 filio
1623 1580 1651 1628 et
1671 1588 1828 1628 successore

140 1652 487 1727 lianssitimperiiaoido,
509 1659 645 1714 Salustius
663 1661 692 1713 in
710 1659 857 1731 iugurtha.
882 1659 970 1715 180-
999 1664 1018 1713 1.
1041 1658 1110 1730 Reg.
1138 1665 1182 1724 12,
1206 1678 1230 1713 v.
1257 1666 1278 1715 1.
1312 1666 1335 1714 2.
1355 1659 1446 1713 Paral.
1474 1667 1519 1723 10,
1538 1676 1562 1711 r.
1591 1666 1611 1715 1.
1631 1676 1712 1729 quem
1733 1659 1827 1714 itidem

140 1738 199 1791 lent
212 1739 336 1796 homiues
357 1742 486 1799 libentius
506 1746 564 1817 regi
583 1753 648 1801 nato
669 1764 751 1819 quam
770 1745 845 1802 facto
862 1762 971 1817 parere,
996 1745 1139 1800 universus
1162 1745 1281 1816 populus
1308 1763 1400 1816 regem
1431 1745 1485 1800 sibi
1517 1745 1674 1815 constituit,
1703 1747 1828 1817 quamvis

140 1826 201 1894 ejus
220 1827 292 1881 enim
313 1829 398 1883 virilis
418 1837 494 1886 aetas
513 1832 558 1886 vir
578 1840 619 1888 est
636 1833 665 1887 iu
682 1833 872 1901 admiratione,
890 1836 969 1904 cujus
993 1832 1058 1900 jure
1074 1831 1235 1887 hereditatis
1253 1832 1307 1901 ipsi
1324 1849 1440 1902 reguum
1460 1831 1617 1888 deberetur.
1638 1837 1662 1888 2.
1676 1831 1767 1886 Paral.
1787 1838 1828 1902 26,

140 1912 257 1980 pueritia
280 1919 309 1968 et
332 1916 465 1984 juventus
491 1917 544 1972 fuit
562 1918 735 1975 familiariter
757 1919 875 1990 plebejis
894 1926 969 1992 nom,
996 1935 1021 1973 v.
1051 1923 1079 1972 l:
1117 1920 1213 1972 Omnis
1232 1920 1358 1988 populas
1376 1920 1458 1973 Jado
1482 1920 1578 1972 Orione
1596 1936 1732 1974 annonam
1750 1921 1828 1972 aede-
1878 1977 1881 1983 ,

141 2005 236 2053 contm
252 2003 472 2073 succedentium,
498 2010 595 2076 utpote
614 2006 651 2061 ad
670 2006 814 2078 imperium
832 2012 969 2075 natorum,
997 2005 1050 2057 am
1067 2006 1211 2059 comtituit
1228 2022 1320 2074 repent
1335 2024 1392 2074 pro
1414 2007 1531 2059 Amasin
1544 2014 1629 2076 patra
1647 2007 1745 2075 ipsias.
1782 2005 1829 2060 Sic
1866 2064 1868 2069 ,

141 2086 231 2154 major
248 2094 290 2142 est
307 2090 468 2156 auctoritas,
492 2091 551 2161 jam
569 2110 633 2147 vero
655 2092 683 2147 in
706 2092 863 2148 obedientia
882 2100 968 2148 totum
996 2109 1063 2162 ergo
1089 2093 1172 2148 etiam
1198 2093 1227 2147 in
1256 2110 1342 2164 regno
1371 2094 1537 2148 hereditario
1562 2098 1655 2163 potest
1681 2110 1740 2148 esse
1768 2110 1827 2147 suc·

141 2171 334 2229 dominationis
366 2175 468 2231 bonum
501 2178 632 2233 concutit.
681 2185 703 2234 3.
731 2179 773 2232 Er
806 2178 970 2250 interregnis
997 2179 1098 2242 cessio,
1122 2180 1234 2250 quando
1259 2179 1378 2234 subditis
1405 2181 1448 2234 vel
1473 2180 1632 2251 proceribus
1653 2180 1728 2250 optio
1747 2180 1829 2234 datur

141 2261 342 2330 magni'solent
360 2262 462 2317 oboriri
481 2270 570 2319 metus
589 2265 632 2319 vel
656 2272 730 2320 certe
748 2266 881 2336 pericula,
900 2282 970 2336 quae
998 2280 1031 2318 ex
1049 2264 1174 2336 pluribus
1192 2266 1317 2336 ejusdcm
1338 2267 1411 2337 regis
1429 2265 1493 2321 liliis
1507 2267 1610 2339 eligere
1627 2284 1699 2331 eum,
1720 2267 1766 2338 qui
1786 2284 1828 2322 re-

141 2363 284 2401 successor
312 2355 403 2403 certus
429 2349 511 2405 facile
541 2350 679 2408 discutiet.
715 2351 823 2407 Pravae
854 2352 970 2407 aliorum
996 2350 1079 2421 liquis
1097 2353 1247 2424 prudentia
1265 2361 1292 2408 et
1311 2352 1413 2408 virtute
1440 2353 1582 2408 antecellit
1613 2353 1716 2424 quique
1743 2354 1828 2424 impc-

141 2451 203 2503 spes
224 2434 401 2505 cohibentur,
419 2437 442 2490 si
459 2453 601 2493 successor
618 2455 674 2492 non
691 2437 720 2492 in
737 2441 850 2493 incerto.
886 2445 911 2494 4.
929 2438 970 2492 Er
998 2436 1038 2490 rio
1056 2438 1099 2492 vel
1118 2439 1236 2494 maxime
1256 2439 1357 2510 diguus
1377 2445 1434 2508 est;
1453 2440 1619 2511 quandoque
1630 2456 1678 2493 res
1692 2440 1751 2510 ipse
1764 2457 1827 2494 con·

141 2518 235 2573 humili
255 2527 283 2573 et
300 2522 418 2578 obscuro
436 2523 497 2578 loco
516 2523 552 2578 ad
579 2523 723 2594 imperium
739 2542 790 2596 per
809 2525 970 2581 electionem
997 2540 1078 2579 sensu
1108 2543 1253 2596 procerum
1279 2544 1312 2581 ac
1335 2525 1419 2580 totius
1442 2527 1539 2597 populi
1565 2526 1686 2598 aliquem
1713 2545 1746 2582 ex
1764 2526 1828 2582 liliis

139 2606 262 2676 provecti
280 2609 383 2679 adepto
401 2609 560 2680 principatu
581 2611 687 2665 animos
705 2612 835 2666 attollunt
853 2613 970 2668 acinso·
996 2611 1053 2665 suis
1077 2629 1164 2683 regno
1182 2612 1324 2683 praeficit,
1354 2613 1436 2684 quale
1455 2613 1522 2683 qnid
1546 2614 1574 2666 in
1594 2613 1746 2669 Salomonis
1766 2631 1828 2669 suc·
1936 2656 1938 2663 .

140 2692 268 2748 lentiores
285 2696 448 2766 redduntur,
469 2698 542 2752 unde
556 2698 743 2770 negligentius
757 2700 901 2769 imperium
921 2699 968 2754 ad·
997 2698 1120 2753 cessione
1139 2699 1370 2754 animadvertitur
1391 2706 1412 2754 1,
1426 2698 1495 2769 Reg.
1513 2705 1534 2766 1,
1552 2717 1578 2755 v.
1599 2704 1641 2756 33.
1663 2707 1685 2756 1.
1704 2701 1769 2755 Par.
1784 2706 1826 2770 28,

138 2779 301 2849 ministrant,
315 2781 542 2854 Middendorpius
554 2785 582 2839 in
595 2801 692 2839 comm.
705 2786 741 2840 ad
754 2805 781 2857 q.
797 2792 837 2842 71.
854 2786 968 2842 Ptolem.
995 2801 1021 2837 v.
1047 2790 1069 2840 1.
1088 2783 1152 2838 talis
1173 2786 1245 2857 regis
1265 2784 1486 2855 praedecessoris
1509 2792 1537 2838 et
1561 2784 1658 2854 populi
1678 2802 1827 2842 consensus

137 2864 246 2922 Philed.
263 2867 282 2920 f.
305 2874 361 2924 128.
380 2868 424 2922 vel
443 2869 525 2924 etiam
543 2887 651 2927 omnem
671 2890 782 2944 operam
800 2879 917 2943 navant,
937 2878 970 2926 ut
995 2869 1024 2923 in
1043 2869 1172 2940 eligendo
1191 2887 1348 2925 successore
1366 2887 1398 2924 ac
1417 2870 1554 2942 quaedam
1574 2871 1652 2941 quasi
1674 2874 1824 2928 successio·

141 2951 234 3007 liberis
253 2954 438 3026 principatum
459 2955 616 3028 relinquant
642 2966 670 3012 et
692 2959 793 3012 civium
811 2959 968 3014 libertatem
995 2957 1038 3010 nis
1060 2963 1088 3011 et
1115 2956 1257 3011 electionis
1283 2957 1458 3028 complicatio
1485 2955 1599 3012 mirifice
1624 2957 1768 3013 confirmat
1794 2975 1827 3013 ac

139 3039 304 3109 oppriment.
347 3049 370 3096 5.
392 3041 489 3097 Sires
508 3053 557 3097 aut
576 3044 704 3115 princeps
730 3045 851 3115 noverit,
881 3044 968 3100 filium
995 3043 1101 3097 stabilit
1117 3044 1180 3097 novi
1200 3043 1274 3115 regis
1290 3044 1442 3114 imperium.

138 3124 190 3179 sibi
211 3127 239 3181 in
259 3127 374 3198 imperio
392 3129 520 3185 heredem
540 3130 679 3200 futurum,
705 3138 771 3185 tunc
790 3131 851 3201 ipsa
869 3137 969 3187 natura
1030 3137 1070 3186 91.
1092 3131 1241 3196 Quaeritur
1260 3137 1283 3188 3.
1304 3133 1349 3184 An
1368 3132 1480 3199 electio,
1505 3148 1577 3199 qaae
1596 3133 1628 3196 fit
1642 3148 1697 3198 per
1714 3132 1861 3229 sortem!

1811 3202 1817 3225 l

1863 3186 1923 3226 sotio

138 3211 294 3283 impellente
313 3230 420 3270 omnem
442 3223 532 3272 movet
559 3216 693 3287 lapidem,
723 3225 754 3272 ut
772 3217 859 3273 filium
877 3235 894 3273 a
913 3218 967 3289 pri-
991 3219 1143 3286 probando
1162 3219 1219 3272 eit!
1238 3218 1291 3282 uui
1310 3223 1422 3290 negant,
1440 3217 1516 3272 hisce
1535 3218 1593 3273 fere
1610 3224 1726 3272 utuntur
1743 3234 1825 3288 argu·
1839 3246 1880 3329 g,
1893 3248 1942 3278 .„,.

1863 3300 1885 3329 m
1900 3300 1953 3339 pro·

137 3300 188 3353 mis
203 3292 381 3356 incunabulis
405 3304 478 3357 omni
511 3321 577 3358 cura
601 3321 634 3359 ac
666 3303 810 3375 diligentia
828 3305 864 3360 ad
883 3306 968 3377 impe-
994 3305 1105 3359 mentis:
1130 3310 1151 3358 1.
1178 3304 1284 3358 Electio
1302 3304 1481 3375 magistratus
1505 3309 1547 3358 est
1570 3321 1613 3359 res
1631 3306 1752 3357 omnium
1770 3320 1827 3371 ma-
1840 3340 1931 3381 bad„

128 3386 207 3439 uiam
235 3387 347 3456 formet,
378 3396 405 3443 et
429 3390 521 3444 omnia
543 3391 571 3445 in
600 3407 686 3462 regno
704 3399 836 3464 tanquam
857 3393 968 3464 propria
995 3391 1066 3446 xima
1084 3392 1113 3444 in
1132 3390 1284 3462 republica,
1304 3391 1332 3444 in
1351 3408 1406 3461 qua
1426 3407 1501 3445 error
1513 3389 1641 3444 minimus
1657 3389 1730 3444 mala
1744 3390 1827 3446 affert

137 3481 222 3526 curet.
262 3480 286 3529 6.
313 3474 500 3530 Successionis
524 3494 590 3531 usus
614 3478 689 3548 apud
718 3479 820 3533 multos
849 3480 966 3550 populos
992 3477 1075 3548 longe
1093 3476 1220 3548 plurime,
1242 3477 1321 3531 sortis
1339 3476 1426 3547 igitur
1439 3476 1671 3531 arbitriotentum
1684 3478 1825 3548 negotium

137 3559 255 3628 obtinet,
279 3569 310 3614 ut
328 3568 428 3616 natura
446 3564 506 3632 ipsa
529 3563 615 3619 tacito
640 3564 759 3635 quodam
782 3566 912 3623 instinctu
930 3567 966 3622 ad
991 3581 1167 3636 nequaquam
1185 3562 1418 3617 committendum.
1455 3560 1618 3621 Aristoteles
1636 3560 1683 3618 lib.
1702 3569 1725 3620 1.
1745 3563 1825 3619 ethic.

137 3647 338 3714 successionem
359 3647 566 3718 praeferendam
586 3650 704 3705 invitare
723 3651 858 3709 videatur.
882 3653 967 3708 Plura
993 3671 1054 3722 cap.
1075 3657 1098 3706 9.
1136 3648 1283 3720 Euripides
1301 3649 1437 3703 referente
1455 3648 1606 3703 Plutarcho
1626 3650 1729 3724 κλῆρον
1746 3668 1827 3705 voca·

137 3733 266 3803 utrinque
293 3743 456 3804 argumenta
484 3737 628 3806 proferunt
653 3737 776 3793 Bodiuus
801 3740 848 3794 lib.
880 3746 903 3794 6.
932 3741 967 3796 de
994 3741 1043 3794 bat
1061 3740 1108 3805 τῆς
1125 3736 1206 3808 τύχης
1224 3738 1319 3791 παῖδα.
1356 3735 1476 3791 Tentare
1496 3736 1633 3791 fortunam
1639 3778 1647 3806 ,
1672 3736 1722 3792 ubi
1739 3739 1827 3793 cousi-

138 3820 233 3890 repub.
252 3839 312 3892 cap.
335 3829 358 3875 5.
378 3821 529 3894 Gregorius
557 3823 710 3879 Tolosauus
737 3825 796 3881 libr.
825 3833 849 3882 i.
870 3827 905 3882 de
923 3845 965 3882 re·
994 3827 1030 3881 lio
1048 3826 1141 3894 locus,
1160 3824 1346 3879 temerarium.
1388 3830 1411 3879 2.
1429 3822 1509 3888 Quod
1528 3840 1584 3878 nou
1601 3830 1694 3895 potest
1711 3825 1826 3896 dignum

135 3908 201 3977 pub.
226 3924 286 3978 cap.
308 3915 331 3964 4.
354 3909 465 3981 Lipsius
485 3910 531 3966 lib.
556 3917 580 3967 2.
599 3912 677 3982 polit.
702 3930 762 3985 cap.
784 3920 808 3968 4.
846 3913 967 3969 Warem.
994 3912 1108 3994 imperio
1127 3910 1163 3966 ab
1182 3911 1298 3982 indigno
1316 3911 1485 3983 discernere,
1515 3911 1584 3965 illud
1608 3929 1659 3966 nec
1680 3913 1764 3968 debet
1782 3912 1827 3967 de·

138 3995 173 4048 ab
206 3990 370 4067 Ehrenbcrg
397 3998 425 4051 iu
452 4006 519 4053 orat.
548 3998 583 4052 de
612 3998 664 4053 hac
683 3999 844 4071 quaestione
863 3999 966 4055 habita.
994 4015 1114 4054 cernere.
1138 3999 1177 4053 At
1188 4016 1248 4054 sors
1257 3998 1328 4052 iuter
1339 3997 1477 4055 Neronem
1487 4006 1515 4053 et
1526 3997 1828 4053 Tiberiumdisceruere

138 4079 192 4135 Pro
219 4082 409 4138 conciliatione
434 4085 630 4140 sententiarum
656 4086 768 4157 quidam
795 4086 970 4158 distinguunt
994 4086 1098 4157 nequit.
1138 4092 1162 4142 3.
1180 4084 1360 4156 Experientia
1378 4084 1597 4156 comprobatum,
1617 4091 1691 4141 sorte
1704 4083 1828 4154 quaudo·

139 4168 189 4222 hoc
209 4170 298 4234 modo,
319 4172 392 4241 quod
413 4172 509 4226 electio
527 4174 564 4226 sit
582 4174 681 4242 tutior,
699 4175 836 4228 successio
857 4181 970 4245 propter
996 4189 1050 4245 que
1067 4174 1185 4228 electum
1206 4190 1266 4228 esse
1285 4189 1364 4241 eum,
1383 4173 1430 4244 qui
1450 4172 1562 4226 minime
1580 4171 1701 4228 omnium
1721 4171 1757 4224 ad
1777 4170 1828 4225 rei·

138 4255 291 4326 ingenitum
311 4259 483 4313 subditorum
502 4277 569 4331 erga
592 4260 698 4331 regiam
722 4261 827 4331 prolem
847 4261 968 4315 amorem
995 4260 1123 4332 publicae
1146 4259 1334 4332 gubernacula
1359 4259 1530 4330 capessenda
1557 4259 1681 4315 idoneus.
1715 4264 1739 4311 4.
1766 4255 1828 4310 Ele·

138 4345 274 4398 stabilior.
321 4344 377 4398 Alii
400 4345 575 4417 distinguunt
600 4347 671 4402 inter
698 4349 845 4417 imperium
870 4348 970 4402 ‘consti-
996 4350 1050 4402 ctio
1069 4346 1247 4418 magistratus
1266 4363 1315 4416 per
1334 4353 1433 4401 sortem
1453 4345 1546 4400 multis
1570 4344 1715 4400 fraudibus
1733 4349 1761 4396 et
1778 4342 1827 4396 im·

47 4428 125 4471 'lm
139 4433 266 4482 taetricum
285 4438 310 4483 et
329 4433 514 4488 constitutam.
549 4432 636 4489 Nobis
661 4433 698 4488 sic
717 4434 810 4504 placet
826 4434 969 4505 progredi:
995 4433 1115 4506 pasturis
1137 4439 1179 4488 est
1204 4431 1330 4487 obnoxia.
1372 4433 1536 4503 Exemplum
1559 4432 1643 4487 refert
1666 4429 1827 4485 Athenaeus

139 4518 160 4570 si
178 4519 207 4569 in
227 4517 371 4585 hypothesi
390 4527 551 4588 quaeratur,
576 4537 612 4574 an
631 4520 659 4573 in
680 4521 731 4574 hoc
756 4519 800 4575 vel
819 4519 867 4576 illo
885 4538 970 4592 regno
995 4521 1044 4577 lib.
1064 4528 1088 4577 9.
1108 4520 1143 4575 de
1162 4520 1352 4574 sacerdotibus
1379 4520 1467 4573 Isidis.
1505 4518 1559 4582 Qui
1578 4517 1659 4572 sortis
1683 4515 1828 4570 arbitrium

138 4602 320 4673 pracferenda
338 4605 375 4658 sit
400 4605 509 4675 electio,
532 4623 567 4662 au
593 4609 744 4677 successio,
769 4606 969 4677 simplicissime
996 4612 1104 4680 urgent,
1121 4606 1265 4676 proferunt
1282 4606 1349 4662 hacc
1363 4605 1559 4660 fundamenta:
1594 4612 1616 4660 1.
1637 4602 1729 4658 Sortes
1746 4620 1829 4674 pecu·

88 4698 91 4703 ’
138 4690 336 4761 respondetur,
367 4692 440 4761 quod
468 4692 543 4764 leges
579 4693 799 4750 fundamentales
835 4696 970 4765 cujusque
995 4695 1058 4750 liari
1075 4693 1128 4748 Dei
1147 4693 1323 4765 providentia
1341 4693 1532 4764 gubernantur
1550 4690 1632 4746 Prov.
1660 4697 1705 4760 16,
1732 4709 1757 4745 v.
1785 4696 1827 4747 33.

139 4778 216 4849 regui
235 4778 290 4831 sint
307 4778 389 4831 unice
408 4779 598 4848 respiciendae
618 4788 646 4837 et
664 4799 757 4838 earum
772 4798 867 4835 norma
884 4781 969 4851 impe·
995 4780 1170 4854 Augustinus
1196 4781 1224 4834 iu
1249 4780 1349 4836 Psalm.
1378 4784 1426 4834 30:
1451 4778 1521 4831 Sora
1546 4785 1586 4830 est
1608 4778 1637 4829 in
1656 4777 1829 4830 dictitatioac

138 4867 169 4919 rii
190 4864 385 4919 constitutione
404 4865 594 4935 observanda,
620 4885 671 4923 nec
690 4872 836 4940 praetextu
860 4867 965 4939 specio-
996 4870 1117 4922 bamam
1139 4869 1253 4921 dios'uoe
1269 4866 1405 4920 indiciam
1428 4864 1594 4930 volantatia3
1620 4864 1668 4935 qui
1690 4881 1757 4934 ergo
1781 4880 1831 4935 per

138 4970 229 5007 sarum
266 4952 440 5022 quarundam
477 4953 615 5008 rationum
654 4954 753 5009 modus
783 4954 970 5009 constituendi
996 4959 1096 5010 sortem
1131 4954 1256 5026 eligitur,
1297 4952 1390 5006 divino
1416 4949 1523 5021 judicio
1560 4958 1687 5004 censetur
1718 4950 1831 5018 electus,

137 5040 331 5109 magistratum
349 5038 458 5110 legibus
477 5037 606 5095 definitus
625 5047 729 5096 temere
754 5042 909 5096 mutandus.
939 5025 970 5095 s‘i
997 5049 1020 5097 2.
1039 5041 1094 5096 Per
1118 5046 1219 5097 semem
1247 5033 1382 5094 tolluntur
1407 5038 1512 5091 semina
1538 5037 1739 5092 discordiarum
1757 5037 1830 5092 iuter

137 5127 166 5179 in
192 5127 264 5180 thesi
289 5133 317 5181 et
340 5128 369 5180 in
395 5125 477 5181 ideali
497 5125 601 5197 absque
625 5126 794 5181 abstractiva
815 5127 970 5182 considera·
996 5129 1069 5183 cives
1098 5127 1246 5183 metuenda
1271 5126 1298 5179 in
1325 5124 1504 5197 magistratus
1530 5124 1672 5180 electione.
1711 5130 1737 5177 3.
1758 5123 1829 5178 Saul

138 5212 212 5267 tione
230 5221 386 5283 quaeratur,
405 5221 467 5267 uter
486 5213 583 5266 modus
602 5209 799 5283 praeferendus
819 5213 863 5279 sit,
881 5213 970 5284 primo
997 5215 1100 5288 primus
1117 5212 1305 5267 lsrailitarum
1324 5228 1369 5266 rex
1385 5218 1457 5266 sorte
1470 5210 1573 5267 electus
1592 5211 1645 5265 fuit
1664 5217 1684 5266 l.
1700 5210 1773 5270 Sam.
1790 5218 1829 5281 to,

137 5301 258 5354 omnium
277 5301 574 5372 praesupponendum,
595 5301 669 5371 quod
689 5307 805 5373 uterque
824 5301 859 5355 sit
878 5301 970 5356 licitus
984 5335 985 5338 =
997 5322 1022 5357 v.
1038 5309 1079 5358 21.
1104 5305 1127 5354 4.
1141 5299 1268 5353 tustinus
1282 5297 1330 5353 lib.
1349 5304 1388 5355 13.
1398 5297 1462 5355 hist.
1481 5299 1516 5353 de
1541 5297 1744 5353 successoribus
1765 5299 1830 5353 Ale·

138 5406 170 5443 ac
191 5389 343 5459 legitimus,
368 5394 484 5461 uterque
508 5388 639 5459 exemplis
665 5406 760 5443 sacrae
784 5388 915 5443 historiae
941 5389 969 5442 iu
998 5388 1093 5442 sundri
1114 5383 1210 5456 Magni
1230 5385 1330 5452 refert,
1350 5386 1423 5456 quod
1443 5391 1516 5439 sorte
1536 5385 1679 5440 diviserint
1697 5402 1783 5456 regna
1803 5393 1831 5442 et

138 5474 241 5546 populo
259 5475 412 5530 Israiilitico
431 5475 640 5547 comprobatus;
668 5485 729 5529 uter
754 5492 817 5529 vero
836 5475 968 5545 praeferri
999 5473 1171 5547 provincias,
1199 5470 1346 5526 Suetonius
1377 5473 1404 5524 ln
1430 5471 1544 5540 Vespas.
1567 5488 1627 5541 cap.
1648 5478 1671 5527 2.
1692 5477 1831 5540 memorat,

188 5570 290 5612 aarum
303 5570 350 5614 loct
371 5571 404 5613 ut
1468 5579 1501 5628 20
