4020 6014
194 313 261 371 nte
539 329 544 338 ¹
765 307 887 369 nocue
903 305 1108 367 vlumus
1130 306 1311 373 nudantis

195 467 364 530 ρονοοοοοο,
390 477 436 516 ras
464 464 611 518 mutabiles
639 471 665 518 et
691 465 869 519 ludaeorum
892 481 948 534 pro
975 462 1030 518 illo
1059 460 1161 519 ethnici
1186 460 1358 519 Christianos
1380 460 1521 531 subjector
1548 476 1608 517 esse
1635 461 1737 517 volunt
1755 467 1786 517 at
1800 476 1889 517 conse

193 554 322 618 ›imper-s
351 549 490 616 proprios
524 551 643 616 fumant
671 551 858 623 mancipatio
888 566 1031 606 ramorum
1058 553 1177 618 quenter
1193 553 1357 617 potestatem
1375 547 1482 603 ferendi
1507 547 1584 619 leges
1599 547 1639 602 ad
1657 545 1836 617 reipublicae
1851 562 1888 602 ra·

199 651 396 704 ememusque
417 637 611 692 Ηιὸνοοονοοο
628 654 703 693 anno
721 638 852 708 septimo,
870 637 1031 707 mmmm
1058 633 1144 689 intem
1182 639 1340 704 spectantes
1376 634 1551 706 magistratui
1587 635 1681 690 datam
1720 632 1888 690 confirmot

198 738 262 787 orme
278 723 367 776 oidno
386 723 512 792 frateio,¹
522 725 665 792 oopnmice
684 725 814 793 desumo
830 726 933 794 absque
946 723 1030 794 prole
1057 720 1131 787 Quid
1149 720 1223 790 qnod
1241 720 1278 774 ad
1298 721 1444 793 privilegia
1454 720 1597 777 Romam
1615 721 1732 792 politiae
1751 720 1888 792 apostolo

199 807 341 872 moeonia,
360 810 529 863 condonatio
552 811 642 863 metui
656 811 688 864 in
712 827 787 864 anno
805 810 944 879 jubilaeo,
967 826 1030 862 oon·
1057 807 1333 876 provocationem
1355 824 1380 860 v.
1409 812 1459 863 25:
1485 808 1561 861 Num
1577 807 1716 861 hominem
1735 808 1891 863 Romana

192 891 307 961 jupiam
332 911 394 948 omn
408 895 533 948 'muliere
553 897 679 964 ejusdem
702 897 789 950 tribue
806 898 899 953 etot*
942 894 1030 966 Magi·
1056 893 1179 945 nondum
1196 893 1349 947 conuictum
1373 894 1439 948 lieet
1458 893 1629 962 homme!
1652 893 1716 951 Act
1737 899 1783 963 25,
1806 911 1832 949 v.
1850 899 1891 951 lt:

196 979 297 1034 anetui
320 995 386 1051 ergo
412 980 568 1036 Christiano
591 981 725 1037 divinitus
753 983 819 1037 data
842 988 886 1037 est
906 986 1030 1053 potestas
1057 978 1107 1031 Ab
1132 978 1255 1033 tribunal
1279 980 1403 1032 camaris
1421 988 1477 1050 ato,
1503 980 1543 1032 ibi
1567 995 1609 1033 me
1627 987 1740 1049 oportet
1751 980 1892 1048 judicoei

198 1063 262 1119 aliis
279 1065 389 1137 legibus
400 1084 483 1139 quam
502 1067 657 1123 forensibus
669 1068 799 1124 Moesicis
819 1069 847 1123 in
859 1066 1029 1138 reipublicae
1056 1063 1120 1122 lam
1147 1081 1226 1133 vero,
1257 1066 1305 1136 qni
1330 1065 1482 1136 privilegiis
1501 1065 1619 1135 alicujus
1637 1065 1752 1135 pditiae
1771 1065 1893 1137 gaudem

199 1151 436 1209 administratione
461 1154 556 1209 utendi
575 1171 609 1209 ae
626 1172 712 1210 novae
731 1156 808 1227 leges
825 1153 1029 1225 promulgandi,
1057 1150 1147 1219 cupit,
1174 1151 1298 1220 ejusdcm
1326 1152 1403 1222 legas
1433 1152 1569 1222 approbet
1596 1168 1709 1209 neccsse
1735 1159 1793 1210 eet.
1838 1152 1892 1224 ap

198 1237 280 1293 modo
306 1243 361 1293 sint
377 1238 523 1304 honestae,
543 1242 650 1311 justae,
673 1241 732 1311 juri
750 1240 872 1296 naturali
890 1255 1030 1310 congruae
1056 1235 1180 1305 probatis
1209 1251 1273 1292 vero
1301 1238 1411 1308 legibue
1438 1245 1561 1308 potesate
1593 1239 1762 1308 νομοθειοκὴ
1796 1255 1893 1311 appan

199 1324 279 1379 etad
304 1324 407 1380 bonum
430 1326 571 1396 publicum
588 1327 826 1395 accommodatae,
851 1325 881 1380 id
898 1326 973 1397 qued
991 1341 1030 1380 se
1056 1324 1148 1384 batur.

199 1410 348 1480 questibus
373 1412 592 1468 demonstramus
617 1412 794 1484 argumentis
834 1417 858 1468 1.
876 1413 903 1466 Δ
922 1428 1029 1482 penore.
1093 1413 1150 1469 220.
1185 1409 1333 1476 Quaeritur
1365 1413 1394 1467 2.
1413 1413 1461 1464 Aa
1480 1413 1522 1464 od
1538 1411 1627 1480 lepem
1644 1413 1815 1481 requirens·
1827 1415 1934 1483 preti

199 1495 251 1551 Gni
261 1497 339 1552 Deua
351 1502 516 1568 potestatem
530 1498 653 1570 ἀρχικήν,
670 1499 874 1570 imperatoriam
886 1506 914 1554 et
929 1496 1029 1568 guber-
1057 1495 1215 1562 melantia!
1250 1494 1384 1560 Omnino,
1407 1497 1438 1551 ld
1455 1496 1596 1566 probatur.
1614 1504 1638 1553 1.
1654 1514 1689 1552 sm
1703 1499 1834 1557 semme
1849 1465 1934 1568 rem

200 1583 336 1638 mmrism
355 1583 489 1654 concedit,
506 1584 547 1639 illi
565 1584 648 1640 etiam
666 1586 715 1640 det
728 1591 893 1655 potestatem
911 1591 1029 1658 nepaes·
1056 1582 1138 1635 tione.
1179 1583 1256 1638 luter
1279 1581 1370 1653 Ιοεοιο
1395 1582 1517 1638 divinam
1543 1583 1675 1645 moralem
1693 1590 1724 1639 et
1742 1581 1934 1673 humanum

199 1664 289 1737 οοοὶν,
317 1669 390 1727 ratio
411 1676 468 1739 est,
492 1671 559 1742 quia
581 1673 747 1739 νομοθετική
772 1677 815 1727 est
841 1671 947 1742 species
969 1671 1030 1725 sive
1056 1665 1201 1736 poeitivem
1219 1666 1274 1723 hoc
1292 1667 1458 1723 discriminis
1471 1669 1627 1739 intercedit
1646 1670 1721 1740 quod
1735 1670 1780 1727 lex
1798 1671 1894 1729 dirim

200 1772 265 1825 pars
296 1753 408 1827 ἀρχικῆς
440 1764 469 1811 st
501 1757 608 1828 absque
636 1759 804 1831 νομοθοοοκῇ
833 1756 1029 1829 gubernatoris
1050 1757 1275 1822 ¹utpoteaeterna
1292 1758 1321 1808 et
1332 1753 1512 1810 immutabilis
1524 1754 1741 1826 obligatomnes
1754 1756 1892 1826 domium

197 1839 280 1896 finem
306 1858 388 1896 enum
414 1840 540 1898 obtinere
557 1842 667 1913 nequit,
685 1848 717 1897 ut
736 1843 862 1913 superius
880 1848 1029 1912 ostensum,
1057 1839 1139 1897 etiam
1163 1855 1224 1904 eos,
1251 1839 1353 1910 quibus
1380 1857 1435 1897 non
1463 1846 1506 1897 est
1529 1848 1642 1901 externa
1668 1843 1892 1915 promulgatione

197 1928 271 1983 unde
290 1928 374 1984 etiam
390 1926 473 1987 Prov.
491 1932 515 1992 8,
533 1946 558 1984 e.
579 1935 618 1984 lb.
642 1946 762 1997 repnore
779 1937 805 1984 et
824 1929 962 1997 imtsliom
980 1929 1028 1982 de·
1051 1924 1187 1994 repetita,
1204 1925 1255 1980 sed
1273 1925 1317 1981 lex
1337 1926 1456 1999 positiva
1472 1944 1528 1983 non
1547 1927 1655 1999 obliget
1674 1946 1739 2000 eos,
1756 1930 1813 1985 nisi
1834 1930 1892 2002 qui·

196 2031 309 2069 οοονοονο
331 2016 537 2086 conjungentem
566 2020 595 2071 et
613 2014 677 2070 Ese.
698 2021 743 2080 33,
767 2034 793 2091 r.
816 2020 858 2072 22.
884 2015 954 2070 haec
973 2014 1029 2069 duo
1050 2009 1107 2065 bus
1129 2027 1184 2081 por
1209 2012 1460 2083 promulgationem
1490 2021 1533 2070 est
1559 2015 1708 2075 insinuata
1759 2016 1820 2073 Ises
1851 2022 1891 2075 att

197 2100 278 2157 simul
307 2107 461 2172 ponuntur,
497 2102 638 2156 Dominae
669 2118 719 2156 ree
745 2094 855 2172 noster,
885 2101 1027 2155 Dominae
1053 2097 1244 2159 faciendorum
1263 2116 1296 2153 ac
1307 2099 1503 2170 fugiendorum
1523 2119 1627 2159 norma.
1659 2103 1748 2174 Atqui
1769 2104 1806 2162 ad
1819 2103 1889 2161 hane

196 2186 301 2254 beentur
330 2195 441 2255 noster,
465 2203 529 2242 nam
554 2186 628 2258 regis
651 2194 695 2243 eet
717 2187 819 2258 jubere
848 2191 876 2242 et
901 2186 1027 2257 Jubendo
1049 2200 1178 2247 noemam
1196 2184 1319 2241 actiones
1337 2202 1401 2241 suas
1420 2186 1524 2245 subditi
1550 2187 1722 2249 conformare
1739 2193 1888 2261 nequeunt

196 2272 272 2343 leges
296 2271 376 2329 ierre.
419 2270 484 2328 lam
509 2289 574 2329 vero
599 2272 772 2344 magistratui
805 2272 937 2329 divinitus
961 2273 1027 2329 data
1053 2270 1106 2329 nisi
1122 2269 1177 2329 illie
1190 2271 1228 2327 sit
1238 2271 1358 2342 cognita,
1372 2273 1485 2344 cognita
1495 2289 1561 2328 vero
1569 2291 1632 2331 esee
1640 2275 1890 2346 -nequit,uiaip³ro

197 2366 240 2414 est
255 2363 378 2429 potestm
395 2356 494 2429 ἀρχικοὶ
512 2358 592 2413 Rom.
616 2363 655 2427 13,
675 2372 701 2415 v.
723 2365 745 2414 1.
774 2365 796 2415 1.
807 2359 882 2414 Patr.
895 2365 919 2427 2,
937 2376 964 2413 r.
986 2365 1025 2415 13.
1052 2355 1200 2427 mulgetur.
1215 2358 1570 2425 commonstrandae.
1586 2360 1696 2419 inistis
1713 2361 1889 2423 mutum

169 2470 172 2477 .
198 2444 250 2514 ipai
277 2444 409 2515 competit
434 2444 588 2515 imperandi
615 2449 754 2515 potestas,
789 2445 909 2502 subditis
935 2453 1028 2501 manet
1051 2443 1141 2510 Lepet
1159 2443 1355 2509 inculcantur,
1381 2462 1443 2498 eum
1460 2446 1691 2516 proculcantur.
1712 2465 1736 2502 e
1771 2447 1888 2513 litani-

197 2529 346 2589 obediendi
357 2530 514 2588 necessitas.
543 2530 619 2603 Ergo
631 2531 714 2589 etiam
726 2536 849 2604 polentae
861 2531 1027 2602 νομοθετοκὴ
1052 2544 1158 2587 merum
1169 2535 1222 2586 etc.
1233 2531 1593 2589 exnadeconetitutionib.:
1608 2533 1889 2604 Utenirnarnmpen'·

195 2616 238 2675 illi
257 2617 332 2674 data
370 2620 398 2675 2.
415 2619 442 2671 A
455 2619 524 2686 fine.
562 2617 614 2674 Cui
631 2635 724 2675 curem
742 2619 808 2675 boni
826 2618 932 2689 publici
947 2618 1027 2675 Deus
1052 2617 1125 2671 culm
1143 2617 1280 2684 οὸοὶοενν,
1304 2618 1447 2673 sententiis
1458 2634 1514 2687 per
1530 2626 1644 2679 amram
1661 2636 1887 2690 quoa-amm

196 2702 346 2771 commisit,
369 2703 408 2761 illi
428 2705 510 2762 etiam
535 2710 700 2775 potestatem
728 2704 903 2762 ferendarum
932 2704 1025 2777 legum
1054 2703 1266 2758 ordinariorum
1298 2703 1390 2772 ligore
1414 2704 1545 2765 mahomes
1565 2705 1741 2773 e'onornrstes.
1785 2710 1814 2761 3.
1835 2709 1887 2771 „Ee

137 2798 140 2802 ⁴
197 2789 289 2860 dedit3
307 2789 377 2845 ratio
395 2797 445 2856 est,
463 2790 529 2862 quia
546 2791 591 2846 lex
609 2796 652 2845 eet
668 2789 799 2852 medium,
818 2807 868 2860 per
886 2792 960 2863 quod
978 2791 1026 2847 bo·
1047 2789 1116 2857 jure
1135 2788 1254 2845 cimelii.
1280 2788 1374 2860 Leges
1392 2795 1418 2845 9.
1437 2788 1467 2844 C.
1486 2789 1520 2845 de
1540 2790 1663 2862 legibue:
1680 2793 1772 2862 Ioues
1788 2811 1887 2855 mo·

81 2912 84 2917 ·
196 2893 263 2937 num
281 2874 423 2945 publicum
439 2876 594 2947 promoveri
615 2875 710 2945 debet,
736 2877 811 2932 unde
830 2876 911 2933 Plato
931 2876 1028 2934 definit
1054 2875 1187 2940 tissimus,
1205 2891 1277 2944 quoe
1296 2877 1487 2944 constringunt
1501 2876 1642 2938 hominm
1661 2879 1743 2949 citos,
1764 2879 1887 2950 intelligi

96 3008 102 3036 Ι.
196 2963 301 3035 legem,
325 2962 400 3034 quod
417 2963 455 3019 ss'e
471 2963 650 3033 pnbmnomdi
665 2963 741 3017 ratio
760 2965 942 3034 somnioque
958 2981 1025 3018 cera
1054 2963 1089 3016 ob
1114 2961 1240 3019 omnibus
1262 2963 1367 3019 nobem
1407 2963 1441 3019 ln
1465 2978 1585 3032 procum
1608 2963 1695 3023 instit.
1714 2965 1784 3023 dicit
1798 2965 1884 3031 ‚luati-

196 3051 280 3114 finem
298 3051 340 3102 od
350 3050 489 3119 *optimum
505 3067 559 3120 per
577 3038 722 3104 commodo
741 3051 836 3103 medio
854 3067 905 3105 noa
918 3053 1026 3120 perdo
1048 3049 1170 3105 ,omnusz
1188 3050 1289 3105 Omnea
1302 3049 1408 3120 populi
1423 3050 1532 3119 lapibus
1551 3057 1609 3105 tam
1626 3069 1646 3105 o
1662 3052 1744 3111 nobis
1758 3052 1885 3123 proceni*

102 3136 105 3140 ⁴
198 3151 271 3203 esne,
282 3137 502 3206 transgredienti
507 3153 638 3206 poenam,
647 3137 765 3205 parenti
772 3136 932 3205 proemium
940 3152 1025 3206 prae·
1053 3137 1136 3204 potis,
1154 3152 1237 3204 quom
1256 3136 1416 3204 compositu
1433 3144 1582 3206 regnetur,
1599 3137 1629 3193 iu
1649 3154 1722 3208 quae
1738 3138 1826 3201 verba
1839 3139 1885 3201 ¹aie

191 3223 291 3292 steens.
326 3223 366 3277 At
387 3222 563 3294 mgismtn
588 3221 725 3279 commitit
739 3221 818 3277 Deue
842 3238 936 3278 curem
961 3221 1027 3278 boni
1054 3227 1255 3280 commentatur
1273 3221 1483 3293 Mynsingerue:
1509 3224 1596 3292 Lepet
1623 3231 1681 3278 tum
1699 3227 1886 3297 promulgari

196 3307 315 3380 publici,
337 3310 366 3363 in
385 3326 417 3366 eo
438 3309 512 3364 enim
538 3308 664 3364 consistit
682 3307 829 3364 discrimen
848 3307 1026 3380 magistratus
1053 3309 1193 3377 dicaretur,
1213 3325 1274 3363 enm
1285 3309 1415 3377 primum
1433 3309 1464 3368 im
1481 3309 1581 3379 aulem
1595 3311 1725 3381 οάοιοιον,
1745 3310 1812 3368 ideo
1816 3329 1885 3382 pro·

196 3404 225 3452 et
250 3396 437 3464 subditorum,
461 3396 535 3468 quod
561 3395 609 3452 ille
632 3395 755 3451 aobcitus
778 3412 838 3452 esee
865 3394 966 3451 debeat
992 3395 1027 3450 de
1054 3393 1396 3463 matemautensem,
1417 3411 1487 3464 quos
1508 3396 1884 3467 ipaeediditntqusiaoul·

196 3481 269 3537 bono
287 3481 388 3539 cirinm
400 3481 521 3553 publico,
540 3481 567 3537 hi
583 3498 648 3538 vero
661 3482 776 3553 privatis
791 3481 889 3537 officiis
902 3481 1026 3537 contenti
1053 3482 1138 3549 pavie
1176 3479 1351 3553 Compositor
1377 3498 1443 3537 vero
1462 3484 1537 3553 hoen
1553 3482 1699 3552 inteliiqim
1721 3501 1793 3554 quus
1806 3493 1885 3540 raim

196 3569 289 3625 vivere
308 3568 435 3627 debeant.
466 3569 542 3640 lingo
561 3569 645 3625 etiam
664 3568 839 3640 magietsatni
850 3568 1026 3625 ferendarum
1047 3568 1197 3636 primam
1215 3575 1240 3622 et
1255 3568 1447 3638 juramendo·
1462 3569 1624 3639 edidartmt,
1648 3572 1701 3624 aad
1718 3572 1780 3640 ipae
1799 3573 1884 3643 impe

196 3656 289 3727 legum
303 3661 466 3725 potestatem
487 3655 572 3712 dedit.
602 3658 672 3712 M
689 3656 842 3725 requisitis.
874 3655 926 3711 Oui
937 3655 1026 3725 requi·
1052 3661 1134 3708 rotor
1151 3654 1182 3707 in
1200 3653 1328 3710 ordinem
1351 3655 1466 3723 rampo.
1501 3653 1574 3711 Nor.
1594 3660 1636 3721 bb,
1661 3673 1684 3712 c.
1708 3663 1728 3714 1.
1746 3658 1885 3724 statuitur,

197 3741 251 3797 sita
266 3741 303 3797 ad
321 3747 493 3814 νομοθεσίαν
505 3742 583 3797 Deus
600 3741 685 3811 dedit,
702 3741 745 3796 illi
761 3741 845 3798 etiam
861 3747 1026 3812 potestatem
1053 3756 1087 3794 ne
1105 3740 1182 3796 uilem
1199 3740 1273 3809 ma
1285 3741 1591 3802 reconsecrationem
1603 3752 1748 3813 pontonem
1763 3745 1884 3816 edeam,

100 3856 103 3863 ·
197 3827 380 3895 νομοθετικὴν
405 3826 514 3883 dedisse
538 3826 699 3882 censendae.
740 3826 828 3898 Atqui
851 3826 1026 3898 magistratui
1052 3827 1109 3881 neti
1121 3835 1188 3896 pom
1203 3829 1274 3882 duos
1292 3844 1398 3882 οοοοοοο
1415 3846 1434 3881 ο
1452 3836 1584 3899 tempore,
1602 3831 1779 3899 qsofmrim
1795 3826 1883 3887 moni·

197 3914 275 3969 dedit
285 3912 362 3969 Deus
374 3913 508 3984 requisita
519 3918 696 3986 νομοθεσίας,
714 3929 787 3985 qnae
800 3919 867 3968 sunt
876 3914 1026 3984 prudentia
1045 3914 1188 3982 festucae,
1214 3913 1373 3973 intimantes
1398 3921 1424 3969 et
1444 3915 1546 3984 palam
1574 3917 1753 3986 compositae.
1785 3918 1882 3977 ,Nimia

197 4006 368 4068 νομοθεσίαν
379 3998 500 4070 dirigens
513 4005 541 4053 et
550 3998 592 4053 ris
603 3997 729 4055 coactiva
740 3998 943 4056 exsecutionem
954 3999 1025 4072 legis
1051 4007 1144 4055 tamen
1163 3998 1240 4071 large
1264 4017 1296 4055 ex
1319 4014 1352 4054 eo
1376 3999 1544 4056 concludunt
1570 4001 1682 4073 qnidam
1704 4001 1776 4073 juris
1802 4005 1882 4061 inm

194 4102 303 4158 urgens.
339 4084 466 4156 Utraque
481 4083 536 4140 Dei
555 4084 673 4153 donum,
690 4084 739 4138 illa
756 4102 774 4139 a
792 4084 897 4155 Spiritu
916 4087 1024 4156 sapien·
1051 4091 1155 4157 pratee,
1181 4087 1256 4157 quod
1281 4088 1478 4156 implorasti
1498 4090 1534 4143 de
1551 4090 1670 4143 mentio
1687 4090 1773 4161 lepis,
1792 4097 1882 4162 poten

193 4171 250 4228 tiae
275 4179 304 4228 et
327 4170 435 4227 consilii
477 4169 653 4242 magistratui
679 4169 815 4240 promisso
841 4170 1025 4240 proficiscitur
1051 4172 1124 4227 enim
1141 4172 1184 4227 lex
1203 4172 1373 4244 promulgari
1400 4178 1428 4228 et
1444 4173 1564 4230 subditis
1581 4175 1767 4242 innotescere,
1790 4177 1815 4232 ai
1838 4176 1881 4234 rel

193 4258 304 4317 Numer.
328 4264 368 4328 11,
386 4272 410 4313 v,
434 4263 472 4313 li.
499 4263 521 4313 1.
538 4256 657 4314 Samuel.
679 4262 725 4325 10,
743 4274 768 4313 v.
789 4262 812 4312 6.
829 4274 854 4312 c.
874 4262 918 4327 16,
935 4276 962 4312 v.
984 4265 1022 4314 13.
1051 4258 1168 4314 maxime
1191 4275 1247 4314 non
1271 4259 1414 4331 redigatur
1435 4259 1465 4314 in
1487 4261 1660 4334 scripturam.
1696 4262 1726 4320 Si
1743 4264 1881 4336 scriptura

191 4343 323 4405 Proverb.
342 4350 390 4413 20,
408 4360 434 4400 r.
455 4349 495 4400 12.
511 4342 579 4399 haec
598 4360 631 4398 ex
648 4348 785 4414 potestate
804 4351 833 4398 et
849 4344 1024 4415 auctoritate,
1051 4352 1123 4401 esset
1140 4345 1176 4400 de
1192 4346 1263 4417 legis
1281 4346 1412 4414 essentia,
1437 4351 1505 4401 tune
1522 4353 1596 4403 esset
1614 4348 1674 4418 ejus
1694 4349 1739 4405 vel
1757 4350 1881 4416 materia,

195 4448 251 4503 qua
267 4430 399 4487 divinitus
418 4429 594 4502 magistratus
620 4429 769 4486 menuctus
795 4436 823 4485 et
840 4430 919 4501 quasi
936 4447 1024 4486 arma·
1050 4433 1095 4487 vel
1111 4432 1207 4502 forma,
1225 4438 1267 4488 tet
1286 4432 1359 4488 enirn
1373 4438 1438 4487 sunt
1448 4434 1608 4491 essentiales
1626 4436 1743 4507 ejsuque
1761 4437 1802 4494 rei
1819 4453 1880 4509 par

194 4524 239 4574 tue
262 4525 319 4588 eet,
344 4516 493 4573 descendit.
538 4519 564 4572 l.
589 4517 634 4570 Ab
658 4517 799 4585 coemptis.
839 4517 928 4572 dubet
946 4516 1023 4573 Deus
1049 4524 1100 4575 tes.
1144 4519 1184 4575 At
1209 4523 1337 4574 neumam
1364 4519 1418 4575 dici
1445 4526 1543 4590 potest.
1592 4521 1736 4593 Scriptura
1759 4540 1816 4579 non
1839 4531 1881 4581 eet

194 4605 296 4661 «ierem.
314 4609 360 4673 27,
386 4621 410 4660 v.
431 4610 455 4659 b.
479 4609 510 4659 et
529 4608 569 4658 12.
593 4608 625 4657 ut
648 4602 780 4658 Sedecias
805 4609 833 4657 et
855 4604 974 4675 populus
995 4603 1024 4658 in
1049 4605 1138 4660 forma
1157 4605 1237 4678 legis,
1252 4605 1317 4677 quie
1329 4621 1379 4677 per
1391 4606 1555 4678 scripturam
1569 4607 1613 4663 lex
1632 4625 1688 4664 non
1700 4609 1794 4679 estid,
1806 4610 1879 4681 quod

194 4690 384 4762 captivitatem
402 4688 540 4745 abductus
557 4705 588 4743 se
607 4687 738 4759 subjiciat
754 4689 1025 4745 Nabuchodonosori
1050 4698 1100 4762 est,
1120 4691 1170 4748 sed
1187 4709 1237 4762 per
1253 4708 1410 4763 expressam
1428 4693 1597 4750 sanctionem
1610 4701 1638 4751 et
1646 4695 1800 4765 jussionem
1813 4697 1881 4768 ejua,

196 4777 255 4849 regi
274 4767 442 4846 Babylonis,
461 4792 527 4847 ergo
546 4773 629 4830 etiam
647 4773 757 4846 legibue
775 4774 848 4829 illius
868 4777 942 4846 ipsos
960 4777 1024 4832 sub·
1051 4778 1184 4851 quilegie
1204 4777 1366 4835 condendae
1383 4782 1548 4848 potestatem
1566 4780 1680 4846 obtinet,
1698 4798 1758 4853 arg.
1777 4783 1793 4837 l.
1813 4788 1835 4839 1.
1854 4788 1881 4838 et

192 4865 283 4936 jectos
300 4879 361 4918 esee
377 4861 472 4917 voluit.
503 4860 629 4916 Christus
654 4867 683 4918 et
699 4861 818 4932 apostoli
837 4864 1024 4917 centurionem
1050 4866 1068 4919 l.
1085 4870 1126 4920 32.
1152 4861 1178 4938 ξ
1206 4863 1252 4917 fin.
1278 4863 1313 4918 de
1332 4862 1385 4935 leg.
1406 4861 1433 4939 ξ.
1456 4872 1479 4920 l.
1506 4871 1535 4921 et
1551 4883 1609 4936 seq.
1627 4867 1694 4922 lnst.
1716 4867 1751 4923 de
1765 4868 1834 4938 juet.
1853 4874 1881 4924 et

196 4949 293 5007 Matth.
313 4955 338 5005 8.
354 4949 483 5018 raedam
500 4947 564 5004 doh.
582 4955 606 5005 l.
632 4947 792 5004 Cornelium
815 4948 879 5004 Aet
900 4956 939 5006 10.
961 4950 1024 5005 Ser·
1046 4952 1118 5021 jure.
1156 4950 1254 5020 Neque
1272 4950 1355 5004 etiem
1376 4949 1447 5022 legis
1464 4958 1507 5006 est
1525 4952 1653 5016 materis,
1672 4953 1738 5024 quia
1755 4971 1789 5008 ex
1809 4953 1881 5010 Scri-

83 5044 137 5090 nv.
150 5047 182 5090 ul.
194 5039 270 5106 pium
282 5035 478 5106 proconsulem
495 5034 558 5091 Act.
580 5039 620 5090 1³.
644 5050 677 5089 ex
694 5033 864 5105 praescripto
877 5035 950 5104 juris
968 5035 1024 5092 Ro·
1050 5043 1133 5107 ptura
1151 5052 1206 5091 non
1225 5043 1268 5090 est
1285 5036 1338 5105 lex,
1356 5037 1407 5091 sed
1428 5054 1461 5093 ea
1480 5038 1642 5108 plerumque
1660 5040 1696 5094 ad
1716 5039 1809 5111 legem
1824 5040 1881 5098 suis

195 5123 269 5179 mani
295 5121 487 5192 magistratum
510 5119 735 5175 administrantes
759 5120 788 5175 in
807 5119 941 5176 acclesiae
961 5137 1023 5176 con·
1050 5123 1139 5177 causis
1153 5123 1212 5192 jam
1232 5127 1405 5177 constantem
1416 5123 1531 5192 accedit,
1552 5141 1611 5195 arg.
1627 5121 1654 5198 ξ.
1669 5125 1714 5180 lex
1728 5133 1778 5182 eet.
1790 5127 1881 5184 instit

194 5209 310 5266 sortium
328 5214 491 5276 receperunt
501 5213 585 5277 atque
600 5223 633 5261 eo
643 5207 704 5278 ipso
722 5223 803 5261 nsum
812 5205 928 5261 elutum
941 5224 1023 5279 qnam
1050 5208 1085 5264 de
1099 5208 1164 5278 jure
1181 5214 1238 5263 nat.
1257 5215 1332 5280 gent.
1350 5215 1379 5264 et
1397 5208 1448 5264 civ.
1484 5208 1616 5267 Testatur
1630 5210 1785 5283 Dionysius
1804 5213 1882 5270 Hali·

194 5295 345 5353 forensium
368 5294 460 5365 legum
486 5294 515 5348 in
542 5291 684 5361 republica
708 5292 912 5348 confirmarunt.
947 5294 1123 5364 Apo-carn.
1143 5293 1162 5351 l.
1180 5300 1204 5353 2.
1222 5295 1309 5367 antiq.
1335 5294 1461 5357 Βοωοο..
1488 5314 1510 5352 ο.
1529 5302 1554 5352 l.
1581 5297 1713 5369 aprimis
1739 5301 1882 5357 Romano·

195 5382 260 5438 stoli
277 5379 457 5451 praecipiunt.
475 5383 507 5434 ut
524 5377 700 5448 magistratui
718 5378 801 5435 etiam
820 5378 927 5435 abaco
946 5378 1023 5436 chri·
1049 5399 1113 5441 mm
1133 5383 1245 5449 repibns
1267 5381 1367 5439 multas
1390 5382 1467 5454 leges
1489 5381 1549 5441 siue
1577 5384 1679 5455 scripto
1696 5384 1784 5441 faisse
1801 5386 1880 5445 latae.

195 5466 278 5523 stieni
296 5465 481 5525 obedientiam
499 5467 642 5535 praestent
657 5463 736 5519 Rom.
756 5469 797 5525 13,
817 5481 842 5517 v.
862 5468 885 5520 1.
908 5469 929 5520 1.
949 5465 1022 5522 Patr.
1050 5467 1215 5529 Plutarchus
1230 5469 1260 5529 in
1271 5467 1462 5539 vitaLyeurgi
1482 5477 1623 5535 minorat.
1641 5472 1883 5531 Lueedaamuios

187 5558 227 5624 2,
251 5568 278 5611 ι,
302 5555 345 5609 m.
368 5565 435 5622 ego
457 5549 567 5624 sanus
589 5548 717 5606 emtum
740 5549 919 5623 namnum·
938 5552 1021 5611 sum
1035 5526 1204 5629 limo-mss
1218 5554 1369 5615 morus
1388 5553 1535 5617 umbus
1550 5573 1605 5613 οο
1615 5557 1880 5630 maneamu-
