4020 6014
265 145 327 207 254
848 138 972 200 LOCUS
991 136 1195 198 VIOESIMUS
1212 134 1379 197 nunnus

269 292 339 348 Volo
352 295 485 364 juniores
499 296 601 350 uiduae
614 296 725 350 rueme.
755 297 830 369 Ergo
849 297 966 351 iteratae
983 293 1098 363 nuptiae
1123 293 1199 362 xius,
1226 298 1323 364 postea
1346 293 1376 349 in
1398 293 1492 365 speeie
1516 293 1643 364 exponit,
1670 308 1810 365 quaenam
1837 278 1992 349 simius

265 385 330 451 post
348 380 454 435 obitum
469 381 568 451 prioris
586 381 712 453 conjugis
735 382 837 437 nemini
862 390 927 436 sunt
950 378 1098 452 prohibeu·
1123 379 1251 448 cumina,
1280 379 1382 452 quibus
1402 396 1496 435 carere
1516 379 1617 435 debeat
1635 378 1798 450 episeopus,
1830 379 1918 435 videl.
1931 396 1966 433 aa

266 467 327 524 dae.
355 466 505 538 Excipiunt
524 466 662 523 Pontifieii
683 475 705 523 ι.
724 468 794 523 Tim.
810 475 834 537 3,
852 486 878 524 v.
895 473 920 524 2.
936 468 1098 537 specialiter
1124 466 1161 518 sit
1181 468 1325 535 dicantus,
1343 465 1467 537 digamia
1484 466 1591 521 scilicet
1606 465 1773 520 simultauea
1789 467 1909 536 proprie
1926 465 1965 519 sic

265 555 301 607 al
320 554 460 624 episcopas
476 555 599 624 requiri,
626 572 661 608 ae
683 556 834 608 messalae
858 556 966 618 facerim
982 553 1097 622 dipami.
1125 551 1208 621 dicta,
1227 569 1262 607 ne
1280 551 1318 605 sit
1328 551 1472 620 narrasses,
1490 569 1526 607 ne
1540 551 1577 605 sit
1594 551 1721 618 πλήκτης,
1739 568 1777 607 ne
1794 552 1836 608 sit
1853 557 1965 622 stolae·

266 640 321 696 Sed
349 642 385 696 de
405 640 537 696 hocloco
560 639 643 711 paulo
671 647 733 711 post
756 649 863 712 agetur.
910 640 966 695 Hic
987 640 1099 694 unicum
1125 635 1230 708 erodis.
1264 637 1449 692 Bellarminus
1473 638 1575 709 excipit
1599 646 1621 693 1.
1643 637 1810 692 amobislum
1838 640 1967 693 emortuis

265 726 335 780 illud
362 744 412 796 pro
439 726 621 782 secundarum
649 718 808 796 nuptiarum
842 726 900 782 sive
928 724 1099 780 successivae
1125 724 1184 777 late
1200 732 1227 778 et
1244 725 1416 793 pecualiter
1434 725 1529 794 aocips'
1542 742 1628 794 posse
1646 742 1703 778 aori
1721 724 1814 779 solum
1829 743 1890 794 pro
1902 740 1967 794 pec·

266 812 404 884 digamiae
423 813 583 867 defensione
601 812 774 866 adducimus·
810 812 863 868 Cui
882 811 1015 881 competit
1031 809 1099 880 legi-
1126 818 1205 873 oete,
1232 812 1286 864 sed
1309 810 1393 864 etiam
1413 829 1470 883 pro
1489 812 1534 878 its,
1552 827 1624 879 quae
1642 812 1752 878 siparum
1764 811 1909 879 praeterat
1927 810 1967 862 is·

265 899 325 954 timi
349 899 473 970 conjugii
502 898 640 967 definitio,
679 898 749 952 illud
773 915 829 953 non
852 904 946 969 potest
969 896 1099 968 conjugio
1126 896 1312 950 continentiae
1336 897 1523 951 retutemus
1544 897 1608 949 mlii
1632 912 1667 951 ae
1682 898 1805 966 proinde
1825 896 1864 949 at
1882 896 1968 951 tomi·

266 985 377 1055 opponi.
414 984 561 1055 Digamiae
577 984 750 1039 successivae
769 984 902 1054 competit
919 982 1043 1039 definitio
1061 983 1100 1037 le·
1125 981 1207 1034 uitus
1224 982 1394 1050 reprebendi
1412 983 1511 1037 soleat.
1547 981 1646 1035 Talem
1661 999 1727 1035 oero
1741 998 1799 1035 esre
1812 982 1968 1052 quamlibet

265 1070 355 1142 gitimi
373 1070 511 1141 conjugii,
538 1077 570 1124 ut
589 1076 707 1125 consur,
749 1069 826 1140 Ergo
849 1085 905 1124 non
927 1076 1018 1140 potest
1036 1085 1100 1123 con·
1126 1067 1277 1136 bigamiam
1296 1069 1479 1122 causamme
1491 1076 1541 1125 est.
1576 1070 1652 1122 Nam
1672 1069 1781 1122 ideireo
1794 1068 1829 1121 iu
1845 1068 1969 1123 coneilio

261 1157 342 1229 jugie
365 1157 475 1227 opponi.
509 1157 600 1227 Major
630 1164 673 1211 est
696 1156 858 1224 manifesta,
887 1157 953 1227 quia
976 1154 1100 1210 definitio
1127 1155 1361 1208 Neocaesarieass‘
1378 1173 1440 1209 aaa.
1461 1157 1483 1211 7.
1495 1156 1679 1226 prohibeatur
1698 1156 1864 1209 sacerdotes
1881 1156 1967 1209 inter¹

265 1243 347 1297 unius
365 1242 485 1313 oppositi
502 1259 645 1312 nunquam
660 1241 794 1296 tribuitur
804 1241 890 1296 alteri.
1126 1255 1185 1293 esee
1202 1242 1310 1310 nuptiis
1321 1241 1496 1310 lipamorum
1512 1250 1540 1295 et
1558 1241 1642 1295 etiam
1663 1242 1743 1312 opud
1758 1242 1882 1309 perutiles
1895 1259 1968 1312 poo-

133 1350 194 1392 1111.
207 1348 252 1391 aet.
300 1333 358 1384 357.
386 1328 506 1384 aldem
536 1328 678 1398 apostolus
703 1327 732 1380 in
760 1343 862 1398 genere
888 1325 1055 1396 praeseribit
1072 1334 1101 1380 et
1125 1327 1213 1389 tifices
1241 1344 1297 1380 aon
1320 1335 1454 1396 poteraut
1482 1342 1539 1380 esse
1567 1328 1673 1397 liqami
1698 1335 1766 1380 teste
1786 1327 1967 1382 Tertulliano

137 1408 251 1500 {cmm
264 1413 384 1488 ἀγάμοις
402 1421 430 1470 et
447 1414 547 1479 viduis,
566 1415 665 1468 bouum
683 1415 754 1482 ipsis
774 1429 850 1481 esse,
869 1413 896 1465 si
910 1413 952 1466 sr'c
967 1430 1099 1482 permau·
1125 1411 1174 1466 la't.
1200 1416 1225 1465 1.
1249 1415 1291 1466 ad
1315 1428 1446 1476 uxorem,
1474 1421 1499 1466 et
1520 1414 1619 1467 Seruio
1643 1414 1674 1467 in
1697 1411 1745 1466 tlt.
1761 1416 1787 1469 e.
1806 1413 1962 1468 Aeneidos.

137 1510 231 1553 ieceras
264 1503 363 1570 sarim,
386 1501 435 1556 sed
454 1501 477 1554 si
494 1518 524 1554 se
544 1518 602 1554 raon
626 1502 782 1563 contiueat,
807 1499 1015 1552 matrimonium
1028 1500 1100 1568 ipsis
1127 1500 1293 1567 Apostolum
1306 1499 1784 1568 ipitrerlsoeoellaquodepiscopue
1793 1499 1967 1569 rulliusrei,

136 1567 239 1656 'fimi'
265 1588 415 1641 ineundum
442 1603 513 1657 esse,
541 1604 602 1640 eum
625 1586 726 1640 melius
752 1588 789 1639 sit
818 1587 921 1639 autera
945 1603 1029 1655 quam
1053 1587 1102 1639 uri
1126 1602 1196 1653 quae
1212 1586 1319 1640 malam
1338 1585 1462 1655 speciem
1473 1603 1548 1656 prae
1571 1588 1714 1650 reform,
1737 1586 1818 1653 opud
1841 1586 1968 1641 homines

137 1667 229 1758 32¹5„-
267 1681 289 1730 l.
309 1673 371 1728 Cor.
388 1679 412 1741 l,
431 1688 457 1725 v.
478 1677 502 1729 8.
524 1679 553 1726 at
570 1678 594 1727 9.
613 1689 646 1727 ex
666 1688 720 1742 quo
733 1672 772 1725 sic
790 1671 960 1742 colligimus:
981 1669 1100 1735 Quicun·
1121 1670 1214 1740 possit
1231 1673 1370 1725 maturiet
1386 1673 1451 1725 ideo
1470 1688 1650 1738 marceamus
1666 1686 1728 1725 esse
1744 1670 1863 1735 debeat,
1881 1688 1968 1741 quam

137 1770 209 1810 stone.
264 1777 319 1832 que
338 1764 401 1829 post
419 1758 523 1828 primas
539 1759 650 1827 nuptias
669 1759 810 1814 continere
828 1774 884 1812 nou
902 1758 1098 1828 possunthoc
1127 1758 1326 1826 expositionem
1358 1758 1455 1811 tribuit
1489 1757 1692 1826 chrysostomo.
1736 1756 1965 1828 Respondemus:

264 1855 307 1902 est
326 1844 373 1916 qui
391 1845 493 1899 donum
512 1844 697 1900 continentiae
716 1860 772 1899 non
796 1843 901 1898 habeut
919 1860 952 1898 ex
970 1842 1045 1908 Deo,
1068 1850 1100 1896 ut
1126 1844 1310 1912 concedimus,
1329 1844 1491 1915 episcopum
1502 1861 1558 1899 non
1573 1844 1663 1898 solum
1681 1861 1700 1898 a
1711 1843 1794 1913 malo,
1811 1844 1862 1899 sed
1880 1845 1965 1899 ιιιιιιιι

263 1949 289 1986 v.
309 1938 331 1986 7.
351 1929 494 1999 apostolus
513 1929 647 2001 loquitur,
666 1929 721 1984 illis
738 1947 794 1984 non
813 1929 903 1984 solum
922 1929 1096 1999 permissum,
1126 1932 1161 1982 alr
1180 1932 1256 1984 omni
1278 1932 1368 1999 speeie
1394 1931 1467 1983 moli
1488 1929 1628 1985 abstinere
1650 1929 1752 1985 debere
1780 1937 1803 1985 1.
1820 1928 1922 1987 Thess.
1941 1937 1965 1996 5,

263 2018 313 2072 sed
340 2018 423 2072 etiam
448 2023 626 2087 praeceptum
652 2022 711 2080 est,
737 2024 771 2071 ut
797 2016 971 2071 matrimonio
998 2016 1097 2070 iterum
1125 2032 1151 2070 v.
1171 2022 1213 2072 22.
1230 2023 1315 2088 atque
1332 2023 1459 2087 oportere
1477 2017 1663 2070 testimonium
1685 2017 1785 2069 bouum
1803 2016 1910 2070 latere
1928 2017 1965 2070 at

263 2111 385 2158 utantur.
423 2103 478 2157 Sed
496 2103 592 2158 eadem
609 2103 752 2173 repetendi
777 2101 943 2157 matrimonii
960 2117 1044 2156 causa
1070 2102 1098 2155 iu
1126 2103 1176 2166 iis,
1211 2104 1261 2173 qui
1295 2105 1373 2166 foris
1404 2112 1482 2166 suut,
1519 2120 1554 2156 rie
1584 2103 1695 2156 iomdat
1721 2102 1752 2155 ia
1780 2103 1965 2173 opprobrium

263 2191 387 2260 personis
404 2189 597 2245 ecclesiasticis
614 2189 705 2244 locum
732 2188 824 2244 habet
862 2188 937 2259 Ergo
961 2187 1098 2242 matrimo-
1129 2196 1150 2244 1.
1169 2189 1240 2244 Tim
1259 2195 1284 2258 3,
1304 2207 1330 2242 v.
1348 2196 1371 2244 l.
1384 2191 1433 2244 sed
1446 2205 1591 2261 negamus,
1608 2188 1758 2260 digamiam
1776 2189 1964 2243 successivam

263 2277 303 2332 nii
321 2276 485 2348 repetitione
508 2275 563 2329 illis
579 2293 634 2329 non
653 2280 696 2330 est
712 2275 941 2331 interdicendum.
977 2274 1037 2330 Nec
1055 2281 1098 2328 est
1125 2275 1153 2330 iu
1168 2288 1286 2330 numero
1306 2291 1409 2341 eorum,
1429 2291 1501 2346 quae
1519 2276 1639 2346 speciem
1653 2273 1718 2328 mali
1738 2273 1851 2335 habent,
1871 2275 1965 2345 requi·

264 2364 339 2434 quod
356 2364 509 2430 obvertaut,
529 2363 648 2416 iteratas
662 2364 778 2431 nuptias
793 2362 1097 2430 esseiatsmperaats'ae
1124 2361 1308 2416 aitamsuisse
1329 2361 1435 2429 abiis,
1462 2362 1510 2432 qui
1534 2363 1616 2431 juxte
1631 2376 1755 2416 normam
1774 2359 1853 2414 verbi
1874 2360 1964 2415 divini

251 2437 374 2515 'aotam,
406 2467 440 2503 ao
459 2450 582 2518 proinde
608 2448 767 2518 episcopum
791 2449 828 2501 ab
854 2448 915 2501 illie
940 2449 1097 2502 arcendam.
1124 2456 1152 2502 et
1184 2447 1323 2503 dictamen
1343 2456 1439 2503 rectae
1462 2446 1575 2501 rationis
1588 2446 1715 2517 judicare
1740 2445 1903 2513 votuerunt,
1934 2446 1965 2500 in

263 2534 307 2589 Ea
323 2535 396 2589 euim
415 2535 444 2587 in
460 2550 526 2589 vera
544 2534 680 2588 duntaxat
698 2533 835 2604 digamia,
859 2550 915 2603 qua
933 2533 995 2603 quis
1013 2533 1097 2586 simul
1124 2533 1209 2588 verbo
1227 2534 1365 2605 siquidem
1383 2533 1479 2588 divino
1495 2533 1586 2587 viduis
1604 2534 1640 2587 ad
1659 2533 1783 2587 secunda
1795 2540 1862 2586 vota
1872 2541 1963 2587 trane·

264 2622 334 2676 duas
352 2620 556 2688 habeturores,
577 2618 668 2675 locum
681 2619 773 2688 habet,
791 2635 966 2690 nequequam
984 2619 1096 2674 veroin
1124 2620 1162 2674 ire
1185 2637 1242 2675 non
1262 2620 1352 2674 solum
1372 2619 1548 2689 permittitur,
1577 2618 1627 2672 sed
1645 2619 1728 2674 etiam
1745 2618 1809 2683 illis,
1829 2619 1879 2690 qui
1896 2635 1964 2674 con·

264 2724 312 2776 ea,
344 2723 399 2778 qua
417 2707 479 2778 quis
496 2707 646 2760 mceessioe
671 2706 740 2760 duas
762 2706 872 2775 accipit
908 2704 1096 2760 Secundamm
1124 2706 1257 2761 tinentiae
1269 2706 1342 2761 douo
1354 2706 1481 2760 instructi
1494 2723 1551 2760 non
1563 2710 1636 2774 sunt,
1648 2704 1804 2774 injungitur
1819 2711 1840 2760 1.
1857 2703 1920 2760 Cor.
1938 2713 1962 2774 ἵ,

264 2793 422 2864 nuptiarum
442 2801 506 2863 post
530 2791 637 2846 obitum
658 2792 757 2861 prioris
783 2792 910 2863 conjugis
936 2791 1095 2847 iteratarum
1123 2810 1148 2846 v.
1173 2799 1197 2848 9.
1233 2793 1299 2862 Ipsa
1322 2809 1433 2863 quoque
1459 2792 1529 2846 ratio
1555 2791 1693 2860 ostendit,
1724 2791 1835 2846 easdem
1860 2809 1963 2846 musas

263 2879 436 2935 conciliatrix
461 2884 505 2934 est
531 2894 587 2932 non
611 2877 723 2932 effrenis
747 2885 775 2934 et
799 2878 986 2948 intemperans
1009 2876 1096 2931 libido
1124 2896 1184 2935 esse
1202 2896 1283 2949 posse
1300 2878 1467 2933 matrimonii
1486 2878 1613 2947 repetiti,
1641 2894 1712 2949 quae
1738 2876 1816 2934 suere
1840 2879 1993 2949 primumn

264 2970 349 3037 (quae
369 2967 398 3019 in
412 2982 478 3019 vera
495 2963 618 3035 digamia
637 2964 808 3033 dominatur,
825 2981 888 3019 cum
906 2979 962 3016 una
977 2979 1055 3027 uxor,
1073 2963 1096 3016 si
1123 2965 1199 3035 initi,
1221 2982 1268 3020 eas
1287 2983 1370 3030 vero,
1390 2982 1454 3020 cum
1472 2975 1556 3019 antea
1573 2965 1678 3020 suerint
1697 2963 1829 3020 honestae
1846 2982 1882 3019 aa
1903 2966 1963 3021 lici·

263 3137 320 3208 legi
338 3146 367 3192 et
383 3137 445 3191 usui
465 3135 613 3206 conjugii),
643 3136 691 3190 scd
719 3152 804 3191 eausa
820 3135 949 3198 honesta,
975 3135 1052 3189 licita
1068 3142 1097 3189 et
1123 3139 1197 3193 tione
1216 3137 1373 3192 mutarent?
1401 3137 1544 3192 iudicium
1564 3135 1727 3190 Tertulliani
1754 3137 1891 3192 secundas
1910 3157 1962 3193 uu·

263 3223 426 3290 necessaria,
443 3222 540 3277 eadem
558 3221 665 3276 scilicet
682 3238 754 3292 quae
766 3221 918 3290 primarum
937 3221 1095 3291 nuptiarum
1124 3227 1195 3293 ptias
1230 3224 1331 3294 spiritu
1365 3222 1525 3277 Montanico
1557 3223 1714 3277 damnantis
1743 3232 1771 3279 et
1799 3224 1969 3297 superstitio,

262 3309 316 3365 init
347 3308 519 3362 conciliatrix
551 3324 677 3379 quaeque
707 3324 763 3361 uon
791 3307 847 3362 fuit
872 3324 936 3363 cum
966 3307 1097 3362 defuncte
1123 3327 1265 3365 coecorum
1290 3308 1434 3380 gentilium
1452 3307 1550 3362 merito
1575 3309 1653 3378 parvi
1679 3309 1850 3365 aestimatur.
1887 3311 1963 3366 Neo·

263 3397 384 3466 conjuge
410 3395 492 3449 simul
516 3400 632 3448 mortua.
667 3393 722 3457 Qui
749 3410 812 3447 cum
836 3410 921 3449 uxore
944 3395 1035 3463 prima
1060 3395 1096 3448 ad
1124 3396 1303 3451 comanensis
1324 3395 1435 3450 concilii
1453 3412 1505 3448 can
1524 3401 1548 3452 l.
1568 3396 1603 3450 de
1622 3412 1689 3450 vera
1707 3396 1845 3467 digamia,
1865 3397 1962 3452 simul-

262 3488 378 3537 mortem
396 3497 486 3551 usque
502 3480 578 3550 vivit,
596 3479 637 3533 illi
653 3496 710 3534 non
730 3477 850 3533 inuritur
870 3479 1098 3549 intemperantes
1123 3489 1206 3537 tanea
1225 3482 1344 3536 scilicet.
1374 3481 1552 3551 accipiendus
1578 3489 1629 3549 est,
1655 3482 1730 3553 quod
1749 3482 1872 3537 ostendit
1889 3483 1965 3538 ratio

265 3578 332 3624 nota
351 3574 511 3639 propterea,
541 3566 617 3637 quod
634 3566 716 3619 unius
735 3564 854 3620 feminae
879 3582 932 3619 usu
952 3571 1097 3621 contentus
1123 3568 1231 3636 addita,
1259 3569 1323 3622 ideo
1358 3569 1431 3622 enim
1462 3569 1606 3637 presbyter
1633 3568 1798 3637 prohibetur
1828 3569 1966 3624 interesse

262 3655 352 3710 fuerit
390 3653 444 3717 Qui
463 3653 559 3707 eadem
578 3659 670 3708 mente
686 3652 830 3723 praeditus
841 3668 953 3706 uxorem
972 3651 1097 3722 primam,
1122 3656 1228 3724 nuptias
1248 3656 1435 3724 diqamorum,
1454 3670 1489 3706 ae
1505 3655 1636 3708 videatur
1654 3671 1703 3707 eas
1721 3655 1894 3724 approbasse
1912 3674 1965 3708 au·

263 3741 362 3812 primo,
378 3739 510 3805 secundo,
521 3738 613 3810 tertio,
635 3745 735 3809 quarto
753 3744 806 3792 etc·
822 3737 1009 3807 postnuptias
1023 3756 1096 3793 anuo
1121 3743 1206 3811 ptiar,
1224 3758 1344 3810 quarum
1359 3741 1520 3793 auctoribus
1540 3741 1712 3809 inponendo
1737 3749 1779 3794 est
1792 3758 1849 3809 per
1867 3743 1966 3811 ipsum

263 3833 352 3881 morte
368 3831 543 3896 praematura
561 3824 705 3894 abreptam
723 3823 833 3888 amittit,
853 3823 877 3877 is
896 3824 919 3876 ei
933 3823 1016 3879 aliam
1033 3842 1097 3881 cau·
1121 3829 1240 3897 publiea
1268 3827 1442 3896 poenitentia
1470 3834 1554 3898 atque
1585 3827 1625 3881 ita
1652 3836 1737 3880 semet
1768 3846 1827 3881 una
1848 3831 1965 3898 pudore

264 3912 303 3967 sis
326 3910 463 3974 honestis,
493 3910 575 3965 licitis
604 3916 632 3964 et
659 3911 820 3966 necessariis
847 3911 981 3981 impulsus
1004 3913 1096 3975 ducat,
1123 3916 1278 3984 suffundat.
1315 3913 1420 3976 Quodsi
1439 3911 1670 3969 Neocaesariense
1689 3913 1837 3967 concilium
1864 3915 1964 3969 viduo·

263 4015 330 4053 num
358 3997 459 4067 poterit
484 3996 536 4050 hoc
561 3995 672 4050 nomine
699 3997 926 4065 intemperantiae
954 3999 1097 4054 accusari?
1124 4018 1184 4054 rum
1207 3999 1319 4070 nuptias
1343 3999 1481 4070 legitimas
1506 3997 1676 4069 improbaret
1705 4000 1794 4071 iisque
1819 3999 1965 4071 publicam

263 4082 345 4138 Prior
362 4100 418 4137 nou
436 4081 534 4136 habuit
552 4082 606 4135 nisi
629 4098 727 4151 unam,
757 4082 805 4136 sed
831 4081 930 4136 habuit
951 4101 1040 4154 usque
1061 4087 1097 4140 ad
1126 4085 1325 4156 poenitentiam
1347 4085 1515 4155 imponeret,
1544 4094 1714 4157 repugnaret
1736 4086 1845 4141 disertis
1868 4087 1964 4142 verbis

264 4176 395 4231 mortem;
422 4168 560 4237 posterior
580 4169 718 4238 jacturam
742 4168 772 4222 in
795 4178 881 4222 morte
907 4168 1012 4239 primae
1034 4188 1097 4226 con·
1124 4173 1242 4242 apostoli
1259 4171 1338 4225 Rom,
1360 4178 1385 4240 7,
1402 4188 1429 4228 v.
1450 4177 1474 4228 t.
1500 4177 1522 4227 1.
1541 4170 1604 4226 Cor.
1618 4179 1641 4238 l,
1656 4190 1682 4228 v.
1701 4177 1743 4229 33.
1764 4189 1798 4226 ac
1816 4189 1963 4228 erroneum

259 4255 338 4326 jugia
370 4255 472 4308 lacum
504 4254 610 4308 iteratis
639 4253 744 4324 nuptiis
776 4254 927 4308 resarciens
957 4273 1097 4328 nunquam
1123 4256 1236 4328 aliquod
1268 4256 1371 4328 dogma
1393 4255 1575 4312 confirmaret.
1612 4258 1750 4328 Agnoscit
1778 4257 1831 4312 hoc
1855 4257 1963 4314 Bellar·

263 4341 361 4397 babuit
386 4340 468 4394 simul
494 4340 580 4407 duae,
612 4340 660 4393 sed
687 4338 770 4393 unius
799 4356 852 4394 usu
876 4339 972 4394 itidem
990 4359 1098 4413 semper
1125 4345 1215 4397 minue
1241 4344 1296 4398 sibi
1314 4343 1367 4397 hac
1386 4344 1416 4397 in
1432 4349 1526 4414 parte,
1558 4351 1591 4398 ut
1614 4344 1693 4413 solet,
1715 4344 1877 4398 conomius
1917 4343 1966 4401 sie

263 4434 409 4483 contentus
438 4425 500 4482 luit.
547 4425 709 4482 Successiva
739 4442 854 4480 uxorum
891 4426 1012 4482 dualitas
1041 4447 1096 4484 non
1124 4430 1196 4484 enim
1222 4431 1320 4486 scribit
1346 4430 1408 4484 libr.
1433 4437 1458 4488 ι.
1478 4432 1513 4485 de
1533 4431 1632 4486 concil.
1658 4448 1719 4502 cap.
1745 4436 1767 4488 8.
1786 4448 1856 4502 resp.
1875 4433 1913 4485 ad
1933 4439 1967 4488 t:

261 4515 371 4569 nausfit
390 4513 419 4566 in
438 4529 523 4566 unum
542 4511 706 4583 eonjugium
724 4517 753 4567 et
770 4512 893 4584 conjugii
912 4531 1007 4580 usum,
1033 4532 1096 4586 pro·
1126 4515 1282 4571 Concilium
1302 4519 1541 4571 Neocaesars'errse
1562 4519 1689 4588 loquitur
1708 4520 1744 4572 de
1763 4536 1804 4588 eo,
1822 4519 1871 4587 qui
1889 4520 1966 4572 duas

263 4600 328 4656 inde
347 4601 430 4655 etiam
448 4615 505 4653 nou
524 4597 646 4652 reddidit
665 4614 727 4652 eum
746 4598 896 4669 digamum.
1122 4604 1205 4657 simul
1233 4622 1332 4658 uxores
1362 4605 1452 4669 latet,
1483 4613 1515 4659 ιιι
1546 4613 1622 4660 recte
1656 4605 1768 4676 exponit
1804 4605 1897 4674 glossa
1923 4611 1965 4660 31.

135 4705 203 4750 aex
297 4691 356 4742 358.
388 4693 413 4742 3.
432 4684 584 4755 Apostolus
611 4683 694 4753 jubet
717 4684 820 4755 eligere
843 4685 1003 4756 episcopum
1027 4705 1099 4748 eum.
1125 4698 1231 4760 quaeat·
1255 4698 1277 4746 l.
1294 4706 1354 4744 ean.
1375 4690 1411 4744 de
1430 4690 1473 4743 his
1487 4691 1535 4761 qui
1552 4690 1720 4764 frequenter.
1757 4691 1837 4757 Quod
1856 4691 1964 4745 ibidem

134 4765 228 4807 ΨΜ·
261 4775 312 4843 qui
327 4775 364 4826 sit
383 4774 444 4826 siae
461 4773 576 4825 crimine
599 4777 621 4824 l.
641 4769 712 4824 Tim.
732 4776 763 4838 3,
790 4788 816 4823 v.
835 4775 859 4826 t.
897 4770 952 4827 Tit.
975 4778 1003 4831 1.
1027 4790 1053 4828 v.
1073 4779 1097 4828 6.
1125 4776 1308 4830 Bellarminus
1327 4775 1423 4844 addit,
1447 4777 1637 4832 celebritatem
1663 4781 1830 4833 iteratarum
1849 4780 1963 4846 nuptia

135 4809 237 4954 3⁸:32?
260 4858 326 4913 Jam
345 4874 411 4913 vero
429 4858 546 4912 iteratae
566 4855 680 4925 nuptiae
700 4873 754 4910 non
767 4864 832 4910 suut
851 4857 956 4911 crimen
976 4858 1098 4930 aliquod,
1124 4881 1186 4915 rum
1200 4863 1359 4930 prohiberi,
1375 4862 1486 4916 facilem
1504 4863 1591 4920 habet
1607 4864 1829 4933 explicationem,
1846 4865 1868 4918 si
1887 4866 1963 4919 enim

135 4966 221 5014 paens.
261 4945 311 4999 sed
328 4944 450 5015 digamia
467 4945 525 4999 sive
542 4941 703 5014 polygamia
729 4942 903 4997 simultauea
941 4943 1016 5015 Ergo
1043 4962 1097 4999 non
1126 4948 1225 5003 viduae
1242 4950 1273 5003 ia
1290 4951 1414 5003 Domino
1434 4949 1536 5004 iterum
1553 4955 1670 5021 possunt
1690 4953 1801 5019 nubere,
1823 4952 1896 5022 quod
1916 4969 1964 5007 ex·

261 5032 332 5100 illas,
349 5031 399 5085 sed
416 5030 488 5084 hanc
508 5029 544 5084 ab
561 5029 691 5099 episcopo
711 5026 854 5098 apostolus
866 5030 996 5085 excludit.
1029 5031 1099 5087 Con·
1127 5036 1228 5105 pressis
1254 5035 1346 5089 verbis
1375 5043 1493 5090 testatur
1519 5031 1659 5105 apostolus
1687 5040 1709 5089 1.
1730 5035 1791 5091 Cor.
1817 5043 1847 5104 l,
1871 5054 1897 5091 v.
1919 5046 1962 5096 33.

262 5118 387 5173 firmatur
405 5121 598 5186 argumentum
619 5132 651 5169 ex
677 5116 747 5169 serie
772 5122 871 5169 textus.
911 5114 1005 5171 Primo
1025 5118 1098 5172 enim
1127 5138 1177 5176 cur
1197 5121 1314 5176 ecclesia
1333 5121 1378 5176 vel
1390 5122 1594 5192 presbyterium
1607 5119 1750 5174 decentem
1769 5123 1963 5179 solennitatem

262 5205 409 5276 ingerere
427 5202 541 5271 requirit
557 5201 700 5270 apostolus
717 5200 753 5254 ab
765 5217 806 5268 eo,
826 5200 875 5271 qui
892 5201 1038 5272 eligendus
1056 5213 1099 5260 est
1127 5208 1253 5278 repetitis
1278 5208 1382 5278 nuptiis
1408 5207 1494 5275 vellet
1509 5206 1661 5275 derogare,
1686 5216 1736 5260 aut
1754 5208 1824 5273 illis,
1845 5210 1893 5280 qui
1912 5229 1962 5264 uu·

263 5291 292 5345 in
312 5291 481 5361 episcopum,
501 5296 532 5341 ut
550 5287 586 5341 sit
604 5286 771 5356 ἀνέγκλητος
787 5292 831 5340 και
852 5284 1050 5357 circuituram,
1067 5292 1097 5345 id
1130 5293 1202 5362 ptias
1232 5301 1376 5364 repetunt,
1402 5290 1599 5362 poenitentiam
1626 5290 1768 5358 publicam
1795 5295 1962 5380 injungere?

263 5385 307 5432 eat
325 5376 415 5433 ussit
431 5375 515 5430 alicui
538 5373 645 5427 crimini
672 5373 730 5427 sive
750 5372 870 5444 graviori
896 5375 997 5445 culpae
1013 5378 1097 5433 obuo
1111 5423 1114 5446 ,
1128 5384 1154 5436 2.
1173 5379 1263 5435 Aliter
1279 5380 1366 5452 igitur
1383 5378 1568 5434 Βοιιαιιιιιιιιιι
1585 5375 1695 5446 excipit,
1714 5380 1845 5434 rioldum
1865 5401 1965 5438 coaes-
