4006 6022
640 341 691 397 DE
710 340 962 402 uscrsmsuu
980 343 1167 401 romulco.
1691 351 1751 408 613

58 494 85 565 ξ.
104 501 162 550 296.
200 495 347 565 Euripides
366 496 394 550 in
406 496 563 551 Phoenissis
577 497 699 568 graviter
716 497 890 568 pronuntiat:
917 499 1026 569 generis
1045 500 1210 570 dignitatem
1228 518 1283 555 non
1303 518 1365 556 esse
1385 500 1413 555 in
1432 499 1566 556 electione
1585 497 1754 567 posthaben-

57 583 83 634 οὶ
101 582 140 653 μὴ
168 580 280 656 νόμιμοι
300 584 397 643 παῖδας
409 583 510 654 μητρὸς
521 581 644 654 λόχευμα
663 582 766 654 πατρὸς
779 589 890 656 μίασμα
918 585 991 652 dam,
1010 603 1044 641 ae
1062 588 1178 658 proinde
1200 587 1312 659 quando
1331 587 1387 642 dno
1404 587 1449 642 rel
1469 587 1561 658 plures
1574 586 1678 640 adsunt
1695 583 1754 638 sui-

57 684 89 722 sc
126 667 292 722 Plutarchus
330 669 357 723 in
391 669 438 723 lib.
482 672 546 742 περὶ
564 672 645 725 nard.
690 670 789 742 syon:
836 675 892 730 τοῖς
918 671 1077 729 finientibus
1107 675 1246 746 requisitio
1278 675 1420 742 instructi,
1450 673 1661 746 praeferendum
1693 687 1754 726 esse

57 750 231 827 μητρόθενῆ
259 754 400 828 πατρόθεν
417 753 468 809 οὐκ
488 752 518 810 εὖ
536 755 686 828 γεγονόσιν
710 753 891 819 ἀνεξάλειπτα
919 776 996 828 eum,
1021 763 1101 831 cujus
1124 761 1218 815 virtuti
1245 761 1354 833 generis
1379 760 1501 832 dignitas
1527 766 1569 817 est
1587 760 1752 829 eanuncta3

59 843 270 909 παρακολουθεῖ
286 839 320 893 τὰ
338 844 385 907 τῆς
403 842 563 912 δυσγενείας
580 841 675 910 ὀνείδη
699 845 775 915 παρὰ
800 841 892 896 πάνια
920 850 1013 900 temtm
1039 847 1126 901 virtus
1149 848 1267 918 primum
1293 865 1326 902 uc
1350 848 1531 918 praecipuum
1553 851 1597 902 est
1620 846 1649 898 ln
1666 844 1753 914 magl-

58 925 107 980 uiu
122 931 184 992 βίον
204 929 250 979 sal
269 925 405 1000 πρόχειρα
423 935 478 988 τοῖς
499 930 618 1001 ἐλέγχειν
636 933 683 983 καὶ
701 931 891 1003 λοιδορεῖσθαι
918 937 1007 987 stratu
1027 933 1205 1004 requisitum,
1237 934 1312 1005 quod
1332 934 1491 1005 cumprimis
1510 933 1540 986 in
1558 931 1692 987 electione
1711 947 1753 984 rc-

58 1015 250 1085 βουλομένοις,
285 1013 333 1067 ubi
370 1012 452 1067 etism
484 1015 605 1070 adducit
641 1015 745 1070 dictum
775 1016 892 1071 Poetae:
919 1018 1102 1088 spiciendum‚
1123 1019 1239 1089 proinde
1257 1019 1366 1090 generis
1379 1019 1502 1074 conditio
1514 1018 1652 1072 neminem
1669 1016 1754 1072 debet

59 1099 125 1154 διαν
144 1101 173 1152 δὲ
195 1102 291 1168 κρηπὶς
308 1097 347 1173 μὴ
367 1104 525 1176 καταβληθῇ
542 1105 641 1172 γένους
659 1103 765 1175 ὀρθῶς,
784 1100 892 1171 ἀνάγκη
920 1121 937 1157 a
958 1103 1123 1174 magistratu
1142 1104 1302 1170 excludere,
1332 1106 1355 1159 si
1374 1104 1452 1159 denis
1475 1121 1509 1159 sc
1529 1103 1677 1158 virtutibus
1697 1102 1753 1156 slrf·

59 1188 207 1257 δυστυχεῖν
242 1186 304 1246 τοὺς
343 1184 482 1257 ἐκγόνους.
530 1195 555 1243 5.
592 1189 773 1260 Magistratus
808 1186 893 1243 debet
919 1187 1078 1244 finientibus
1098 1190 1135 1244 sit
1152 1190 1310 1245 instructus.
1350 1196 1372 1248 1.
1395 1191 1467 1245 Saul
1492 1190 1596 1260 primus
1615 1188 1752 1243 Israilita·

60 1271 254 1328 anctoritatem
274 1273 349 1343 apud
369 1273 494 1330 subditos
513 1274 651 1343 obtinere,
676 1292 709 1330 ea
733 1275 805 1330 enim
832 1290 891 1327 ner·
918 1291 979 1326 rum
1007 1291 1055 1329 rex
1086 1276 1219 1331 divinitas
1248 1276 1414 1331 constitutus
1444 1277 1478 1330 de
1509 1293 1539 1330 se
1571 1275 1631 1346 ipso
1663 1274 1754 1345 inquit

60 1375 109 1411 vus
129 1366 172 1412 est
189 1359 370 1414 obedientiae.
406 1359 508 1431 Atqui
527 1378 583 1416 non
601 1367 666 1415 sunt
683 1360 808 1432 legitime
825 1359 892 1429 neti,
922 1365 943 1414 1.
964 1359 1037 1415 Sam.
1064 1369 1088 1426 9,
1115 1380 1141 1417 v.
1163 1368 1209 1419 21:
1234 1365 1381 1432 Numquid
1403 1382 1459 1417 non
1476 1364 1559 1430 filim
1577 1363 1686 1415 Jemim‘
1703 1379 1753 1429 epo

61 1444 88 1497 in
110 1451 232 1500 extremo
252 1452 397 1500 versantur
414 1453 569 1513 contemtu,
592 1447 666 1502 unde
691 1446 892 1501 abominabiles
917 1464 986 1514 sum,
1005 1449 1040 1502 de
1056 1448 1175 1502 minima
1186 1450 1262 1502 tribu
1275 1449 1377 1515 Israel,
1396 1458 1422 1502 et
1436 1451 1565 1519 cognatio
1582 1465 1645 1501 mea
1659 1464 1753 1516 parca

60 1540 85 1583 et
104 1532 184 1586 exosi
201 1532 275 1586 omni
291 1533 355 1602 jure
373 1532 515 1601 dicuntur,
541 1531 698 1588 Cassander
719 1550 746 1602 p.
768 1538 807 1587 11.
827 1548 891 1586 con·
918 1533 990 1586 inter
1017 1551 1111 1589 omnes
1129 1537 1267 1603 familias
1290 1539 1325 1589 ds
1343 1537 1417 1590 tribu
1436 1536 1612 1605 Benjamint
1654 1534 1753 1587 Dauid

61 1617 101 1672 sil.
126 1625 166 1673 15.
203 1619 471 1689 sillogismorum
492 1619 734 1688 etineertopatri
759 1617 817 1673 nati
835 1619 892 1688 ple·
918 1634 936 1671 a
958 1625 1073 1690 pastura
1097 1622 1191 1693 gregis
1219 1621 1313 1676 divino
1333 1622 1464 1677 mandato
1490 1621 1519 1675 in
1545 1621 1651 1692 regium
1671 1619 1753 1675 collo·

59 1721 176 1776 rumque
195 1705 346 1760 turbulenti
373 1710 438 1759 sunt
461 1705 578 1776 aliisque
602 1704 752 1759 deteriores
779 1708 893 1774 propter
919 1711 998 1760 cetus
1017 1712 1060 1761 est
1077 1708 1190 1777 schum,
1220 1714 1241 1764 1.
1261 1709 1337 1762 Sam.
1357 1714 1403 1777 16,
1423 1727 1449 1765 v.
1473 1713 1513 1763 11.
1549 1705 1579 1762 Si
1597 1707 1706 1761 Pharao
1725 1711 1755 1760 et

60 1792 132 1846 mala
162 1791 298 1862 principia
325 1795 352 1844 et
381 1790 580 1846 institutionem
606 1792 697 1845 nrinus
722 1790 893 1862 diligentem.
919 1792 1006 1863 ipsius
1033 1794 1180 1864 optimates
1208 1795 1318 1865 generis
1345 1794 1540 1850 nobilititatem
1572 1796 1752 1867 spectassent,

60 1877 270 1947 Chrysostomus
296 1876 389 1932 homil.
420 1882 461 1932 29.
491 1877 520 1930 in
549 1895 609 1948 cap.
636 1884 673 1934 12.
699 1876 785 1932 Hebr.
805 1876 894 1943 docet,
919 1896 1061 1950 nunquam
1079 1881 1236 1952 Joseplmm
1260 1882 1386 1952 Aegypti
1413 1898 1558 1952 proregem
1595 1879 1752 1935 eonstituis-

61 1964 151 2019 Deum
161 1980 190 2018 se
201 1981 295 2017 rerum
308 1970 335 2018 et
343 1964 495 2034 genuinum
505 1971 611 2034 patrem
621 1963 760 2026 exhibere,
781 1961 893 2034 quando
920 1972 988 2029 sent,
1010 1965 1079 2021 Gen.
1100 1972 1143 2033 41,
1161 1985 1187 2023 r.
1205 1974 1247 2023 46.
1285 1974 1308 2023 2.
1328 1968 1387 2024 Nec
1400 1968 1501 2022 desunt
1513 1966 1639 2036 exempla
1650 1983 1753 2032 eorum,

60 2069 108 2105 nos
133 2051 266 2120 cmtigat,
295 2068 359 2105 nam
382 2057 480 2119 patres
505 2051 618 2119 spurios
638 2059 664 2104 et
688 2050 786 2104 nothos
802 2049 892 2115 nepti·
919 2053 967 2123 qui
985 2052 1079 2107 infimo
1096 2053 1159 2106 loco
1184 2053 1242 2107 nati
1266 2053 1302 2108 ad
1328 2052 1514 2124 principatum
1539 2059 1604 2108 sunt
1620 2039 1707 2107 erecti
1725 2056 1754 2105 et

60 2145 135 2206 pant.
182 2144 206 2190 7.
230 2136 363 2207 Exemplo
388 2135 538 2208 plurimum
564 2136 592 2190 id
617 2135 787 2207 reipublicae
814 2141 895 2189 nocet
919 2155 962 2192 ree
993 2156 1109 2210 magnas
1140 2138 1169 2192 in
1197 2156 1230 2194 eo
1256 2146 1409 2211 gesserunt.
1454 2141 1623 2210 Agathocles
1644 2138 1754 2192 Siciliae

61 2328 159 2365 norum
184 2326 218 2364 ac
242 2310 404 2376 dignitatum
430 2309 531 2379 spuriis
555 2315 677 2380 pateant.
716 2308 793 2371 Quid
810 2308 894 2362 uliud
919 2311 1000 2379 cujus
1018 2318 1094 2367 ortus
1112 2312 1156 2365 sui
1180 2312 1339 2367 memoriam
1365 2309 1498 2369 fictilibus
1525 2330 1633 2384 semper
1657 2327 1751 2366 coena·

61 2407 99 2451 est
124 2398 238 2468 marios
265 2399 307 2450 ud
333 2405 460 2450 sanatum
487 2398 609 2450 ciuitatis
635 2397 782 2450 admittere
809 2412 894 2463 ortam
920 2396 975 2465 vit3
1011 2398 1154 2466 Augustus
1188 2399 1338 2469 imperator
1372 2416 1456 2454 arum
1496 2399 1595 2454 habuit
1626 2402 1755 2470 argenta·

60 2485 191 2538 libidimis
208 2484 291 2553 mensi
306 2485 386 2547 faces
405 2486 579 2538 accendere!
602 2483 689 2538 Casus
712 2481 761 2535 lih.
786 2487 809 2536 4.
832 2480 893 2551 eph.
919 2484 1005 2553 rium3
1034 2486 1152 2539 Heluius
1173 2487 1312 2539 Pertinue
1334 2493 1413 2557 patre
1437 2492 1520 2542 natus
1549 2491 1590 2541 est
1610 2485 1754 2549 libertino;

60 2572 134 2626 civit.
152 2588 214 2640 cap.
239 2576 263 2626 6.
285 2589 311 2641 q.
329 2576 352 2626 2.
389 2576 412 2625 6.
432 2569 523 2640 Spurii
548 2576 618 2625 cum
631 2577 744 2638 patrem
770 2586 826 2621 non
843 2567 893 2619 la·
923 2571 1054 2625 Valerius
1071 2571 1253 2639 Aurelianus,
1274 2572 1447 2626 Anastasius
1467 2573 1610 2627 Mammas
1635 2579 1685 2627 etc.
1703 2572 1753 2626 im-

60 2660 121 2711 lere
140 2658 345 2725 imelligantur,
365 2657 381 2712 l.
402 2663 443 2713 23.
469 2657 504 2710 de
527 2661 602 2710 statu
623 2654 694 2710 hom
715 2671 754 2708 ar.
775 2654 795 2708 1.
815 2659 840 2709 6.
859 2653 894 2708 de
920 2662 1062 2727 peratores
1094 2658 1190 2712 humili
1218 2658 1298 2714 fuere
1330 2659 1391 2713 loco
1421 2659 1489 2715 nati.
1531 2658 1568 2712 Et
1599 2663 1664 2713 ante
1692 2658 1753 2714 illos

62 2744 153 2815 injus
177 2759 235 2800 voc.
260 2741 288 2818 ᾖ.
314 2750 351 2799 12.
387 2743 454 2798 inst.
478 2743 513 2798 de
537 2749 615 2814 nupt.
642 2742 745 2796 nullam
764 2741 847 2796 etiarn
865 2740 894 2793 in
920 2759 1000 2813 repes
1029 2746 1218 2798 Romanorum
1246 2763 1264 2799 a
1297 2761 1407 2801 vomere
1434 2750 1463 2798 et
1495 2743 1567 2798 stiva
1592 2746 1754 2815 plerumque

62 2830 142 2884 bonis
166 2830 253 2901 patris
272 2830 473 2885 successionem
492 2829 594 2884 habere
617 2834 746 2899 possunt,
776 2826 893 2898 quodsi
920 2831 993 2886 lecti.
1041 2832 1120 2885 Tulli
1144 2832 1263 2887 Hostilii
1287 2830 1457 2886 incunabula
1480 2837 1589 2900 agreste
1612 2832 1754 2903 tugurium

63 2917 90 2970 in
118 2916 199 2973 bonis
225 2917 396 2988 privatorum
421 2916 474 2971 hoc
497 2922 594 2970 sancte
610 2914 778 2981 custoditur,
808 2912 894 2968 multo
921 2918 995 2989 cepit
1016 2919 1131 2989 ejusque
1157 2917 1344 2972 adolescentia
1367 2918 1396 2972 in
1418 2933 1518 2987 pecore
1542 2917 1681 2987 pascendo
1700 2917 1755 2972 fuit

63 3004 150 3075 magis
170 3005 197 3058 in
216 3003 335 3074 puhlicis
353 3002 491 3058 observari
511 3002 603 3069 debet,
623 3001 697 3056 unde
709 3001 819 3071 spurius
839 3017 894 3054 non
921 3011 1065 3075 occupata,
1091 3003 1209 3059 ‘l'aetzes
1236 3003 1299 3058 hist.
1326 3003 1388 3057 chil
1421 3011 1453 3059 6..
1471 3020 1532 3073 cap.
1561 3008 1601 3058 27.
1641 3005 1755 3059 &mdiu

64 3090 118 3144 luit
134 3090 273 3145 admissus
292 3091 328 3144 ad
347 3090 563 3152 decurionatum,
582 3088 605 3141 si
622 3087 895 3157 habuitcompetito·
926 3092 1036 3145 Tullius
1054 3096 1142 3145 matre
1160 3106 1240 3144 serva
1257 3095 1340 3145 natus
1357 3089 1426 3155 fuit,
1455 3089 1555 3144 Florus
1574 3089 1622 3145 lib.
1646 3096 1666 3146 1.
1685 3107 1708 3145 c.
1729 3097 1753 3147 6.

61 3194 118 3231 rem
140 3177 264 3249 legitime
290 3176 455 3248 quaesitum,
479 3176 497 3231 l.
524 3182 547 3229 6.
572 3171 731 3250 §.spurios
761 3179 785 3231 2.
810 3172 839 3228 ff.
860 3172 894 3227 de
922 3184 945 3231 3.
966 3178 1091 3233 Virtutes
1108 3182 1254 3247 parentum
1280 3192 1335 3231 non
1360 3182 1426 3231 sunt
1448 3176 1477 3229 in
1504 3176 1600 3232 liberis
1619 3177 1753 3232 heredita·

62 3264 200 3318 decurion.
256 3263 493 3335 Distinguendum
527 3268 619 3317 tammr
657 3262 729 3316 inter
765 3260 894 3328 regulam
920 3265 993 3329 riae,
1015 3264 1079 3320 ideo
1099 3264 1220 3334 optimus
1249 3264 1367 3334 quisque
1385 3261 1483 3317 merito
1503 3263 1658 3317 censendus
1676 3263 1753 3317 nobi-

60 3352 221 3418 qeneralem
249 3359 274 3404 et
303 3349 564 3403 semaei-dinarium
593 3346 767 3402 necessitatis
789 3364 892 3402 casum
921 3351 1050 3420 lissimus,
1069 3350 1195 3422 Vellejus
1214 3349 1263 3408 lib.
1284 3356 1308 3406 2.
1326 3351 1422 3405 Potest
1438 3367 1472 3402 es
1489 3367 1558 3402 casa
1576 3350 1621 3402 ot'r
1637 3367 1753 3417 magnus

63 3438 238 3509 Regulariter
268 3436 354 3508 spurii
378 3453 433 3490 non
460 3442 524 3490 sunt
552 3434 715 3490 admittendi
742 3434 778 3488 ad
807 3433 894 3504 magi·
921 3439 1005 3503 seire,
1025 3438 1115 3510 inquit
1133 3437 1240 3492 Seneca
1260 3436 1308 3492 lib.
1330 3442 1354 3491 9.
1373 3436 1453 3506 epist.
1474 3442 1513 3491 79.

61 3530 166 3578 stratus
186 3524 324 3592 officium,
348 3523 456 3577 interim
481 3520 698 3577 extraordinarie
716 3525 830 3592 propter
847 3520 893 3574 he·
943 3529 1014 3578 199.
1051 3522 1201 3587 Quaeritur
1226 3530 1250 3579 4.
1270 3523 1345 3578 eirca
1366 3524 1501 3592 patriam.
1539 3522 1586 3574 An
1611 3513 1856 3606 peregriniinlflflu
1922 3512 1925 3517 ’

61 3612 165 3665 roieam
185 3610 315 3665 uanam
335 3617 364 3665 et
381 3615 471 3663 certas
497 3608 629 3679 quasdam
655 3607 825 3677 reipublicae
843 3605 894 3659 eir·
920 3611 962 3662 ad
981 3609 1154 3677 reipublicae
1179 3611 1288 3663 clauum
1313 3610 1497 3664 collocandi!
1527 3608 1581 3673 Qui
1606 3606 1755 3674 affirmant,
1768 3577 1863 3658 iussor-

62 3696 241 3752 cnmstantias
263 3697 373 3752 admitti
398 3702 520 3768 possunt.
555 3693 792 3764 Distinguendum
810 3692 894 3747 etiam
921 3695 989 3749 haec
1016 3693 1167 3765 proferunt.
1206 3701 1226 3749 1.
1254 3695 1283 3748 si
1315 3699 1401 3750 exteri
1426 3694 1619 3763 admittantur,
1649 3668 1842 3748 16111161ίΙΜΗ

62 3785 134 3837 inter
153 3784 230 3838 illum
252 3783 393 3852 spuriam,
412 3783 462 3850 qui
477 3781 605 3850 paternis
624 3780 747 3848 uestigiis
766 3780 895 3831 insistens
922 3784 994 3836 inter
1013 3782 1087 3835 cives
1107 3780 1299 3836 aemulationis
1318 3781 1456 3846 studium,
1484 3799 1517 3836 ex
1537 3797 1592 3852 qus
1610 3781 1756 3835 intestinae

64 3887 93 3924 re
112 3877 141 3924 et
154 3870 212 3924 vita
230 3869 390 3924 inhonestus
408 3874 457 3935 est,
475 3868 670 3935 etintereum,
689 3866 735 3937 qui
755 3865 895 3919 masadam
923 3868 1077 3923 discordiae
1106 3873 1135 3922 et
1159 3874 1360 3939 consequenter
1385 3868 1556 3939 reipublicae
1580 3868 1674 3923 clades
1691 3866 1756 3921 obo-

64 3959 174 4026 ‚oeneris
206 3957 280 4010 vitoe
308 3957 448 4009 loneaote
479 3963 504 4008 et
530 3955 612 4007 rebus
637 3955 785 4023 praeclare
810 3953 896 4020 pestis
922 3954 969 4008 riri
986 3954 1084 4009 solent.
1121 3959 1146 4008 2.
1165 3954 1294 4025 Augetur
1313 3954 1437 4024 potentia
1448 3953 1625 4025 reipublicae,
1644 3953 1666 4007 si
1685 3952 1757 4007 rires

10 4062 50 4105 pr,
65 4045 141 4098 eluit.
179 4042 223 4098 De
243 4043 331 4114 priore
350 4049 423 4098 recte
441 4041 551 4108 dicitnr,
572 4040 646 4111 quod
664 4056 757 4095 omnes
776 4037 896 4110 dignita-
922 4041 1027 4097 externi
1056 4039 1189 4111 principis
1217 4039 1258 4094 illi
1291 4041 1505 4111 conjungentur.
1542 4047 1565 4095 3.
1592 4041 1633 4097 Ut
1660 4039 1756 4112 generi

65 4138 123 4184 tum
141 4136 238 4201 portae
255 4129 332 4200 ipsae
352 4129 514 4200 praeclusae
531 4143 591 4182 esse
612 4126 745 4190 debeant,
771 4143 794 4182 c.
816 4124 893 4179 Nun·
923 4145 978 4183 non
995 4133 1038 4182 est
1058 4127 1174 4199 alligata
1193 4128 1291 4196 virtus,
1310 4127 1350 4181 ita
1366 4143 1417 4182 uec
1435 4127 1558 4198 patriae,
1579 4128 1653 4182 unde
1673 4127 1756 4182 Clau

65 4235 147 4288 quam
165 4233 189 4273 e.
207 4215 317 4270 Domini
330 4214 393 4270 dist.
413 4220 453 4269 56.
924 4215 986 4270 dias
1005 4214 1199 4285 imperatorin
1217 4219 1315 4268 senatu
1334 4214 1472 4282 disseruit,
1494 4216 1580 4270 etiam
1604 4222 1756 4278 aaronem,

924 4305 1007 4357 modo
1020 4302 1076 4354 sint
1087 4302 1149 4370 fidi,
1165 4302 1320 4372 prudentes
1337 4308 1362 4354 et
1374 4302 1547 4370 respublicae
1557 4302 1647 4367 utiles,
1663 4316 1756 4369 posse,

103 4394 158 4444 168.
200 4386 347 4453 Quaeritur
364 4391 388 4442 3.
415 4387 459 4439 Aa
484 4385 536 4455 qui
556 4386 672 4439 obtmtro
695 4384 759 4438 loeo
785 4384 848 4436 sati
865 4384 896 4435 in
923 4389 979 4443 imo
1011 4388 1112 4441 delere
1141 4389 1183 4440 ad
1211 4387 1383 4456 respublicae
1415 4388 1607 4455 gubernacula
1635 4384 1756 4440 admitti.

67 4477 261 4545 magistratum
278 4473 422 4542 eligendi!
440 4470 610 4543 Negativam
630 4471 673 4525 his
690 4470 837 4526 stabiliunt
854 4486 896 4525 ar·
924 4480 949 4529 4.
967 4473 1104 4544 Exempla
1120 4475 1259 4528 testantur
1276 4473 1360 4528 efiam
1379 4474 1532 4544 peregrinis
1557 4474 1646 4527 fasces
1669 4470 1756 4525 fuisse

65 4561 219 4633 gementis:
241 4563 264 4612 1.
277 4560 522 4617 emeramnus
539 4558 660 4620 fortibus
678 4557 806 4611 61609131.
844 4558 897 4608 Eut
924 4560 1037 4616 delatos.
1077 4559 1251 4628 Tarquinius
1271 4559 1387 4613 Priscus
1411 4559 1487 4630 apud
1511 4558 1621 4612 Livium
1646 4557 1675 4611 in
1695 4573 1756 4612 ora·

64 4650 93 4700 in
105 4647 251 4716 juvencis,
277 4653 318 4699 est
344 4646 373 4698 in
392 4645 470 4714 equis
485 4653 603 4714 patrum
625 4644 714 4697 uirtus
732 4660 782 4696 nec
802 4642 896 4695 imbel·
922 4645 996 4700 tione
1015 4645 1045 4699 in
1063 4643 1182 4700 comitiis
1199 4644 1309 4714 habita,
1336 4663 1365 4700 se
1386 4653 1554 4715 nors-petere
1572 4661 1631 4698 rem
1647 4660 1755 4713 novam

65 4737 117 4789 lem
134 4737 245 4799 seroces
260 4740 450 4805 progenerant
470 4731 584 4800 aquilae
604 4731 776 4793 columbam,
798 4735 830 4783 ut
853 4733 896 4783 est
922 4732 1026 4802 inquit,
1045 4749 1106 4784 eum
1125 4748 1181 4785 non
1193 4732 1322 4802 promus,
1347 4734 1424 4802 quod
1441 4732 1589 4802 qumquam
1607 4731 1756 4799 indignari

64 4823 138 4893 apud
159 4821 315 4876 Horatium.
351 4821 417 4872 Noa
437 4819 568 4872 etenime
591 4817 698 4885 squillo
719 4834 787 4870 rosa
805 4816 896 4869 nasei-
922 4819 1054 4872 mirariue
1067 4825 1174 4887 posset,
1192 4819 1244 4872 sed
1260 4820 1359 4873 ter-tim
1383 4821 1491 4873 Romae
1506 4818 1676 4887 peregrinus
1693 4834 1755 4886 rep-

64 4917 108 4961 tur
131 4917 181 4962 aut
206 4907 383 4976 lyraeintirus,
412 4905 482 4965 εἰκὸς
507 4909 630 4974 βελτίους
668 4905 738 4958 εἶναι
769 4903 832 4963 τοὺς
866 4902 896 4955 ἐκ
922 4923 987 4958 nsrm
1006 4907 1122 4975 affectet.
1158 4903 1232 4959 Ante
1247 4903 1337 4974 ipsum
1357 4906 1452 4958 Numa
1471 4920 1486 4957 e
1505 4902 1614 4958 Sabinis
1640 4904 1677 4957 ad
1694 4920 1757 4973 reg·

64 4995 219 5064 βελτιόνων,
239 4994 280 5047 ait
299 4993 485 5064 Philosophus
502 4992 550 5047 lib.
572 4997 596 5047 6.
609 4990 686 5060 polit.
705 5006 729 5044 c.
748 4996 772 5045 7.
798 4995 821 5045 2.
837 4989 895 5042 liu-
923 5008 989 5046 num
1009 4997 1140 5046 evocatas
1159 4989 1218 5045 Liv.
1236 4989 1282 5045 lib.
1304 4999 1326 5047 1.
1339 5009 1367 5061 p.
1381 4995 1422 5045 21,
1462 4989 1608 5058 Traianus
1626 5006 1643 5043 a
1662 4989 1755 5045 Nema

66 5083 122 5136 mili
141 5082 203 5137 loco
220 5080 272 5134 orti
292 5081 315 5133 si
334 5080 370 5134 ad
383 5079 527 5150 imperium
543 5077 702 5139 evehantur,
724 5077 823 5131 cristas
840 5077 889 5130 eri·
908 5093 1066 5149 ⁸successor
1083 5073 1250 5131 constitutus
1267 5081 1296 5130 et
1309 5076 1453 5147 Augustus
1466 5075 1556 5130 dictus
1570 5066 1624 5129 tuit
1643 5075 1756 5129 nahone

65 5177 136 5241 gunt
153 5184 187 5222 ae
208 5167 372 5237 impotenter
397 5184 427 5221 se
451 5171 552 5237 gerunt
575 5163 707 5234 pristinae
730 5163 895 5219 conditionis
908 5152 911 5181 ²
924 5163 1073 5234 Hispanus.
1112 5161 1225 5217 Censuit
1243 5161 1315 5216 enim
1334 5162 1435 5230 Nerva,
1458 5163 1587 5216 virtutem
1612 5163 1756 5232 cujusque,

66 5257 247 5312 immemores.
284 5259 307 5308 9.
329 5253 476 5309 Distinetio
501 5251 666 5306 familiarum
691 5268 822 5324 magnum
845 5251 897 5307 rei·
923 5268 979 5305 non
998 5251 1115 5321 patriam
1135 5249 1273 5305 aestimari
1294 5256 1322 5303 et
1342 5249 1489 5320 ponderari
1509 5254 1644 5319 oportere,
1672 5247 1755 5302 Dion.

64 5343 193 5414 publicae
212 5347 402 5396 ornamentum
421 5358 454 5395 ac
472 5340 683 5404 munimentum,
712 5356 745 5395 ea
766 5355 832 5394 vero
856 5339 896 5393 la·
922 5338 942 5394 1.
967 5343 1008 5393 66.
1035 5354 1100 5409 pag.
1127 5342 1185 5392 716.
1221 5336 1352 5403 Seuerus,
1383 5336 1572 5399 Maximinus,
1603 5334 1756 5405 Philippus

66 5430 170 5494 bascit,
200 5428 224 5481 si
246 5428 365 5498 plebejis
392 5429 428 5483 ad
453 5426 631 5500 magistratus
654 5426 776 5482 officium
804 5425 897 5480 aditus
924 5425 1018 5478 Arabs
1050 5424 1228 5494 imperatores
1253 5421 1331 5477 furere
1359 5422 1453 5477 exteri.
1496 5421 1610 5475 Tacitus
1636 5419 1682 5474 lib.
1715 5426 1754 5476 11.

68 5515 236 5574 conceditur.
278 5514 333 5571 Sed
354 5515 425 5571 enim
444 5513 571 5586 quamvis
600 5512 682 5570 facile
705 5511 896 5578 concedamus,
924 5511 1014 5566 annal.
1034 5510 1139 5566 Romm
1165 5509 1266 5564 multos
1284 5509 1406 5565 adsensu
1431 5515 1574 5564 senatores
1591 5506 1681 5561 iactos
1699 5522 1755 5561 me·

10 4448 26 4487 'c
