4020 6014
276 145 338 204 224
861 135 985 197 mous
1003 133 1208 196 uouemus
1226 135 1391 195 uuum

275 307 346 364 opus
362 291 462 347 fuisset
480 290 633 362 ιξηγιῐσεως
651 308 737 348 causa
756 291 859 347 addere
880 299 1019 362 γυναῖκα,
1036 291 1060 347 si
1079 293 1115 348 ds
1144 291 1263 361 ideoque
1285 291 1431 362 apostolos
1448 291 1607 361 aliquando
1623 291 1721 360 fuisse
1746 294 1873 351 nutrior
1889 313 1910 351 a
1924 315 1973 350 ιιιι

277 379 375 449 quavis
399 379 428 433 in
461 377 572 434 Christo
598 395 690 434 sorore
712 381 870 450 loqueretur
903 395 936 432 ac
961 378 990 432 in
1012 394 1115 450 genere
1142 377 1272 444 lieribus,
1291 378 1449 446 aliquando
1467 395 1487 430 a
1502 378 1627 446 populis.
1661 377 1893 450 Respondemus:
1918 381 1974 436 Fin-

150 478 263 523 animo.
277 465 402 536 quamvis
419 464 552 520 feminam
570 465 755 520 Christianam
784 465 918 519 voluisset
935 465 1113 529 intellectam,
1142 479 1208 534 gere
1225 462 1278 516 hoc
1298 469 1341 516 est
1358 470 1387 517 et
1404 462 1533 533 pingere,
1550 481 1606 519 non
1627 463 1780 535 disputare.
1822 466 1916 534 Quam
1933 467 1975 522 hs·

277 552 330 607 nisi
349 551 411 622 quis
431 552 551 607 absurde
570 559 691 607 statuere
716 551 799 615 velit,
827 550 911 605 etiarn
936 550 1010 605 viros
1031 569 1113 622 posse
1142 548 1249 603 buisset
1266 547 1335 602 faeti
1354 549 1488 619 speciem,
1515 549 1539 603 si
1564 551 1683 620 apostoli
1706 550 1826 607 desmtis
1850 553 1976 610 uxoribus

276 654 337 692 esee
352 654 467 693 sorores.
493 637 633 709 Urgemus
645 637 729 692 etism
741 637 855 690 verbum
869 635 1024 706 περιάγειν,
1038 637 1113 709 quod
1141 634 1260 705 propriis
1284 634 1353 689 alias
1378 643 1407 690 et
1431 635 1545 707 quidem
1564 652 1700 706 pauperes
1717 638 1754 692 ud
1773 638 1914 714 obsequie
1929 640 1977 695 sibi

275 723 381 778 indicat
401 725 448 793 jus
479 724 586 792 mariti,
614 740 695 793 quem
724 740 792 777 uxor
810 729 919 778 tenetur
938 723 1016 794 sequi
1034 723 1112 777 itern-
1141 721 1310 789 praestanda
1330 721 1538 777 adscivissent?
1569 722 1613 778 De
1638 722 1772 779 divitibus
1790 732 1890 781 autem
1909 727 1977 799 cogi·

276 826 330 880 que
356 809 527 863 individuam
556 809 633 865 illam
659 809 734 863 vitae
758 808 876 879 viaeque
898 809 1057 864 societatem
1080 825 1113 862 ex
1139 811 1199 860 tare
1230 823 1330 877 scopus
1355 813 1383 861 et
1406 807 1633 862 circumstantiae
1657 814 1750 863 textus
1785 827 1844 865 non
1870 814 1977 883 permit·

274 895 399 966 conjugii
413 897 477 965 jure
497 895 708 964 dependentem.
744 895 872 949 Secundo
890 912 924 949 ex
941 912 1025 964 scopo
1044 912 1112 963 apo·
1140 897 1212 960 tunt,
1229 891 1429 948 circumductio
1447 893 1521 947 enim
1548 892 1665 948 divitum
1685 895 1832 953 mulierum
1852 899 1978 954 ecclesias

273 982 348 1037 stoli.
384 982 579 1037 Demonstrare
601 986 718 1035 conatur
741 980 900 1050 apostolus,
927 998 957 1036 se
981 980 1112 1035 habuisse
1141 994 1196 1031 non
1216 985 1366 1047 onerasset,
1385 978 1436 1033 sed
1454 979 1546 1047 potius
1564 979 1745 1036 sublevasset
1771 981 1908 1039 Ceterum
1921 1002 1978 1040 cum

274 1073 439 1137 potestatem
463 1067 598 1138 gravandi
622 1068 766 1123 eeclesiam
786 1062 992 1121 Corinthiacum
1018 1066 1112 1121 sumti-
1141 1062 1176 1117 de
1200 1061 1253 1116 hoc
1276 1062 1336 1118 loco
1363 1064 1517 1135 apostolico
1539 1064 1656 1136 pulchre
1680 1067 1800 1125 ἀίιιιιιιι
1826 1069 1978 1126 Dudithius

274 1153 327 1208 bus
345 1170 395 1224 pro
413 1154 455 1207 sui
476 1169 508 1208 ac
526 1153 649 1208 familiae
667 1152 868 1208 sustentatione
895 1152 1057 1208 necessariis
1075 1151 1112 1206 ab
1140 1148 1169 1201 in
1190 1149 1338 1203 demonstr.
1357 1165 1407 1219 pro
1425 1150 1557 1221 conjugio
1576 1150 1739 1207 clericorum
1758 1170 1824 1226 pag.
1836 1161 1880 1212 56.
1897 1159 1978 1214 verbs

274 1255 308 1294 es
324 1239 498 1310 recipiendis,
518 1256 575 1308 qua
593 1245 686 1294 tumen
706 1245 843 1309 potestate
862 1239 937 1308 apud
955 1237 1113 1299 Corinthios
1137 1234 1200 1304 ejus
1218 1234 1272 1288 huc
1290 1234 1456 1290 referemus:
1485 1235 1563 1298 Quid
1585 1238 1669 1292 aliud
1694 1238 1803 1310 (inquit)
1826 1259 1888 1311 per
1905 1261 1978 1299 sara

273 1341 303 1379 se
321 1343 375 1380 non
393 1324 479 1379 luisse
495 1341 576 1377 usum
593 1324 699 1378 asserit.
737 1323 826 1394 Atqui
846 1342 902 1379 non
920 1331 1044 1395 gravata,
1061 1322 1112 1379 sed
1137 1337 1194 1374 rem
1220 1321 1365 1374 mulierem
1394 1321 1518 1391 intelligi
1542 1326 1657 1392 poterit
1693 1329 1736 1379 dn
1768 1327 1832 1381 alia
1861 1332 1978 1399 quassis

272 1410 365 1480 potius
378 1410 525 1465 sublevata
539 1409 638 1463 fuisset
649 1409 766 1464 ecclesis
778 1409 964 1480 Corinthiaco,
977 1411 1003 1463 si
1016 1409 1111 1480 huJus-
1135 1408 1267 1470 seminat
1283 1424 1334 1460 cur
1352 1424 1419 1477 erpo
1438 1410 1556 1463 addidit
1572 1428 1665 1464 uocem
1682 1412 1848 1468 mediaremt
1879 1419 1977 1486 Napa-

273 1497 348 1552 modi
388 1496 515 1551 mulieres
554 1496 695 1564 apostolus
735 1512 828 1550 secum
867 1496 1111 1563 circumduxisset;
1138 1494 1270 1547 tio·enim
1288 1501 1360 1548 ιιιιι
1379 1503 1406 1547 ιι
1424 1496 1465 1548 ad
1482 1496 1686 1550 secludendum
1710 1499 1801 1552 nirrrm
1820 1503 1896 1555 satra
1917 1513 1978 1558 erat

272 1583 390 1653 proinde
409 1583 492 1636 etiam
511 1581 668 1650 exemplum
687 1580 847 1646 mulierum,
873 1598 946 1652 quae
970 1580 1111 1636 Christum
1137 1597 1263 1633 sororem
1281 1581 1447 1634 nominasse.
1487 1579 1615 1635 Graecus
1632 1592 1774 1639 cantemus
1792 1586 1876 1640 ιαιιι
1899 1586 1978 1643 sidet-

273 1668 461 1740 sequebantur
484 1674 513 1721 et
535 1666 755 1736 suppeditabant
780 1668 833 1738 ipsi
860 1666 894 1721 ιὰ
912 1668 1041 1736 βιωτικά,
1070 1674 1112 1723 ιιι
1138 1666 1197 1737 (piru
1216 1672 1342 1737 ysicius.
1378 1667 1505 1720 Primum
1530 1668 1698 1724 uindicem
1719 1672 1910 1728 aduocatis
1928 1694 1978 1745 ap·

273 1755 310 1810 ab
328 1754 380 1809 hoc
399 1754 459 1809 loco
478 1752 607 1818 alienum,
627 1753 680 1806 illis
697 1754 771 1808 enim
789 1755 906 1809 ecclesia
921 1753 1032 1809 minime
1046 1770 1110 1808 one·
1134 1760 1234 1821 paret,
1259 1752 1361 1820 qrrodm
1386 1751 1486 1817 πιστιξν
1508 1754 1641 1823 dictaret,
1669 1756 1703 1808 id
1726 1764 1768 1810 est
1783 1759 1906 1826 fidetem
1931 1778 1980 1815 ιιι

273 1840 398 1903 rabatur,
418 1839 468 1894 sed
488 1840 580 1910 potius
594 1838 802 1895 sublevabatur.
835 1841 931 1894 Tertio
944 1857 977 1894 cn
993 1857 1025 1893 re
1039 1841 1109 1909 ipsa.
1138 1837 1343 1906 Christianam,
1372 1839 1414 1890 ita
1437 1839 1510 1891 anim
1531 1840 1642 1903 fratres
1669 1849 1695 1894 et
1718 1860 1831 1898 ror-cres
1852 1847 1981 1914 apostoli

273 1925 363 1991 Quam
390 1925 462 1979 enim
490 1940 593 1996 quaeso
620 1924 764 1981 habuisset
796 1926 931 1996 speciem,
958 1927 981 1980 si
1009 1926 1109 1982 Petrus
1138 1932 1164 1978 et
1181 1932 1242 1977 tota
1260 1924 1314 1977 illa
1334 1925 1491 1992 antiquitas
1508 1942 1610 1980 cacare
1631 1927 1739 1982 solebat
1758 1946 1818 1998 sos,
1843 1934 1896 2000 gui
1914 1951 1979 1987 eun·

273 2012 414 2083 propriam
432 2028 511 2066 suam
528 2012 676 2083 conjugem
688 2012 845 2082 relinquere
865 2018 893 2068 et
910 2012 1020 2067 interim
1041 2030 1103 2083 opu·
1138 2013 1200 2063 dem
1226 2012 1321 2063 Deum
1344 2011 1460 2063 Patrem
1486 2012 1608 2066 colerent
1632 2013 1715 2082 inque
1739 2016 1801 2084 ejus
1818 2017 1912 2080 filium
1928 2021 1979 2074 Je-

272 2098 400 2153 lentiores
418 2097 526 2168 aliquas
544 2099 672 2153 mulieres
691 2116 741 2169 per
756 2099 848 2154 varios
867 2098 984 2170 populos
1003 2100 1032 2152 in
1052 2099 1108 2152 lon·
1136 2114 1197 2148 sum
1216 2094 1357 2149 Christum
1376 2098 1537 2166 crederent,
1568 2114 1658 2168 creare
1681 2117 1782 2155 nouum
1805 2104 1903 2158 videri
1921 2125 1978 2160 non

225 2173 235 2188 ⁸
274 2184 385 2256 ginquis
413 2184 682 2255 peregrinationibus
710 2202 804 2241 secum
832 2185 1039 2240 circumducere
1063 2202 1109 2239 vo·
1138 2184 1324 2251 debeturque
1343 2184 1521 2247 inusitatum,
1552 2188 1630 2252 quod
1645 2201 1760 2240 arerem
1779 2191 1890 2244 scrorr's
1910 2211 1978 2262 qua

274 2270 390 2326 luisset?
414 2269 531 2341 Regerit
556 2269 739 2324 Bellarminns
764 2275 786 2326 1.
812 2272 854 2324 sic
878 2272 977 2326 vocari
998 2288 1110 2325 sorores
1138 2286 1191 2337 quc
1227 2269 1363 2322 vocabulo
1400 2270 1598 2327 cohonestent.
1643 2272 1713 2325 dam
1744 2273 1823 2329 iliud
1853 2277 1978 2334 αιιιιιιιιι

274 2358 413 2424 mulieres,
429 2356 502 2410 sicut
514 2356 608 2410 Actor.
631 2363 652 2424 1,
671 2374 694 2412 v.
712 2363 750 2412 16.
768 2356 897 2411 dicuntur
913 2358 970 2410 oiri
986 2359 1110 2422 fratrem
1136 2355 1248 2408 omnino
1273 2371 1388 2408 acorem
1405 2355 1582 2424 significare,
1609 2364 1713 2410 certum
1732 2367 1787 2427 est,
1812 2357 1884 2430 γυνή
1902 2365 1978 2418 eninr

273 2443 323 2499 sed
341 2442 413 2497 hanc
432 2442 643 2511 explicationem
667 2458 723 2497 non
746 2443 910 2514 permittunt
932 2460 1032 2514 scopus
1052 2451 1108 2499 tex-
1136 2456 1198 2494 eam
1216 2441 1384 2504 dimidiet,
1408 2448 1439 2493 ut
1463 2448 1490 2495 et
1510 2442 1653 2497 mulierem
1677 2444 1845 2513 simpliciter
1860 2456 1889 2503 et
1908 2468 1977 2505 urc-
2004 2466 2010 2489 ι

273 2536 319 2583 tus
337 2533 366 2581 et
382 2527 608 2582 circumstantiae
628 2527 767 2598 reliquae,
796 2544 848 2582 nec
871 2535 993 2583 mutatus
1013 2530 1109 2585 verbo-
1135 2544 1194 2580 rem
1222 2527 1390 2595 plerumque
1418 2529 1545 2596 denotet,
1579 2530 1657 2598 quod
1686 2547 1721 2584 ne
1745 2535 1833 2601 ¹apud
1853 2537 1977 2591 Latinos

274 2632 335 2668 rum
353 2614 430 2683 ordo,
450 2631 504 2668 non
525 2613 598 2668 enim
620 2613 689 2667 dixit
709 2613 849 2683 apostolus
868 2615 1013 2668 mulierem
1030 2634 1109 2670 soro·
1137 2612 1248 2679 quidem
1264 2619 1393 2666 auctores
1411 2613 1577 2682 infrequens
1597 2622 1646 2682 ert,
1668 2624 1698 2669 ut
1715 2618 1843 2673 mulieris
1860 2623 1977 2678 nemim

273 2717 341 2767 rem,
359 2700 408 2754 sed
425 2717 550 2754 sororem
568 2699 722 2755 mulierem.
750 2698 1037 2772 Idiotismuslinguae
1048 2717 1109 2772 per·
1136 2715 1207 2751 ucor
1230 2700 1405 2766 significetur
1428 2704 1481 2755 etc.
1508 2718 1597 2770 supra
1615 2719 1637 2756 c.
1660 2705 1682 2756 7.
1705 2721 1768 2759 cum
1786 2707 1822 2760 de
1839 2711 1978 2765 semibus

273 2784 366 2854 mittit,
385 2792 416 2839 ut
436 2786 546 2840 dicatur
562 2785 619 2838 viri
633 2785 757 2853 fratres,
784 2800 960 2856 nequaquam
988 2803 1054 2841 vero
1078 2792 1110 2841 ut
1136 2785 1283 2852 apostolus
1300 2785 1434 2853 loquitur,
1453 2803 1511 2840 non
1530 2787 1589 2840 aiio
1608 2805 1691 2856 quam
1711 2790 1763 2845 ιιι
1778 2809 1887 2862 quoquc
1902 2795 1976 2861 icco,

273 2870 382 2926 inverso
400 2872 495 2927 ordine
514 2871 549 2925 ds
565 2869 675 2925 feminis
699 2871 809 2925 dicatur
836 2889 947 2926 sorores
971 2873 1109 2929 mulieres.
1136 2870 1269 2922 nimirum
1294 2870 1425 2940 γυναικός
1448 2873 1583 2927 ιοιαιιιιο
1607 2874 1696 2928 utitur
1714 2882 1783 2933 etl.
1805 2879 1926 2935 limotle
1944 2885 1973 2938 3.

274 2960 301 3013 2.
314 2959 490 3025 Potestatcm,
508 2960 544 3010 de
556 2974 612 3024 qrsa
630 2957 776 3028 apostolus
794 2959 926 3026 loquitur,
944 2976 1000 3012 non
1011 2960 1109 3028 fuisse
1136 2957 1297 3026 episcopum
1311 2958 1371 3011 cult
1388 2975 1446 3011 esre
1462 2962 1529 3029 μιᾶς
1546 2961 1677 3028 γυναικὸς
1694 2960 1783 3037 ἄνδρα
1801 2972 1828 3018 et
1842 2968 1974 3034 proxime

272 3044 303 3096 in
322 3045 467 3106 mulieres,
485 3044 537 3095 sed
559 3043 589 3095 in
605 3044 742 3096 actionem
764 3061 812 3096 eas
829 3045 1065 3116 circumducendi,
1084 3048 1111 3101 si
1135 3044 1280 3108 superiore
1298 3045 1401 3113 capite,
1419 3062 1481 3098 cum
1500 3045 1605 3114 inquit:
1627 3048 1667 3101 Ει
1683 3049 1781 3118 Adam
1797 3069 1853 3105 non
1871 3062 1913 3107 est
1933 3072 1976 3109 ee·

272 3130 472 3198 sequiorilent,
489 3129 532 3182 uei
545 3130 613 3182 siin
630 3129 764 3184 mulieres
776 3140 838 3184 erat
848 3139 984 3200 potatas,
1006 3134 1108 3202 dicam,
1137 3131 1254 3197 ductus,
1280 3130 1382 3183 mulier
1409 3138 1501 3183 autem
1529 3133 1647 3186 seducta
1673 3134 1704 3187 in
1724 3139 1976 3203 praeuaricatione

273 3217 418 3286 apostolos
435 3216 564 3269 ιαιιιιὲιιι
577 3215 814 3268 auctoritatemin
832 3233 880 3269 eas
892 3217 1031 3286 mulieres,
1052 3237 1108 3272 non
1129 3216 1208 3284 suit,
1235 3213 1250 3281 ἡ
1273 3215 1304 3268 δὲ
1330 3214 1401 3285 γυνή
1425 3216 1530 3286 inquit,
1555 3234 1617 3272 eam
1639 3227 1731 3272 erdem
1748 3222 1892 3277 mulmrem
1910 3228 1975 3296 qur's

271 3303 395 3357 uirorum
414 3303 445 3355 in
462 3318 570 3367 naeres,
587 3303 641 3355 red
653 3301 799 3354 doctorum
816 3302 846 3353 in
859 3303 1025 3371 dissipentur.
1053 3304 1107 3360 Re·
1135 3310 1215 3370 neget
1240 3303 1351 3356 Adurni
1372 3319 1485 3356 acorem
1501 3304 1614 3368 fuisset
1643 3305 1686 3358 ita
1712 3308 1754 3359 ad
1779 3309 1835 3361 Tit.
1858 3315 1882 3363 1.
1911 3329 1975 3366 cum

272 3389 456 3459 spondemus·
489 3386 557 3442 Si
550 3405 579 3441 ιιι
605 3386 742 3441 actionem
774 3387 999 3442 circumducendi
1031 3390 1107 3446 illam
1131 3389 1310 3456 presbyteros
1331 3389 1466 3442 ordinari
1478 3390 1634 3459 praecepit,
1652 3391 1679 3443 si
1696 3391 1759 3460 quis
1777 3394 1839 3447 sine
1855 3397 1974 3453 erimine

271 3492 392 3531 sororem
428 3474 571 3529 mulierem
617 3478 781 3544 potestatem
825 3473 924 3528 habuit
957 3477 1108 3554 apostolus,
1134 3483 1189 3540 cst,
1214 3474 1298 3527 unius
1324 3476 1420 3528 sicoris
1437 3476 1495 3542 vir,
1519 3477 1622 3544 inquit.
1644 3477 1712 3549 μιᾶς
1735 3481 1867 3547 γυναικὸς
1892 3481 1973 3555 ἀνήρ

271 3561 368 3632 utique
399 3560 482 3616 etiam
512 3560 540 3614 in
572 3561 661 3630 ipsam
695 3576 841 3630 personam
875 3567 1003 3632 respectu
1034 3563 1108 3618 illius
1134 3561 1281 3628 Interpres
1301 3576 1333 3613 ιι
1353 3560 1430 3628 ioco,
1455 3568 1487 3613 ut
1506 3578 1601 3631 supra
1625 3579 1733 3632 quoque
1758 3567 1782 3621 1.
1802 3564 1928 3623 Corinth
1951 3574 1974 3626 7

271 3646 401 3711 actionis,
420 3646 485 3716 quia
504 3646 562 3700 sine
578 3647 642 3716 jure
660 3645 689 3700 in
708 3663 856 3716 personam
875 3664 931 3702 non
949 3654 1041 3719 potest
1059 3649 1106 3703 hs·
1135 3654 1161 3699 et
1187 3645 1259 3699 aiibi
1284 3647 1395 3699 acutius
1417 3647 1504 3715 cidit,
1531 3665 1598 3700 nam
1620 3651 1852 3717 qrcemadrrodum
1875 3661 1901 3707 et
1926 3656 1974 3711 tic

199 3784 203 3791 ,
272 3732 337 3787 bere
357 3731 484 3800 ΙοιιιιιιΙ
472 3748 520 3801 Jus
537 3732 567 3786 in
583 3748 719 3802 personae
738 3731 882 3788 actionem.
916 3734 1106 3790 Praeterea
1084 3754 1108 3790 ιι
1127 3734 1214 3800 sacto
1244 3750 1314 3802 opus
1337 3735 1460 3801 suerat,
1491 3734 1532 3787 ibi
1560 3734 1708 3806 γυναικός,
1737 3738 1849 3807 uaeris,
1878 3744 1972 3804 ιιιιιι,

272 3817 301 3870 in
326 3818 464 3872 actionem
488 3816 712 3872 circumducendi
738 3835 798 3873 eam
821 3824 986 3889 potestatem
1004 3821 1108 3878 habue-
1135 3818 1220 3872 Adde
1238 3818 1316 3887 quod
1333 3819 1392 3872 nisi
1407 3819 1476 3873 iliae
1490 3838 1590 3875 uxores
1600 3821 1736 3890 fuissent,
1755 3825 1881 3894 suspicio
1898 3828 1974 3882 ariri

271 3909 336 3957 runt
356 3903 487 3972 apostoli,
513 3902 611 3973 utique
636 3901 718 3957 etiam
738 3908 818 3958 erant
837 3906 1024 3975 apostolorum
1042 3926 1107 3964 uxu
1129 3905 1233 3972 potuit,
1251 3912 1345 3958 scorta
1363 3905 1400 3959 ad
1417 3907 1554 3974 apostatis
1573 3907 1755 3972 circumduci,
1774 3913 1853 3979 quod
1864 3930 1971 3970 ιιιιιιιιιο

271 4005 330 4053 ιιι,
354 3989 420 4059 quia
443 3996 520 4043 extra
543 3988 668 4058 conjugii
686 3988 826 4043 vinculum
850 3991 943 4047 nullus
961 3993 1004 4047 vir
1021 3993 1050 4048 in
1067 3995 1107 4050 fe-
1134 3991 1229 4043 rittdt'o
1253 3991 1322 4046 iilos
1342 3992 1448 4045 οαυίιιι
1467 3992 1618 4047 verisimile
1636 4000 1691 4063 tri,
1714 4011 1749 4048 ne
1769 4013 1822 4064 per
1843 3999 1971 4067 ipsorum

272 4074 373 4128 minam
394 4072 481 4128 habet
499 4073 574 4127 illam
586 4073 811 4130 circumducendi
823 4082 997 4145 potestatem.
1025 4079 1106 4144 Quod
1134 4077 1210 4131 latus
1231 4078 1385 4144 eeanpeiii,
1405 4079 1482 4146 quod
1502 4079 1647 4146 docebant,
1667 4081 1822 4136 auctoritas
1843 4087 1972 4140 coremur

273 4160 307 4214 de
332 4158 497 4213 auctoritate
520 4159 708 4230 apostolorum
727 4160 756 4214 in
774 4177 880 4216 sorores
899 4162 1028 4220 mulieres
1047 4171 1107 4221 tan-
1134 4170 1160 4215 et
1189 4163 1429 4217 criminationibus
1465 4165 1670 4222 omucraretur.
1721 4167 1850 4223 Docebat
1868 4179 1971 4241 nutem,

271 4262 355 4317 quam
381 4244 524 4298 doctorum
548 4245 578 4297 in
601 4243 752 4315 discipulas
777 4245 902 4311 additur,
933 4266 951 4303 a
969 4255 1047 4304 textu
1065 4257 1109 4306 est
1134 4248 1329 4317 apostolerum
1354 4250 1465 4303 domm
1492 4257 1518 4302 et
1537 4250 1685 4316 familiam
1709 4260 1792 4322 ιιριιι
1811 4255 1972 4313 ιιιιὶιιιιαιιι

269 4331 399 4393 alienum,
418 4329 512 4399 agitur
531 4329 604 4384 enim
623 4329 657 4384 de
669 4335 808 4399 potestate
826 4350 889 4387 cum
909 4334 1023 4406 reliquis
1040 4353 1106 4407 apo·
1132 4336 1292 4388 societatem
1321 4351 1378 4387 non
1404 4334 1521 4388 crimine
1545 4337 1649 4405 solum,
1671 4352 1767 4392 verum
1789 4340 1876 4397 etiam
1894 4345 1974 4398 omni

270 4415 347 4469 stolis
366 4413 487 4468 uxoratis
508 4415 655 4482 communi,
676 4431 709 4469 ac
729 4415 834 4473 diserta
853 4417 884 4474 lit
903 4421 1009 4475 mentio
1020 4421 1106 4487 Petri,
1133 4420 1260 4474 criminis
1278 4418 1438 4488 mspicione
1455 4437 1557 4475 vacare
1579 4427 1631 4477 etc.
1669 4422 1749 4487 Quae
1769 4423 1803 4479 de
1822 4425 1884 4482 loco
1898 4426 1973 4487 Phil.

268 4516 351 4570 quem
380 4503 490 4554 constat
520 4506 548 4554 et
578 4516 691 4554 uxorem
710 4502 850 4572 habuisse,
880 4511 908 4560 et
934 4508 1051 4562 eandem
1077 4507 1105 4561 in
1133 4511 1165 4572 t,
1187 4524 1212 4560 v.
1231 4512 1255 4563 3.
1294 4507 1376 4576 Rapo
1401 4514 1442 4573 te,
1469 4525 1600 4577 gamans
1627 4527 1757 4581 conpar,
1786 4510 1973 4572 Bellarsninus

267 4585 473 4657 praedicatione
498 4585 636 4656 evangelii
663 4603 757 4642 secum
781 4589 1005 4648 circumduxisse.
1051 4593 1104 4649 Re·
1133 4591 1274 4662 disputat,
1295 4591 1406 4646 facilem
1425 4593 1532 4650 habent
1551 4595 1773 4666 explicationem,
1792 4599 1973 4657 concedimus

266 4672 387 4742 petimus
413 4671 500 4743 igitur
527 4679 648 4726 noemam
667 4672 811 4744 ἔνστασιν,
836 4694 934 4746 parum
954 4677 1104 4734 honorilice
1131 4679 1215 4747 enim,
1235 4695 1290 4733 non
1314 4695 1393 4748 posse
1413 4696 1446 4735 ex
1463 4680 1512 4737 illo
1529 4682 1590 4736 loco
1608 4680 1722 4737 firmiter
1739 4684 1884 4753 concludi,
1903 4702 1971 4756 spo·

266 4757 352 4812 fuisse
368 4758 501 4828 apostolis
520 4757 677 4828 conjugatis
701 4776 734 4813 ac
751 4763 945 4859 propagationi
965 4765 1103 4837 evangelii
1130 4763 1232 4818 stolum
1250 4764 1371 4818 Paulum
1391 4763 1420 4818 in
1438 4767 1568 4839 conjugio
1585 4767 1694 4824 vixisse.

266 4842 373 4912 aliquid
392 4842 464 4899 labis
482 4843 679 4914 adspersisset,
704 4845 728 4899 si
752 4848 880 4917 proprias
905 4866 1003 4905 uxores
1027 4851 1103 4909 dese·
1166 4855 1224 4905 ³³4.
1262 4849 1441 4921 Scripturas
1450 4852 1533 4907 dictis
1559 4853 1712 4924 perspicuis
1736 4853 1865 4910 addimus
1884 4856 2002 4916 haser.

265 4928 387 4983 ruissent
411 4936 440 4983 et
463 4929 580 4985 feminas
597 4928 667 4983 alias
684 4935 815 5000 tanquam
836 4932 988 5003 discipulas
1007 4935 1267 5002 secumlrationes:
1295 4943 1315 4992 l.
1343 4936 1423 5001 Quod
1449 4939 1528 4994 Deus
1552 4940 1627 4995 omni
1652 4939 1792 4995 hominum
1811 4944 1909 5013 generi
1925 4962 1969 5001 rs·
1982 4934 2009 5014 ,ζ

266 5013 520 5071 circumduxissent.
557 5017 585 5071 3.
606 5014 683 5069 Illas
707 5016 838 5070 mulieres
862 5020 904 5072 ccl
920 5021 1012 5083 fuisse
1026 5040 1101 5093 pau·
1114 5011 1213 5099 {liquit
1230 5022 1357 5092 liberum,
1375 5025 1445 5081 illud
1464 5043 1520 5082 non
1539 5031 1582 5082 est
1603 5026 1735 5081 ecclesiae
1754 5027 1886 5083 ministris
1892 5025 2008 5128 'pro-3¹·

262 5117 346 5172 peres
365 5107 391 5153 et
408 5117 465 5153 non
483 5099 659 5155 ministrasse
675 5103 844 5199 pecuniam,
869 5107 923 5158 sed
939 5108 1100 5176 obsequium
1130 5106 1291 5165 hibendum
1332 5108 1389 5165 Sed
1421 5113 1582 5184 conjugium
1613 5112 1691 5168 Deus
1721 5112 1795 5169 omni
1824 5088 2008 5173 hominumn

266 5193 381 5253 tantum,
403 5184 571 5254 accipientes
585 5187 725 5257 pecunias
743 5205 762 5240 a
776 5189 903 5257 populis,
922 5193 1021 5260 quibus
1034 5210 1101 5262 apo-
1130 5194 1226 5265 generi
1244 5195 1358 5267 reliquit
1376 5196 1502 5254 liberum.
1545 5204 1569 5255 1.
1588 5198 1650 5252 eor.
1670 5205 1701 5268 l,
1720 5215 1746 5253 r.
1768 5204 1818 5256 25:
1848 5203 1895 5256 De
1912 5204 1969 5257 oir-

265 5273 333 5327 rtcii
355 5271 583 5340 praedicabant,·
613 5273 658 5327 cci
686 5274 778 5336 fursee
809 5276 911 5330 diuites
939 5286 966 5330 et
995 5278 1118 5355 ιιιιιιίιιιΙ
1129 5281 1242 5349 pinibus
1255 5292 1441 5354 praeceptum
1459 5282 1582 5337 Domini
1598 5300 1655 5336 non
1673 5285 1769 5340 trabea.
1806 5302 1831 5341 ι.
1850 5291 1899 5344 28:
1935 5289 1971 5344 ss·

266 5357 426 5427 apostolor,
456 5358 509 5410 sed
534 5375 589 5410 non
613 5374 723 5427 semper
745 5361 838 5425 fuisse
867 5378 929 5416 cum
953 5365 1100 5434 apostolis,
1115 5368 1274 5436 {acceperis
1285 5385 1407 5433 umorem,
1425 5384 1482 5420 non
1494 5368 1629 5434 peremti,
1648 5376 1675 5423 st
1692 5371 1720 5424 si
1736 5374 1864 5440 nupserit
1878 5375 1968 5445 virgo,
