4020 6014
283 192 342 250 eso
481 273 484 275 Α
856 185 978 245 nocue
997 180 1201 243 uouemus
1219 181 1399 246 onsurae

279 357 304 396 c.
323 346 349 397 3.
366 337 395 416 ξ.
414 346 438 396 2.
463 343 535 410 quid
556 343 594 397 eii
616 344 734 414 proprie
760 343 876 413 imperii
892 342 1039 411 maiestas,
1056 322 1113 394 mom
1125 341 1128 435 Ι
1139 355 1211 410 qaae
1229 338 1263 392 in¹
1276 353 1422 409 personam
1439 337 1542 392 collata
1565 334 1709 391 bamierri
1727 351 1760 390 ex
1778 351 1837 388 una
1854 349 1969 404 persona

279 427 369 492 focile
387 428 511 481 describi
529 436 579 482 ost
596 430 717 498 exprimit
731 446 818 498 posse
836 428 941 496 scribit,
962 428 1022 501 ipse
1039 425 1112 482 arbi·
1139 426 1167 480 in
1186 425 1269 480 aliam
1289 431 1380 496 potest
1397 442 1429 480 ac
1446 431 1506 480 tots
1533 440 1565 478 ex
1583 422 1752 494 reipublicae
1770 426 1908 491 potestate
1925 420 1969 473 de

279 517 377 577 natur,
395 530 454 568 esee
474 515 565 568 lateas
582 516 737 584 quiddam,
756 516 833 584 qaod
846 523 963 584 praeter
982 511 1113 568 mitram
1138 514 1243 583 pendet
1272 519 1299 567 et
1326 528 1388 566 cum
1412 528 1532 582 persona
1554 509 1683 566 concidit.
1727 507 1782 563 Sed
1807 506 1968 575 cavendum,

276 600 429 669 propriam
447 601 593 671 quippiam
612 602 911 656 admirabiiereddat.
941 600 1052 672 Lipsius
1064 598 1112 655 lib.
1139 615 1174 654 ne
1191 600 1245 654 hac
1264 599 1439 654 distinctions
1450 598 1602 653 abutantur
1613 596 1735 652 seditiosi
1753 593 1905 667 regicidae,
1923 593 1968 663 qui

281 690 306 740 2.
325 685 402 756 polit.
427 704 450 741 c.
479 692 518 743 16.
542 688 638 744 eodem
656 688 715 744 iere
733 690 816 744 modo
836 687 967 744 describit
983 688 1112 756 majesta·
1139 686 1304 754 existimant,
1329 703 1408 757 reges
1432 692 1460 741 et
1479 684 1617 756 principes
1641 685 1753 755 impune
1772 681 1872 735 violari
1891 697 1969 751 posse

280 778 344 839 tem,
362 773 436 844 quod
448 777 631 829 reverendam
643 779 788 844 amidam
800 777 1015 846 amplitudinem
1022 781 1112 843 ponat
1125 763 1127 831 l
1139 773 1246 846 absque
1263 773 1426 845 majestatis,
1444 790 1516 845 quae
1534 790 1620 843 regno
1633 772 1745 842 proprio
1763 768 1899 832 inhaeret,
1915 768 1969 821 vio·

281 861 315 913 ob
331 861 458 913 memsam
475 862 588 915 virtutis
612 878 707 916 rernm
733 864 872 930 assisiam.
910 861 967 915 Alii
986 860 1026 915 sic
1044 858 1111 914 deli·
1139 859 1250 929 latione,
1269 877 1325 930 qua
1345 860 1380 914 de
1396 877 1426 914 re
1445 859 1558 915 inferius
1577 876 1626 913 suo
1647 859 1714 912 loco.

281 946 361 999 niuut
379 947 562 1016 majestatem,
581 948 655 1019 quod
673 950 711 1002 eit
730 950 772 1002 oie
791 950 939 1019 quaedam,
955 964 1010 1016 per
1029 965 1112 1016 qaam
1178 953 1232 1003 124.
1267 947 1345 1000 Jora
1364 947 1521 1015 maiestatis
1537 946 1584 999 alii
1604 945 1693 1014 plura,
1714 941 1761 997 alii
1779 939 1915 1011 pauciora
1931 954 1969 992 re·
1980 921 2009 1021 ᾗ

278 1033 414 1101 princepe
430 1034 484 1086 eibi
506 1034 639 1088 comaliat
657 1035 687 1088 irs
705 1034 849 1088 homimum
867 1034 971 1087 oreimis
988 1033 1114 1101 ampula·
1140 1040 1259 1088 censent
1285 1033 1449 1088 Aristoteles
1461 1031 1545 1087 libi.
1557 1031 1669 1102 polite.
1683 1036 1788 1085 latres
1800 1025 1971 1095 fecitpartes

281 1133 340 1171 rem
371 1121 515 1188 qrsaadam
546 1121 763 1174 admirationem
800 1139 835 1175 ac
858 1121 1063 1175 venerationem
1088 1127 1113 1172 et
1140 1118 1357 1190 gubernationis,
1385 1135 1502 1190 quarum
1521 1116 1611 1187 prima
1626 1122 1668 1170 est
1687 1110 1892 1186 βουλευόμενον
1911 1115 1970 1183 περὶ
1985 1109 2010 1149 ¹¹

281 1221 344 1257 cam
364 1214 484 1275 atraque
508 1207 685 1274 conjunctam
707 1215 815 1261 metrsma
859 1206 929 1261 Eam
955 1223 1020 1262 vero
1049 1204 1114 1260 oriri
1142 1206 1196 1259 τῶν
1217 1207 1332 1274 κοινῶν,
1352 1203 1403 1259 sub
1422 1222 1477 1275 quo
1494 1201 1702 1274 comprehendit
1721 1203 1889 1270 potestatem
1908 1195 1972 1251 belli

282 1291 399 1345 dicimus
415 1292 459 1346 vel
472 1308 506 1346 ex
521 1310 609 1346 caasa
629 1295 745 1363 occulta,
763 1293 809 1350 vel
822 1294 984 1359 manifesta.
1016 1290 1114 1356 Quoad
1141 1298 1169 1346 et
1186 1290 1271 1360 pacis,
1289 1290 1427 1345 ineundae
1444 1288 1489 1344 vel
1507 1287 1698 1342 dissolvendae
1713 1283 1861 1353 societatis,
1880 1284 1971 1353 legum

177 1411 183 1423 ·
282 1394 394 1433 causam
417 1378 555 1432 occultam
580 1379 658 1433 Deus
690 1385 825 1436 secretam
859 1379 1000 1451 quandam
1029 1379 1115 1449 maje·
1140 1376 1315 1432 ferendarum
1335 1375 1627 1447 velabrogandarum,
1646 1373 1741 1429 mortis
1758 1373 1803 1426 sel
1823 1370 1907 1438 exilii,
1925 1386 1973 1438 pu·

281 1470 381 1519 statem
395 1464 474 1519 addit
484 1465 609 1535 personis
620 1482 762 1536 regumac
775 1466 939 1536 principum,
957 1472 989 1521 ut
1000 1465 1115 1537 agnosci
1141 1463 1298 1519 blicationis
1332 1463 1467 1518 bonorum
1506 1468 1534 1517 et
1565 1461 1797 1532 reposcendatum
1828 1457 1974 1512 rationum.

283 1550 377 1620 possit,
398 1549 449 1605 has
466 1567 598 1622 personas
616 1568 650 1606 ex
664 1567 766 1623 genere
779 1553 899 1608 humano
919 1552 1036 1608 selectas
1055 1569 1115 1608 esse
1141 1548 1239 1604 Altera
1257 1565 1321 1618 pars
1340 1555 1383 1603 cst
1402 1546 1605 1620 βουλευόμενον
1621 1550 1686 1618 περὶ
1703 1547 1751 1606 τὰς
1763 1544 1866 1618 ἀρχάς,
1885 1541 1915 1594 id
1935 1546 1975 1594 est

283 1642 311 1690 st
329 1637 366 1692 ad
384 1639 517 1708 msJ'orem
535 1638 653 1709 grsdm
670 1655 704 1694 ac
728 1645 831 1694 statum
854 1645 980 1709 evectas,
1000 1639 1039 1694 ita
1056 1638 1115 1709 qui-
1142 1653 1210 1706 quos
1236 1641 1362 1706 oporteat
1393 1651 1487 1690 creare
1515 1633 1694 1706 magistratus
1722 1638 1750 1687 et
1779 1629 1920 1702 quomodo
1948 1632 1976 1680 et

284 1723 346 1778 dem
371 1729 403 1778 ut
427 1722 554 1778 effrenati
573 1724 696 1780 homines
713 1726 743 1781 in
762 1732 939 1797 conspectum
958 1725 1116 1798 principum
1143 1737 1259 1792 quarum
1283 1739 1374 1777 rerum
1400 1727 1565 1792 potestatem
1590 1720 1623 1773 iis
1652 1719 1782 1775 tribuere.
1822 1716 1920 1771 Tertia
1935 1719 1976 1768 est

284 1810 362 1865 ducti
388 1810 498 1865 occulto
522 1811 643 1882 quodam
673 1830 754 1868 sensu
780 1813 982 1869 cohorrescant.
1017 1813 1116 1878 Quoad
1142 1806 1173 1862 τὸ
1191 1807 1310 1876 δικάζον,
1327 1808 1402 1879 quod
1421 1807 1449 1861 in
1463 1806 1657 1885 jsrrlsdictione
1678 1812 1811 1860 venatur.
1845 1803 1901 1856 Alii
1922 1801 1975 1854 duo

282 1912 382 1950 causas
402 1902 520 1967 apertas,
538 1913 588 1952 eae
607 1904 673 1952 sunt
684 1899 858 1968 potissimum
875 1899 1007 1970 triplices,
1027 1916 1116 1954 mores
1142 1900 1305 1950 enumerant
1327 1894 1481 1965 maJestatis
1495 1896 1573 1964 jura,
1598 1909 1715 1963 quorum
1731 1893 1808 1961 prius
1828 1897 1871 1945 est
1890 1886 1975 1956 magi·

285 1981 391 2053 egregii
404 1988 433 2036 et
444 1981 561 2037 virtutes
573 1983 706 2054 principis
720 1983 856 2054 heroicae,
875 1985 964 2040 forma
975 1983 1115 2056 regiminis
1142 1986 1258 2036 suatum
1281 1995 1376 2034 creme
1400 1979 1531 2049 illiusque
1554 1996 1652 2033 munus
1680 1977 1809 2047 definirc;
1839 1973 1976 2047 posterius

283 2068 405 2137 prudens
431 2075 459 2123 et
483 2064 654 2139 temperata,
683 2071 804 2141 denique
829 2087 973 2126 succesum
997 2072 1064 2127 felix
1087 2077 1116 2126 et
1137 2067 1185 2137 jus
1204 2067 1303 2135 dicere,
1319 2065 1372 2120 hoc
1386 2072 1428 2119 est
1442 2067 1517 2136 leges
1530 2066 1611 2120 ferre.
1644 2063 1786 2119 lnoodice
1800 2061 1975 2119 iustinianeo

283 2154 469 2212 admirandus.
498 2156 593 2227 Atque
611 2155 680 2211 haec
693 2156 805 2227 quidem
823 2175 906 2213 sensu
924 2175 957 2213 eo
976 2158 1114 2218 dicuntum,
1140 2153 1194 2208 tria
1216 2143 1421 2208 constituuntur
1444 2152 1598 2223 majestatis
1621 2151 1729 2221 capita,
1754 2152 1802 2219 jae
1822 2166 1975 2211 eameram,

283 2249 315 2296 ιιι
332 2242 463 2311 majestas
477 2259 527 2312 pro
541 2248 728 2312 consequente
746 2243 791 2296 vel
809 2243 951 2312 adJuncto,
969 2244 1115 2314 potestatis
1140 2239 1188 2307 ius
1208 2240 1274 2292 homi
1285 2240 1396 2308 publici
1416 2247 1441 2292 et
1460 2241 1512 2308 jae
1531 2239 1600 2293 belli
1618 2238 1774 2292 indicendi.
1811 2236 1939 2291 Bodinus
1956 2235 1975 2291 1.

283 2328 411 2398 politicae
422 2327 553 2383 videlieet
564 2327 729 2383 sustentate
747 2334 776 2382 et
788 2329 953 2397 reverentia,
969 2331 997 2384 in
1016 2331 1116 2384 animis
1143 2333 1165 2381 1.
1182 2326 1218 2380 ds
1236 2343 1295 2397 rep.
1309 2343 1332 2380 c.
1355 2328 1393 2381 10.
1406 2331 1518 2381 revocat
1535 2341 1569 2379 ea
1585 2325 1622 2379 ad
1639 2325 1709 2380 haec
1721 2324 1827 2395 capita:
1850 2329 1872 2379 l.
1885 2324 1974 2394 legem

282 2412 457 2468 subditorum
476 2430 526 2484 per
538 2430 599 2468 eam
618 2414 737 2469 excitata
755 2415 915 2485 accipiatur,
935 2416 986 2470 sed
1003 2417 1115 2487 quaudo
1141 2413 1276 2467 universis
1302 2429 1335 2467 ac
1358 2412 1474 2484 singulis
1493 2413 1565 2467 dare
1575 2428 1673 2482 posse,
1693 2427 1816 2466 summae
1836 2411 1910 2465 enim
1928 2425 1974 2480 po-

283 2500 390 2570 politici
421 2508 449 2556 et
471 2500 660 2571 jurisconsulti
680 2503 754 2570 jara
779 2503 939 2571 majestatie
966 2502 1114 2572 explicant,
1141 2499 1249 2554 testatis
1271 2504 1315 2553 est
1343 2499 1493 2569 imperare,
1518 2498 1670 2569 imperatur
1694 2504 1785 2553 autem
1812 2513 1916 2568 magna
1942 2512 1974 2549 er

283 2594 350 2642 tunc
374 2587 527 2658 majestatis
548 2604 648 2641 nomen
673 2604 724 2658 pro
742 2588 804 2657 ipsa
826 2589 970 2658 potestatis
996 2589 1116 2644 esmntia
1141 2590 1221 2656 perte
1239 2584 1364 2656 legibus,
1388 2602 1435 2640 eas
1463 2585 1550 2657 igitur
1575 2585 1603 2639 in
1622 2603 1705 2640 manu
1724 2583 1825 2639 summi
1841 2582 1975 2655 principis

284 2673 377 2743 potius
402 2674 545 2744 accipiunt
570 2689 653 2744 quam
677 2689 727 2743 pro
753 2675 814 2744 ejus
835 2680 1036 2744 consequente,
1060 2693 1115 2747 quo
1142 2673 1293 2726 consistere
1312 2677 1435 2743 oportet,
1459 2671 1582 2742 alioquin
1606 2672 1709 2726 nullam
1729 2672 1786 2726 vim
1802 2670 1975 2735 obtinebunt,

284 2776 367 2815 sensu
390 2759 459 2814 nihil
481 2760 557 2814 aliud
582 2765 626 2814 est
649 2776 732 2830 quem
758 2761 849 2831 ipsum
866 2762 913 2831 jus
937 2767 965 2816 et
992 2766 1115 2832 potestas
1141 2758 1196 2812 nisi
1220 2758 1293 2812 illius
1320 2758 1484 2813 auctoritate
1509 2760 1682 2828 muniantur,
1708 2759 1756 2830 qui
1775 2757 1975 2829 plenitudinem

285 2847 372 2902 libere
389 2846 557 2911 exsequendi
569 2853 598 2901 et
609 2846 777 2916 procurandi
794 2864 834 2916 ea,
855 2864 927 2918 quae
946 2849 1116 2903 adsalutem
1142 2845 1251 2914 imperii
1262 2845 1395 2915 possidet,
1414 2849 1499 2917 atque
1511 2844 1566 2900 huc
1583 2847 1704 2917 pertinet
1716 2851 1840 2916 potestas
1852 2841 1974 2898 solvendi

285 2934 455 3004 reipublicae
471 2933 618 3003 pertinent
812 2939 815 2943 ’
1144 2930 1299 3003 alegibus,
1317 2931 1490 3003 legitimaam
1506 2933 1673 2987 naturalium
1692 2932 1840 2987 restitutio.
1878 2937 1901 2984 2.
1920 2927 1976 2980 Ha·

323 3025 379 3076 123.
415 3019 461 3073 Ad
486 3020 659 3089 majestatem
684 3028 805 3088 quatuor
829 3021 932 3093 requiri
951 3027 1044 3077 censet
1064 3022 1117 3075 Bo·
1144 3015 1211 3072 bere
1230 3034 1367 3072 summum
1386 3017 1532 3089 imperium
1555 3024 1583 3074 et
1598 3020 1820 3090 jurisdictionem
1839 3016 1898 3071 siue
1916 3033 1976 3085 pro·

285 3106 368 3161 dinus
386 3108 403 3161 l.
431 3112 452 3161 l.
480 3106 516 3160 de
542 3122 599 3175 rep.
625 3111 692 3162 c.8.
715 3115 736 3161 1.
757 3108 843 3175 ntis,
870 3123 955 3178 penes
976 3125 1058 3179 quem
1076 3115 1119 3162 est
1144 3105 1296 3162 vocatione.
1346 3113 1370 3161 3.
1401 3106 1549 3162 Instituere
1582 3108 1775 3178 magistratus,
1807 3105 1874 3177 quia
1905 3104 1976 3158 enim

286 3194 430 3262 majestas,
458 3198 521 3261 post
544 3191 636 3247 Deum
666 3192 847 3248 immortalem
872 3195 1039 3264 superiorem
1063 3212 1118 3250 non
1144 3192 1323 3264 magistratus
1337 3193 1452 3262 imperio
1467 3199 1495 3248 et
1507 3193 1700 3264 jurisdictione
1714 3193 1840 3264 precaria
1853 3197 1977 3256 utuntur,

286 3277 601 3350 cognoscathabeatque
610 3295 746 3333 summum
755 3280 900 3350 imperium
915 3286 943 3335 et
949 3281 1117 3352 jurisdictio·
1144 3280 1206 3334 idco
1231 3297 1285 3334 non
1309 3288 1425 3352 possunt
1451 3297 1512 3335 eam
1534 3280 1645 3335 aliunde
1681 3280 1822 3350 accepisse
1847 3296 1929 3350 quam
1961 3293 1978 3330 a

287 3383 350 3420 nem
368 3366 426 3419 sine
446 3365 653 3435 provocatione,
670 3365 737 3436 quia
754 3365 914 3435 provocatio
931 3383 1038 3438 semper
1055 3384 1118 3422 cum
1145 3368 1300 3438 majestate,
1319 3369 1400 3437 cujus
1422 3375 1488 3421 sunt
1507 3368 1626 3439 propria
1664 3374 1688 3424 l.
1706 3367 1825 3439 Exigere
1842 3364 1976 3419 tributum

287 3451 384 3506 ordine
400 3451 613 3522 magistratuum
639 3451 800 3518 adscendit,
822 3452 912 3507 donee
929 3453 965 3507 ad
984 3470 1118 3508 summam
1145 3460 1173 3509 et
1194 3453 1350 3525 vesfigalia.
1394 3462 1418 3509 5.
1445 3454 1556 3510 Habere
1576 3457 1624 3525 jus
1653 3454 1863 3509 tractandorum
1892 3468 1977 3506 armo

286 3538 448 3593 terminetur
466 3543 640 3606 potestatem,
659 3537 689 3592 in
709 3555 766 3609 qua
782 3539 871 3609 ipsam
891 3554 1002 3610 quoque
1021 3540 1071 3612 figi
1091 3547 1120 3594 et
1144 3559 1218 3613 rum,
1244 3540 1319 3612 quod
1349 3541 1475 3596 consistit
1493 3558 1549 3595 non
1568 3547 1674 3596 tantum
1695 3540 1809 3594 incure
1826 3555 1976 3594 armamen-

287 3625 412 3679 desinere
435 3640 547 3678 necesse
569 3629 626 3693 cst,
649 3629 676 3679 2.
693 3630 726 3679 ut
743 3631 866 3695 potestas
887 3625 937 3680 illa
953 3643 1008 3681 non
1029 3627 1066 3682 sit
1082 3627 1118 3681 ad
1144 3628 1207 3683 tarii
1226 3627 1341 3698 publici,
1359 3628 1409 3681 sed
1429 3628 1458 3682 in
1471 3632 1608 3698 potestate
1621 3626 1785 3697 disponendi
1797 3632 1825 3681 et
1836 3624 1977 3680 statuendi

287 3716 396 3779 tempus
411 3726 557 3789 concessa,
581 3710 631 3763 sed
655 3715 790 3780 perpetuo
816 3717 845 3765 et
865 3711 901 3765 ad
930 3711 1012 3766 ιίιιθιιι
1031 3729 1119 3785 usque
1146 3714 1180 3769 de
1210 3713 1358 3769 indicendo
1389 3714 1565 3791 gerendoque
1591 3714 1673 3770 bello.
1719 3713 1804 3769 Hisce
1832 3716 1978 3768 accensent

286 3797 360 3850 sitae
384 3794 530 3864 perduret,
557 3800 581 3850 3.
604 3803 636 3849 ut
659 3802 783 3866 potestas
807 3797 855 3851 illa
882 3798 918 3852 sit
940 3799 1053 3869 propria
1075 3801 1119 3853 sel
1145 3801 1208 3856 alii:
1236 3807 1257 3856 1.
1282 3800 1341 3855 sias
1367 3799 1509 3871 publicas,
1535 3799 1650 3855 flumina
1668 3799 1852 3872 navigabilia,
1873 3805 1978 3869 portus,

287 3881 449 3936 hereditatis
465 3881 540 3951 jure,
566 3881 611 3936 vel
641 3882 784 3936 electionis
815 3881 948 3954 suffragio
980 3902 1119 3955 concessa,
1144 3887 1271 3957 ripatico,
1285 3887 1428 3942 thesauros
1447 3886 1606 3957 inpublicis
1625 3887 1693 3941 locis
1710 3887 1845 3951 inventos,
1863 3903 1907 3941 res
1927 3901 1977 3955 pro

287 3983 342 4022 non
362 3967 453 4022 ahena
470 3984 520 4022 seu
536 3968 822 4037 precarioattributa3
842 3977 866 4026 4.
886 3977 918 4025 ut
935 3978 1058 4040 potestas
1071 3973 1120 4027 illa
1145 3973 1285 4028 derelictis
1304 3971 1423 4028 habitas.
1461 3971 1539 4036 Quae
1561 3973 1634 4027 enim
1662 3973 1764 4028 nullius
1783 3973 1896 4044 propria
1914 3977 1978 4025 sunt

286 4054 323 4108 sit
343 4052 452 4124 legibus
471 4054 569 4109 soluta.
599 4054 655 4110 Sed
668 4055 829 4125 notandum,
848 4072 947 4111 nomen
965 4059 1120 4128 majestatis
1146 4067 1195 4114 aut
1213 4060 1355 4114 dominum
1373 4059 1563 4130 perdiderunt,
1582 4059 1619 4113 ad
1638 4059 1819 4114 universalem
1839 4058 1978 4113 dominum

288 4137 436 4209 dupliciter
456 4140 555 4211 accipi,
574 4142 746 4210 peneraiiter
757 4149 785 4196 et
797 4144 855 4197 late
872 4160 923 4214 pro
937 4144 1001 4213 jure
1018 4160 1051 4198 ac
1070 4162 1119 4216 po·
1145 4147 1294 4218 pertinent.
1340 4152 1364 4203 2.
1384 4145 1568 4202 Venationem
1589 4146 1807 4217 praescriptione
1830 4145 1859 4199 in
1879 4143 1978 4215 princi-

286 4229 386 4280 testate
411 4225 575 4297 disponendi
603 4227 757 4297 ordinandi,
775 4245 807 4283 ac
835 4230 1002 4299 procurandi
1029 4232 1121 4287 media
1147 4250 1196 4305 pes
1215 4233 1375 4289 derivatam.
1417 4240 1440 4288 3.
1460 4232 1691 4288 confiscationem
1715 4232 1848 4288 bonorum
1867 4232 1978 4286 ἁιιιιιιι-

285 4312 322 4368 ad
351 4310 469 4366 salutem
500 4313 670 4385 reipublicae
698 4314 877 4384 pertinentis,
905 4333 960 4388 quo
991 4326 1119 4389 respectu
1146 4326 1246 4375 torum.
1293 4327 1318 4376 4.
1349 4319 1401 4375 Jus
1431 4319 1584 4390 signandae
1611 4324 1745 4374 monetae.
1795 4317 1923 4373 misius
1952 4317 1979 4370 in

286 4397 374 4453 cuivis
392 4397 532 4468 perfectae
549 4399 719 4470 reipublicae
737 4417 770 4454 ec
782 4402 937 4472 cuicunque
949 4404 1119 4475 superiorem
1131 4396 1134 4465 l
1146 4405 1223 4476 polit.
1243 4423 1267 4462 c.
1291 4411 1330 4462 12.
1361 4404 1479 4470 Quidam
1488 4407 1554 4475 jura
1565 4405 1719 4476 majestatis
1730 4402 1839 4460 iaciunt
1850 4404 1979 4474 duplicia,

285 4503 340 4539 non
351 4485 529 4556 cognoscenti
541 4487 673 4557 majestas
685 4488 825 4558 competit,
845 4488 944 4545 deinde
956 4492 1118 4560 specialiter
1131 4472 1134 4537 l
1148 4495 1261 4561 majora
1285 4501 1311 4546 et
1335 4493 1455 4548 osiaora.
1501 4494 1622 4561 Majoro
1646 4493 1714 4563 ipsis
1739 4498 1816 4546 suut:
1845 4499 1865 4547 l.
1889 4490 1979 4562 legem

285 4577 312 4625 et
329 4574 425 4626 stricte
443 4588 494 4642 pro
513 4574 612 4626 summi
631 4574 809 4645 magistratus
829 4581 979 4646 potestate,
1005 4595 1060 4649 quo
1076 4596 1118 4633 re·
1147 4579 1282 4634 universis
1306 4596 1339 4634 ac
1360 4578 1476 4649 singulis
1495 4579 1576 4650 dare,
1602 4586 1625 4635 2.
1643 4579 1821 4650 magistratus
1845 4584 1873 4633 et
1890 4578 1980 4649 digni·

286 4664 383 4729 spectu
402 4658 527 4713 Bodinus
549 4675 610 4713 eam
637 4659 712 4714 disto
736 4660 796 4715 loco
821 4661 960 4718 describit.
997 4662 1118 4728 Quidam
1148 4671 1221 4720 tates
1241 4664 1422 4732 constituere3
1443 4672 1466 4721 3.
1485 4664 1588 4720 bellum
1608 4665 1731 4720 indicere
1750 4672 1778 4720 et
1794 4680 1864 4735 pace
1884 4663 1980 4735 finire,

286 4746 458 4815 majestatem
473 4739 741 4816 faciunt'duplicem,
753 4749 923 4817 republicae
933 4757 959 4803 et
969 4767 1119 4822 personae.
1132 4806 1134 4815 ,
1149 4756 1172 4806 4.
1191 4751 1312 4804 omnium
1331 4750 1497 4820 judiciorum
1513 4751 1700 4807 ordinationes
1721 4758 1749 4807 et
1769 4752 1979 4822 provocationes

285 4829 465 4901 Reipublicae
488 4838 534 4885 'et
561 4830 669 4900 imperii
697 4833 868 4902 majestatem
897 4842 1024 4891 statuunt
1048 4855 1117 4908 eam,
1131 4821 1134 4847 ¹
1147 4837 1264 4906 habere,
1286 4844 1309 4893 5.
1328 4838 1401 4891 vitae
1415 4845 1443 4892 et
1456 4840 1546 4893 famae
1564 4839 1716 4896 restituere.
1751 4840 1869 4895 Minora
1882 4845 1982 4895 vocant

287 4934 438 4987 quaecum
456 4916 599 4987 republica
617 4917 740 4972 nascitur
764 4924 792 4974 et
815 4937 878 4975 cum
903 4922 1000 4979 eadem
1017 4923 1118 4994 interit,
1131 4940 1134 4997 ι
1146 4940 1298 4994 poenarum
1322 4930 1350 4979 ct
1369 4926 1533 4981 muletarum
1551 4926 1730 4997 compendia,
1749 4927 1910 4999 vectigalia,
1934 4927 1980 4983 tri·

286 5020 371 5076 quam
383 5003 551 5074 reipublicae
559 5003 891 5061 fundamentumrocant.
917 5008 1026 5064 Dicitur
1035 5010 1118 5065 etiam
1132 5006 1134 5057 l
1147 5010 1216 5066 buta
1248 5017 1276 5064 et
1308 5011 1415 5067 similia
1463 5013 1535 5068 Vide
1570 5013 1711 5068 Arnisium
1735 5012 1797 5068 libr.
1817 5021 1841 5069 2.
1867 5014 1902 5070 de
1923 5015 1981 5084 jur.

280 5091 383 5161 realis,
401 5091 467 5163 quia
486 5090 523 5145 rei
537 5090 589 5160 ipsi
604 5095 738 5162 perpetuo
751 5092 884 5160 inhaeret,
904 5101 932 5148 et
943 5102 985 5149 est
1004 5096 1119 5167 imperio
1132 5126 1134 5137 ι
1148 5098 1255 5167 majest.
1274 5116 1296 5152 c
1320 5106 1339 5154 l.
1358 5117 1434 5157 num.
1454 5105 1479 5157 8.

286 5193 389 5233 coaeva
408 5194 459 5230 nec
476 5194 526 5246 per
554 5176 695 5231 decessum
712 5179 846 5251 principis
865 5185 915 5235 aut
933 5182 1006 5252 regis
1026 5170 1135 5253 eripi-l
1186 5190 1238 5240 125.
1283 5185 1337 5240 Sed
1362 5187 1397 5241 de
1421 5186 1463 5241 his
1487 5186 1568 5241 latius
1592 5191 1714 5241 bactani
1733 5186 1926 5256 jurisconsulti
1953 5194 1982 5242 et

286 5263 354 5328 rat,
371 5264 420 5318 sed
441 5262 573 5333 quamdiu
591 5280 691 5335 corpus
709 5265 787 5337 regni
808 5266 905 5333 durat,
924 5274 1068 5337 permanet
1084 5285 1117 5323 ac
1133 5269 1267 5366 ,politica
1293 5278 1463 5327 transeamus
1481 5273 1567 5343 igitur
1586 5272 1621 5326 ad
1643 5258 1691 5342 e'a,
1718 5289 1789 5344 quae
1809 5274 1924 5345 propius
1945 5274 1981 5329 ed
1999 5269 2010 5327 '.

286 5351 340 5405 sub
352 5350 421 5420 ipsis
435 5350 599 5420 interregnis
616 5358 644 5406 et
662 5352 871 5409 alterationibus
886 5354 1118 5426 gahemationum
1133 5371 1135 5412 i
1149 5363 1270 5412 nostrum
1294 5359 1384 5413 forum
1406 5364 1540 5429 spectant.
1578 5359 1710 5423 Quaestio
1725 5365 1782 5426 est,
1808 5376 1844 5414 an
1867 5367 1886 5415 l.
1907 5358 2008 5440 Sam..

287 5438 417 5507 persistit.
469 5437 611 5490 Personae
643 5438 699 5490 eise
722 5443 885 5507 pmeomolie
912 5443 1042 5514 majestas
1065 5452 1116 5513 est,
1149 5451 1181 5512 t,
1201 5462 1225 5498 v.
1251 5452 1288 5501 ll.
1306 5452 1334 5500 et
1354 5463 1429 5515 seqq.
1450 5444 1642 5502 describantur
1660 5447 1729 5512 jara
1748 5447 1920 5515 rnajeetatie,
1948 5463 2008 5501 an·
