4020 6014
267 313 328 369 472
821 299 1362 368 mcusucnsmusousarus

266 459 406 514 homicidii
424 458 621 530 proficiscitur,
647 475 710 513 cum
738 457 863 513 saeviant
887 454 972 509 etiam
997 454 1027 508 in
1044 471 1100 523 eos,
1127 460 1184 511 tam
1207 458 1352 516 haereticis
1375 463 1485 519 favisse.
1522 465 1631 521 Deinde
1653 466 1842 533 macanos,
1871 467 1966 521 Valere

267 546 316 617 qui
335 545 404 600 nihil
422 545 514 601 minus
532 553 597 601 sunt
620 562 704 617 quam
728 542 867 599 haeretici.
905 539 1031 596 Christus
1051 540 1100 594 fla·
1128 544 1268 616 tintenias,
1296 550 1467 603 Marcianas
1485 557 1513 606 et
1530 551 1577 605 alii
1594 551 1799 623 religiosissimi
1819 552 1964 622 imperato

267 631 355 703 gellat
373 631 571 686 nummularios
601 638 629 687 et
647 637 812 686 mercatores
837 627 899 681 illos
917 626 953 681 ob
972 626 1099 696 profana·
1128 648 1170 685 res
1195 632 1272 704 leges
1299 635 1424 690 tulerunt
1444 637 1473 690 in
1498 637 1666 705 haereticos,
1692 639 1798 710 quibus
1819 655 1871 694 eos
1889 639 1965 694 inter

267 719 368 772 ιιοιιιιιι
383 717 487 787 templi,
503 717 603 773 Petrus
620 717 747 772 Ananiae
768 723 796 770 et
815 712 969 784 Sapphirae
986 720 1100 767 mortem
1128 717 1194 772 dum
1219 720 1325 790 aliquot
1351 721 1428 776 libris
1455 724 1533 786 auri,
1560 725 1697 781 interdum
1722 725 1856 780 omnibus
1884 726 1965 788 bonis,

267 803 403 875 praedicit
420 804 455 858 ob
475 803 586 858 fraudes
616 809 645 858 et
674 802 832 865 mendacia,
861 798 968 853 Paulus
985 799 1100 868 Elymas
1127 804 1265 860 interdum
1278 808 1376 862 exsilio
1389 815 1418 863 et
1435 810 1606 875 verberibus,
1626 812 1765 866 interdum
1786 811 1890 868 ultimo
1909 830 1965 883 sup

267 890 427 945 coecitatem
456 890 603 945 denuntiat
626 889 662 943 ob
688 887 889 959 perversionem
912 884 1019 939 viarum
1043 883 1099 938 Do·
1126 890 1209 960 plicio
1230 893 1363 948 mulctare
1381 896 1542 965 voluerunt,
1568 906 1599 952 ut
1617 905 1696 968 paret
1719 898 1963 955 occurerent

267 976 348 1044 mini3
379 984 409 1030 at
435 974 576 1031 Pontificii
604 976 640 1030 ob
666 975 819 1044 simplicem
849 970 950 1025 mentis
979 987 1098 1024 errorem
1126 976 1300 1032 Manichaeos
1312 980 1330 1035 1.
1343 981 1440 1036 Ariani
1458 982 1475 1038 ι,
1502 982 1674 1055 Quicunque.
1695 986 1883 1038 Jaetinianas
1896 986 1964 1054 apud

268 1064 350 1118 etiam
376 1064 405 1116 in
432 1063 560 1117 seductos
592 1062 628 1117 ab
654 1061 800 1117 haereticis
829 1057 962 1113 saeviunt.
998 1055 1100 1119 Quinto
1126 1062 1246 1117 Paulum
1265 1065 1422 1120 Diaconum
1438 1068 1457 1122 l
1475 1073 1516 1123 16.
1535 1068 1598 1140 lege
1611 1070 1686 1126 edita
1699 1087 1797 1125 omnes
1811 1071 1963 1126 haereticos

267 1157 393 1219 respecta
418 1150 671 1204 instrumentorum.
716 1146 842 1202 Christus
868 1142 957 1197 utitur
981 1142 1100 1214 flagello,
1128 1149 1162 1204 de
1181 1148 1282 1204 finibus
1299 1153 1383 1206 totius
1400 1153 1509 1224 imperii
1523 1155 1614 1224 ejecit,
1633 1157 1772 1210 concessis
1790 1156 1879 1210 trium
1892 1174 1963 1211 men·

267 1234 439 1291 Pontificii
431 1250 497 1306 igne
524 1242 552 1290 et
579 1235 689 1306 gladi03
720 1231 837 1303 apostoli
863 1235 979 1283 utuntur
1007 1228 1099 1298 verbo,
1126 1235 1196 1288 sium
1228 1237 1264 1290 ad
1295 1240 1500 1296 conversionem
1534 1241 1670 1310 induciis3
1700 1242 1804 1297 deinde
1838 1244 1963 1297 Micioni

268 1322 406 1378 Pontifieii
422 1322 503 1377 ferro.
540 1322 624 1378 Sexto
641 1329 769 1392 respectu
786 1321 936 1382 factorum
974 1316 1099 1372 Christus
1126 1322 1275 1391 imperator
1301 1326 1377 1394 apud
1396 1328 1479 1384 eund.
1496 1327 1543 1382 lib
1566 1329 1774 1398 incapitalem
1800 1346 1921 1399 poenam
1939 1331 2008 1384 inm

268 1409 393 1481 flagellat
418 1415 479 1464 ete
506 1410 609 1480 templo
632 1409 724 1479 ejicit,
753 1424 827 1478 papa
849 1402 972 1458 homines
997 1411 1102 1459 mactat
1128 1407 1281 1463 haereticos
1299 1410 1451 1470 constitnit.
1482 1412 1707 1482 Respondemus:
1729 1421 1751 1470 l.
1774 1414 1884 1469 fatetur
1900 1414 1964 1471 Gre-

270 1503 298 1550 et
323 1512 355 1550 ex
382 1495 503 1550 humana
526 1496 658 1551 societate
676 1512 726 1565 per
749 1498 865 1548 mortem
884 1489 994 1557 penitus
1013 1497 1101 1545 exter·
1127 1495 1221 1565 gorius
1248 1496 1283 1550 de
1301 1496 1440 1559 Valentia,
1465 1516 1553 1568 nsque
1570 1501 1607 1554 ad
1631 1508 1755 1572 tempora
1773 1501 1914 1556 Marciani
1934 1520 1963 1557 se

269 1583 372 1651 minat;
391 1582 500 1637 Paulus
527 1582 645 1652 Elymas
671 1581 834 1635 coecitatem
864 1574 1014 1645 praedicit,
1046 1594 1101 1631 non
1128 1581 1325 1646 Valentiniani,
1355 1584 1540 1639 Bellarminus
1559 1602 1648 1656 nsque
1667 1587 1704 1641 ad
1720 1594 1850 1657 tempora
1871 1591 1963 1661 Augu·

269 1676 362 1726 autem
380 1669 474 1740 gladio
491 1669 535 1723 vel
554 1669 619 1740 igne
639 1667 755 1734 occidit3
779 1667 877 1721 Petrus
896 1662 998 1720 crimen
1016 1665 1102 1719 homi·
1129 1667 1210 1732 atini,
1236 1669 1265 1722 id
1291 1675 1333 1723 est
1359 1688 1446 1741 usque
1473 1671 1510 1725 ad
1534 1689 1597 1729 ann.
1623 1677 1682 1728 430.
1708 1673 1801 1745 legem
1826 1674 1863 1729 de
1887 1676 1964 1730 inter·

269 1757 350 1811 nibus
381 1756 520 1811 occultum
548 1756 576 1809 in
605 1755 694 1809 lucem
722 1753 858 1824 protrahit
885 1764 914 1812 et
939 1751 1101 1806 miraculose
1129 1753 1254 1807 finiendis
1272 1754 1416 1812 haereticis
1440 1757 1543 1812 nullam
1567 1758 1653 1813 fuisse
1677 1759 1771 1813 latam.
1808 1760 1884 1814 Nam
1901 1768 1963 1815 tem-

267 1843 438 1942 puniendum
457 1842 586 1897 ostendit.
621 1841 654 1895 In
671 1839 871 1896 haereticorum
887 1839 1030 1911 suppliciis
1045 1855 1102 1892 om·
1129 1857 1195 1910 pore
1207 1840 1382 1897 Constantini
1393 1842 1489 1914 Magni
1505 1845 1615 1900 decreta
1632 1850 1674 1900 ιιι
1689 1845 1745 1899 illis
1757 1863 1851 1916 poena
1871 1847 1963 1913 exsilii,

269 1929 315 1983 nia
333 1928 628 2000 apparentcontraria.
1128 1934 1161 1981 ut
1179 1937 1296 1998 apparet
1313 1946 1346 1983 ex
1362 1930 1502 1999 prooemio
1522 1931 1620 1985 concil
1638 1929 1754 1987 Nicaea
1777 1939 1807 1986 et
1831 1950 1867 1988 ex
1885 1933 1963 1989 Seno

139 2003 255 2050 ΗΜ
303 2021 361 2072 358.
394 2016 488 2086 Atque
500 2014 569 2070 haec
583 2021 655 2078 sunt,
674 2030 745 2084 qnae
763 2031 796 2068 ex
814 2014 849 2068 Ν
868 2014 902 2068 Τ.
920 2012 1102 2068 Bellarminus
1130 2014 1245 2067 menol
1268 2020 1289 2070 1.
1308 2015 1372 2070 hist.
1390 2032 1413 2069 c.
1434 2022 1475 2071 to.
1500 2016 1610 2084 addita;
1635 2016 1735 2099 deinde
1760 2017 1817 2071 tuit
1841 2025 1964 2090 tempore

39 2130 42 2138 .
141 2055 243 2200 ιιιοέιι·
269 2102 358 2158 affert.
397 2101 562 2156 Thomast.
583 2107 606 2156 2.
627 2119 653 2171 q.
676 2106 716 2156 11.
741 2100 873 2157 haeretici
896 2117 1013 2170 poenam
1029 2097 1103 2168 capi·
1128 2099 1279 2154 Theodosii
1297 2101 1469 2170 imperatoris
1488 2119 1579 2170 poena
1601 2092 1775 2172 pecuniaria,
1796 2104 1897 2159 decem
1916 2107 1963 2161 sci·

140 2170 195 2253 ξιξ
205 2160 244 2200 ‘¹‘
267 2190 350 2244 talem
363 2195 569 2259 esseoportere‚
587 2188 818 2258 probatexdicto
836 2186 987 2258 apostolico
1006 2185 1103 2251 Tite,
1130 2185 1209 2240 lieet*
1213 2186 1347 2241 librarum
1365 2188 1441 2256 auri,
1466 2189 1552 2252 donec
1570 2189 1726 2244 Marcianus
1744 2197 1772 2246 et
1791 2191 1962 2248 Valentinis-

268 2294 293 2329 v.
317 2282 362 2332 10:
384 2275 566 2328 Haereticam
580 2282 646 2342 post
663 2291 748 2326 unam
762 2283 847 2342 atqrie
867 2275 987 2327 alteram
1004 2273 1101 2323 admo·
1130 2290 1181 2325 nus
1214 2272 1326 2326 tandem
1358 2273 1393 2326 ad
1424 2274 1553 2344 graviora
1581 2275 1717 2344 supplicia
1754 2277 1962 2335 descenderent

269 2363 402 2415 notionem
423 2361 524 2415 devita.
563 2359 618 2415 Sed
637 2375 711 2414 error
729 2359 817 2414 oritur
843 2377 876 2414 ex
895 2357 986 2428 figura
1006 2355 1102 2410 dictio-
1130 2358 1204 2429 Ergo
1227 2358 1386 2413 melioribus
1413 2360 1468 2414 illis
1491 2361 1625 2415 ecclesiae
1650 2363 1824 2432 temporibus
1850 2371 1881 2419 et
1901 2383 1962 2436 apo-

269 2449 318 2502 nis.
357 2447 390 2501 In
411 2445 521 2501 Graeco
541 2445 614 2500 enim
634 2450 676 2500 est
694 2449 849 2516 nepesini,
868 2446 936 2514 sape
954 2451 980 2497 et
999 2443 1102 2504 devita,
1130 2443 1245 2499 stolicae
1263 2445 1397 2500 ecclesiae
1415 2444 1594 2501 vicinioribus
1613 2448 1740 2518 capitalis
1758 2467 1850 2520 poena
1869 2451 1962 2506 haere·

269 2551 346 2600 eum,
374 2551 429 2588 non
458 2538 552 2586 autem
576 2547 592 2586 e
614 2531 672 2585 vita
694 2531 768 2586 tolle.
806 2532 948 2588 Johannes
966 2527 1102 2583 Bemhar·
1129 2530 1245 2584 ticorum
1264 2548 1319 2585 non
1343 2531 1398 2586 fuit
1414 2532 1525 2597 usitata,
1549 2533 1636 2587 nihilo
1655 2543 1747 2590 tamen
1767 2537 1860 2591 minus
1880 2538 1962 2608 pluri·

270 2620 351 2674 dinus
370 2617 551 2673 Muscatellus
575 2616 605 2671 in
630 2622 719 2687 praet.
739 2617 815 2672 crim.
843 2634 867 2672 c.
889 2617 924 2670 de
942 2615 1018 2669 crim
1036 2615 1102 2670 lass.
1129 2632 1191 2670 mae
1218 2622 1246 2670 ιι
1264 2616 1514 2686 perniciosissimae
1541 2619 1668 2675 haereses
1690 2621 1837 2692 vigilanda
1854 2624 1963 2696 piorum

268 2708 377 2777 majest.
395 2705 479 2760 divin.
502 2722 528 2759 n.
548 2709 590 2760 48.
609 2710 638 2758 ιι
656 2710 699 2761 49.
721 2703 827 2769 scribit,
847 2703 876 2756 in
893 2718 979 2772 regno
993 2701 1102 2771 Neapo·
1129 2702 1324 2800 imperatorum
1336 2712 1364 2758 et
1372 2704 1563 2775 episcoporum
1574 2713 1797 2777 suntrepressae.
1824 2715 1848 2765 2.
1862 2710 1961 2774 Quam·

268 2792 353 2846 litano
371 2799 399 2847 et
416 2791 477 2846 aliis
495 2789 643 2889 provinciis
664 2789 819 2858 observari,
847 2797 877 2842 nt
895 2788 1031 2841 haeretici
1046 2788 1169 2841 cieivts
1127 2789 1327 2844 vtssalutares
1350 2788 1568 2845 Christianorum
1593 2792 1791 2863 imperatorum
1808 2798 1964 2852 sanctiones

268 2880 465 2933 combas-antur
493 2877 523 2930 in
551 2884 699 2945 conspeetu
714 2877 833 2946 popuii,
861 2881 889 2929 et
906 2880 1016 2944 praeter
1032 2874 1100 2928 alias
1128 2874 1240 2929 minime
1260 2876 1428 2944 damnemus,
1447 2882 1542 2931 tamen
1560 2894 1593 2932 ex
1611 2879 1695 2933 verbo
1713 2880 1767 2934 Dei
1795 2882 1831 2936 de
1849 2883 1931 2937 illis
1919 2901 1962 2954 Ju-

267 2965 410 3019 doctorum
443 2963 620 3018 auctoritates
650 2962 686 3016 ad
718 2962 747 3015 id
786 2961 960 3031 probandum
987 2959 1102 3013 adducit
1127 2962 1276 3016 dicandum
1294 2979 1354 3017 esse
1373 2980 1453 3018 nemo
1469 2952 1647 3034 diffitebitur,
1670 2965 1784 3021 fuerunt
1803 2968 1868 3023 illae
1888 2970 1963 3025 dissi·

138 3052 158 3093 h
171 3050 252 3143 ³⁰2⁰
267 3050 372 3105 dictum
391 3048 574 3105 Characen.
596 3054 636 3116 15,
664 3064 688 3102 v.
706 3053 735 3103 6:
763 3047 875 3115 Siquis
893 3065 948 3099 non
966 3047 1101 3099 manserit
1129 3048 1207 3102 miles
1225 3054 1253 3103 et
1270 3049 1306 3102 ad
1327 3055 1428 3103 statum
1452 3057 1608 3119 temporum
1635 3053 1748 3106 istorum
1773 3058 1963 3111 accommoda·

139 3102 176 3196 ιι
179 3113 252 3202 qli·
265 3138 296 3191 in
318 3156 374 3205 me,
403 3138 526 3190 mittetrn·
549 3137 642 3205 foras,
667 3137 738 3188 sicat
750 3135 877 3204 palmes,
904 3141 930 3186 et
949 3140 1056 3186 arescet
1074 3141 1101 3186 et
1128 3140 1183 3202 tae,
1202 3150 1235 3188 ac
1253 3134 1368 3204 proinde
1388 3137 1499 3205 saepius
1517 3137 1665 3202 variantes,
1683 3154 1732 3192 nos
1745 3156 1811 3194 vero
1831 3140 1886 3196 hoc
1904 3143 1962 3199 loco

140 3216 187 3245 ”⁰³
267 3226 398 3292 oollipent
416 3242 477 3277 eam
501 3232 527 3276 et
550 3224 580 3276 in
597 3223 689 3290 ipnem
715 3222 828 3274 mittent
864 3219 990 3273 Eundem
1010 3219 1100 3274 locum
1127 3238 1182 3274 non
1199 3227 1256 3274 tam
1275 3221 1389 3291 dejure
1408 3222 1496 3286 civili,
1522 3240 1604 3293 qnam
1624 3224 1692 3278 de
1680 3241 1743 3294 Jure
1762 3225 1857 3281 divino
1880 3247 1962 3299 quae·

139 3267 253 3356 lllll'll‘
247 3327 316 3380 pro
336 3309 505 3364 adstruendo
525 3309 638 3378 capitali
661 3308 862 3363 haereticorum
889 3306 1027 3376 supplicio
1053 3306 1100 3359 ad·
1127 3307 1226 3374 rimus,
1254 3307 1329 3362 unde
1349 3307 1425 3361 Beaa
1448 3309 1564 3378 ipsemet
1589 3308 1819 3380 fateturp.197.
1844 3315 1882 3367 ab
1901 3317 1963 3371 isto·

141 3360 214 3452 lilii.
216 3371 241 3400 nr
268 3397 345 3452 ducit
362 3396 522 3452 Simanca
515 3414 544 3449 ιιι
567 3395 652 3449 ιιιιιι.
675 3411 698 3450 c.
719 3400 761 3449 46.
780 3411 855 3446 num
884 3399 925 3447 45.
946 3398 974 3447 ιι
991 3398 1032 3448 46.
1051 3392 1100 3447 sed
1126 3411 1188 3444 ram
1207 3393 1408 3462 imperatorum
1430 3395 1598 3462 temporibus
1621 3396 1797 3451 Christianos
1817 3402 1964 3471 principes

267 3483 367 3540 Didae.
388 3482 569 3539 Oovarruvias
588 3481 705 3551 scriptor
728 3479 871 3549 Hispanus
891 3486 919 3533 et
937 3478 1099 3533 Pontificius
1127 3478 1218 3541 oflicii
1233 3479 1279 3530 sci
1298 3479 1436 3532 rationem
1453 3482 1525 3533 adeo
1546 3488 1640 3533 scaete
1652 3485 1778 3536 mutuari
1796 3503 1853 3538 non
1867 3505 1962 3556 posse.

266 3572 284 3626 l.
311 3577 333 3625 ι.
359 3588 415 3624 ιιι.
438 3569 543 3623 resolut
571 3566 815 3639 c.10.·agnoscit,
843 3567 934 3619 locam
953 3566 1026 3618 lano
1043 3585 1099 3620 non
1126 3567 1152 3616 3.
1172 3562 1370 3619 Constantinus
1387 3566 1485 3620 Arium
1502 3567 1721 3622 haeresiarcham
1749 3586 1812 3624 cum
1832 3574 1916 3628 sociis
1935 3575 1962 3629 in

266 3675 324 3711 esse
361 3659 403 3710 ad
427 3663 604 3724 praesentem
636 3654 823 3723 quaestionem
852 3654 1098 3706 accommodatam.
1126 3650 1253 3705 exsilium
1272 3652 1421 3723 relegavit,
1443 3652 1517 3723 quod
1535 3662 1645 3709 nostrae
1664 3654 1734 3709 thesi
1754 3673 1811 3709 non
1831 3659 1960 3715 adversa·

265 3743 342 3798 Idem
368 3742 472 3796 fatetur
491 3740 693 3796 Gundissalvus
718 3740 753 3793 de
769 3737 927 3809 Villadiego
953 3738 1097 3807 apostolici
1125 3744 1178 3806 tur,
1196 3740 1377 3808 nequeenim
1396 3739 1430 3792 de
1448 3739 1543 3794 exsilio
1561 3740 1604 3793 vel
1622 3740 1823 3811 deportatione,
1841 3746 1893 3799 sed
1913 3763 1958 3801 ca-

266 3829 364 3900 palatii
392 3827 501 3881 auditor
522 3827 557 3882 de
573 3826 648 3882 haer.
668 3843 694 3896 q.
717 3832 755 3881 15.
777 3842 850 3878 num.
869 3831 893 3878 4.
921 3825 984 3878 lata
1003 3833 1097 3877 aucto·
1125 3823 1218 3893 pitali-
1237 3825 1374 3895 supplicio
1406 3825 1604 3881 haereticorum
1635 3827 1688 3881 hoc
1718 3828 1778 3881 loco
1810 3833 1960 3901 quaeritur.

265 3915 338 3967 ritae
357 3914 511 3981 ecanpslii,
537 3911 641 3982 inquit,
658 3912 782 3980 loquitar
800 3928 856 3963 non
876 3912 911 3963 de
931 3911 994 3978 ione
1013 3918 1097 3963 mote-
1126 3909 1270 3964 Monemus
1284 3919 1376 3966 autem
1388 3911 1556 3980 Pontificios,
1577 3919 1609 3967 nt
1630 3913 1865 3983 quemadmodum
1876 3919 1961 3974 Arius

265 4000 344 4066 riali,
361 4001 415 4052 sed
435 4001 471 4052 de
488 4002 550 4066 ipne
571 3997 718 4065 infernali.
754 3996 856 4060 Quales
876 3996 948 4050 enim
960 3995 1097 4066 palmites,
1125 4012 1157 4050 ex
1184 3995 1334 4065 Scripturis
1364 3998 1393 4051 in
1422 3997 1544 4052 Nicaeno
1571 3998 1688 4052 concilio
1711 4001 1811 4054 erroris
1830 4008 1875 4057 est
1895 4022 1960 4059 con-

266 4085 354 4156 qnalis
374 4086 445 4152 vitis,
463 4085 527 4138 talis
545 4084 739 4156 quoqueignis
754 4090 847 4138 manet
861 4100 915 4151 eos,
936 4083 1015 4154 quia
1032 4100 1098 4138 vera
1124 4082 1221 4148 victus,
1247 4084 1322 4154 quod
1347 4091 1465 4138 testatur
1493 4085 1554 4155 ipse
1583 4084 1766 4140 Bellarminus
1793 4087 1842 4146 lib.
1872 4096 1897 4145 2.
1923 4092 1958 4146 de

266 4172 321 4226 vite
343 4187 402 4226 sese
422 4171 596 4227 abscindunt.
637 4171 678 4226 At
695 4169 846 4239 spiritualis
867 4176 909 4223 est
925 4169 998 4233 vitis,
1016 4170 1097 4240 spiri·
1125 4184 1201 4224 cone.
1220 4187 1242 4222 c.
1263 4175 1300 4225 12.
1314 4167 1341 4243 ᾖ.
1356 4170 1395 4224 ιιι
1412 4171 1495 4225 etiam
1508 4178 1576 4240 etc.;
1594 4172 1634 4225 ita
1651 4171 1703 4242 ipsi
1717 4190 1875 4244 quoqueex
1888 4177 1959 4234 Scri-

264 4257 353 4313 tuales
372 4264 436 4310 sunt
464 4257 604 4326 palmites,
631 4257 666 4311 de
693 4256 793 4327 quibus
818 4254 942 4310 Christus
967 4255 1096 4326 loquitur.
1123 4255 1212 4325 pturis
1232 4255 1376 4312 haereseos
1389 4256 1569 4328 eoelegitime
1584 4257 1757 4325 convincant,
1775 4277 1845 4329 quos
1857 4265 1955 4332 poenis

264 4345 339 4415 Ergo
353 4343 516 4412 intelligitur
534 4343 616 4397 etiam
634 4342 708 4414 ignis
727 4340 885 4412 spiritualis.
921 4341 1004 4396 Adde
1023 4343 1097 4412 qnod
1124 4342 1323 4396 haereticorum
1348 4342 1484 4413 subjicere
1510 4342 1644 4399 laborant
1680 4349 1704 4397 4.
1732 4345 1770 4398 In
1788 4350 1959 4405 Donatistae

264 4447 319 4484 non
337 4447 386 4500 per
402 4429 527 4484 haeresin
545 4435 662 4497 tantum,
684 4429 732 4484 sed
752 4445 802 4499 per
816 4427 932 4499 quodvis
950 4437 1097 4498 peceatum
1124 4429 1242 4497 capitale
1260 4429 1427 4500 supplicium
1447 4429 1532 4483 fuisse
1550 4431 1716 4501 quandoque
1739 4439 1875 4489 statutum
1893 4453 1958 4492 con·

267 4515 383 4570 mortale
410 4523 507 4570 contra
522 4515 718 4570 conscientiam
743 4513 916 4570 commissum
935 4514 1063 4584 palmites
1081 4531 1099 4569 ι
1125 4515 1255 4579 cedimus,
1273 4516 1323 4570 sed
1343 4515 1384 4569 illi
1402 4516 1480 4570 fuere
1492 4516 1617 4571 seditiosi
1637 4524 1665 4572 et
1682 4534 1700 4570 a
1719 4534 1750 4571 se
1765 4518 1960 4580 dissentientes

265 4602 322 4657 vite
342 4603 549 4670 exrcindnntnr,
568 4619 634 4672 ergo
653 4602 680 4655 vi
693 4601 776 4671 hujus
791 4601 1023 4671 interpretationis
1041 4619 1098 4656 om·
1124 4601 1330 4665 interfecerunt,
1358 4601 1424 4672 quin
1451 4609 1480 4656 et
1507 4602 1649 4673 exquisitis
1673 4606 1816 4660 tormentis
1836 4609 1962 4678 subjece-

266 4704 324 4751 nes,
343 4688 390 4758 qui
408 4693 552 4757 peecatum
572 4688 688 4741 mortale
708 4687 898 4754 committunt,
916 4705 1005 4757 poena
1024 4687 1098 4758 ignis
1124 4695 1203 4756 runt,
1232 4695 1263 4741 nt
1283 4694 1392 4742 constat
1409 4705 1443 4742 ex
1461 4688 1527 4758 ipsis
1548 4688 1601 4742 illis
1619 4691 1771 4761 Augustini
1789 4692 1867 4760 loeis,
1887 4713 1960 4766 qnae

266 4792 283 4829 a
300 4775 464 4846 magistratu
481 4782 574 4829 essent
589 4773 737 4828 afficiendi.
1124 4791 1142 4827 a
1160 4774 1326 4829 Bellarmino
1352 4774 1481 4829 citantur.
1517 4776 1563 4830 Sic
1585 4776 1657 4830 enim
1675 4777 1772 4831 scribit
1789 4779 1805 4835 1.
1821 4785 1843 4835 l.
1862 4788 1961 4837 contm

300 4866 358 4916 359.
396 4861 521 4915 Alteram
546 4869 770 4931 argumentorum
796 4859 910 4913 classem
935 4860 1013 4914 ducit
1036 4860 1098 4914 Bel·
1124 4861 1230 4932 epistol
1250 4862 1378 4915 Parmen.
1405 4861 1625 4928 (Donatistarum
1645 4863 1780 4934 episcopi)
1804 4882 1828 4920 c.
1859 4873 1885 4923 7.
1905 4884 1961 4923 non

266 4947 398 5001 larminue
417 4964 450 5001 ex
469 4948 611 5000 sententiis
629 4956 655 5000 et
673 4946 1000 5015 lepibaaimperatorlsm.
1028 4948 1098 5002 Con·
1125 4948 1207 5019 longe
1230 4965 1248 5001 a
1273 4948 1404 5018 princip:
1427 4951 1467 5002 Et
1491 4949 1605 5017 siquid
1632 4951 1796 5019 temporalis
1812 4953 1961 5008 molestiae

264 5034 403 5088 stantium
430 5032 451 5088 I.
479 5034 514 5087 ad
540 5033 699 5103 petitionem
718 5032 858 5089 Nicaenae
882 5032 981 5103 synodi
999 5033 1097 5087 Arium
1120 5036 1205 5103 passi
1231 5035 1339 5098 fuerint
1362 5051 1418 5106 per
1443 5036 1625 5089 cemmsimam
1658 5044 1741 5106 atqae
1772 5040 1960 5095 rectissimam

264 5138 328 5175 cnm
346 5120 454 5191 aliquot
472 5120 552 5174 sociis
571 5120 599 5174 in
619 5119 744 5173 exsilium
768 5117 909 5189 relegavit,
930 5120 1098 5174 Sonomenus
1124 5122 1251 5175 ordinem
1266 5129 1449 5189 potestatam,
1472 5140 1533 5176 eam
1557 5123 1614 5192 ipsi
1630 5123 1754 5192 privatis
1780 5125 1960 5186 famosorum

264 5206 327 5262 libr.
351 5213 372 5263 t.
391 5206 454 5262 hist.
473 5222 534 5275 cap.
556 5212 597 5261 20.
617 5212 645 5260 et
663 5205 825 5261 Donatistae
840 5204 975 5275 supplicio
994 5205 1097 5274 affecit,
1124 5209 1281 5277 apminibas
1309 5209 1398 5262 malta
1424 5210 1558 5277 praviora
1582 5211 1692 5277 param
1720 5216 1803 5279 atque
1831 5216 1960 5279 quotidie

264 5301 297 5348 ut
327 5293 411 5348 refert
429 5291 604 5362 Augustinus
632 5291 649 5347 1.
684 5299 705 5347 1.
724 5299 796 5347 cont.
821 5309 864 5361 ep.
884 5292 1010 5347 Parmen-
1029 5309 1051 5345 c.
1073 5300 1096 5348 7.
1122 5295 1205 5348 nulla
1223 5297 1311 5364 rapio,
1329 5296 1411 5348 nnita
1423 5296 1613 5349 occimiastica
1631 5297 1691 5363 ispe
1710 5296 1890 5362 committant,
1908 5320 1960 5355 nos

265 5388 293 5433 et
320 5379 348 5432 in
369 5397 411 5449 ep.
432 5384 488 5434 166.
515 5378 550 5431 ad
569 5376 742 5447 Donatistae,
766 5377 814 5432 ubi
836 5385 977 5433 enumeret
996 5378 1096 5433 multos
1123 5399 1273 5451 corporum
1287 5391 1483 5452 persecutores
1500 5392 1612 5448 cocant,
1636 5400 1666 5437 se
1688 5385 1848 5437 animarum
1872 5387 1960 5440 inter·

264 5466 443 5536 imperatores
461 5465 594 5534 optimos,
614 5467 661 5536 qni
680 5466 865 5531 severissimas
880 5464 956 5536 leges
974 5466 1098 5521 tulerunt
1120 5471 1244 5535 sectores
1256 5476 1363 5539 cocant,
1383 5486 1444 5522 cum
1452 5468 1572 5538 privata
1588 5469 1704 5522 lieentia
1721 5485 1771 5521 nec
1789 5474 1961 5539 corporibus

264 5557 362 5605 contm
379 5551 532 5606 haereticos
549 5559 578 5608 et
594 5568 681 5606 naum
698 5552 787 5606 solum
812 5549 955 5606 Julianiun
973 5554 1093 5623 Aposta·
1108 5552 1208 5624 ,(ιιοιι)
1225 5563 1359 5624 parcant.
1396 5553 1435 5607 Et
1454 5561 1566 5625 postea:
1596 5555 1653 5609 Cirr
1680 5555 1745 5624 spei,
1762 5556 1812 5609 ahi
1824 5568 1958 5629 poseant,
