4020 6014
625 229 678 286 Da
695 228 919 287 MINISTERIO
938 225 1243 288 aocaasmumu
1748 244 1787 301 49

93 385 280 456 apostolatum
295 385 444 456 vocanmit,
462 390 494 440 nt
513 402 568 440 non
585 384 670 442 fuerit
687 385 800 442 inferior
815 390 924 458 aposto·
954 386 1080 440 ordinem
1099 387 1237 440 innotuerat
1252 403 1306 456 per
1325 404 1385 458 eoa,
1410 406 1479 459 qnsoe
1497 391 1538 443 ed
1556 389 1631 444 iliad
1648 407 1718 461 opuo
1737 408 1787 444 sao

92 472 122 528 lis
137 472 264 546 reliquie,
283 473 331 544 qui
349 489 368 526 a
385 472 494 529 Christo
513 472 575 544 ipso
593 473 829 545 adapostolatum
847 479 926 528 mant
952 474 1199 545 inqseweatipabili
1221 475 1337 530 cornilio
1363 477 1462 546 detipit
1488 485 1512 530 et
1537 477 1644 532 oscitat.
1669 494 1695 548 p.
1723 482 1786 534 508:

91 560 186 616 vocati
223 560 323 633 Neque
341 560 493 632 quidquam
510 559 609 624 obstat,
634 561 709 631 quod
729 560 765 614 ad
784 560 924 614 Ananiam
950 561 1098 615 maltorum
1116 563 1145 615 in
1168 559 1269 615 Gallio
1293 570 1317 616 et
1340 564 1439 633 Belpio
1463 565 1720 618 extraordinariam
1741 583 1786 620 oo·

92 647 246 718 remittitur,
263 649 327 701 Aet.
340 654 364 715 9,
385 665 410 701 v.
430 653 455 704 6.
476 647 542 718 quia
560 647 695 716 Christus,
723 647 771 719 qui
788 647 877 702 Paulo
895 647 924 700 in
950 647 1087 701 cntionem
1104 648 1240 716 martyrio
1258 650 1396 704 sancitam
1413 650 1539 706 adstruit
1576 651 1649 717 Quid
1667 669 1733 708 vero
1750 652 1784 708 de

90 734 130 788 ria
147 734 283 790 Damasci
301 739 481 805 apparuerat,
511 750 638 804 expresse
656 740 774 789 testatur
800 734 828 788 in
845 750 924 805 prae·
950 733 1003 789 bac
1029 735 1246 790 extraordinaria
1269 736 1414 792 vocatione
1433 738 1631 793 statuendum?
1657 738 1783 809 Respon-

89 828 167 893 oepto
184 821 316 878 Anamae
333 822 413 889 dato,
433 821 509 892 quod
526 820 571 876 hic
590 821 666 891 ipse,
692 821 728 875 ad
748 837 830 891 quem
848 819 923 874 Ana-
951 821 1060 876 demus:
1083 828 1105 878 1.
1120 822 1229 876 vocabo
1239 823 1454 878 extraordinaria
1465 824 1571 895 duplici
1582 824 1783 895 significatione

90 909 146 964 niu
165 908 328 980 ablegetur,
350 907 479 978 jamdum
505 908 541 962 sit
568 926 618 961 one
642 909 783 962 electionis
804 915 923 980 portare
950 907 1068 979 intelligi
1086 914 1190 978 potest,
1218 909 1263 964 vel
1286 916 1413 979 respectu
1438 911 1520 965 morie
1540 911 1569 965 in
1590 911 1707 969 ecclesia
1723 920 1914 968 θοι-1111171

91 1014 185 1050 nomen
205 995 316 1050 Christi
332 1013 428 1049 coram
449 995 589 1065 'pent-idm,
614 995 710 1051 Actor.
729 1000 759 1063 9,
785 1012 810 1050 v.
832 999 871 1049 15.
889 1010 922 1048 ac
950 999 1033 1064 rupta
1050 1001 1118 1049 tunc
1138 994 1249 1066 publice
1274 996 1394 1066 recepti,
1422 996 1465 1053 vol
1494 1003 1620 1067 respectu
1644 998 1748 1053 ordinis
1764 1017 1782 1054 a

89 1083 207 1137 mittitur
222 1083 259 1136 ad
278 1081 369 1152 ipsum
393 1080 534 1151 Ananiae,
557 1098 612 1135 non
636 1086 668 1135 ut
689 1083 862 1137 vocationem
886 1081 922 1136 ad
949 1081 1010 1138 Deo
1035 1081 1162 1136 instituti.
1203 1081 1320 1137 Vocatio
1347 1099 1454 1151 eorum,
1484 1083 1531 1153 qui
1558 1085 1727 1154 corruptelas
1755 1086 1782 1141 in

89 1168 275 1240 apostolatum
296 1168 338 1222 illi
367 1168 526 1232 denuntiet,
553 1168 602 1224 sed
628 1174 660 1223 ut
685 1185 769 1224 manu
794 1167 923 1238 imposita
950 1167 1067 1224 ecclesia
1083 1168 1195 1239 publice
1214 1175 1339 1239 receptae
1359 1169 1490 1224 divinitus
1508 1169 1619 1225 exone
1644 1177 1783 1243 taxarunt,

89 1257 174 1312 risum
194 1255 220 1310 ei
238 1253 367 1311 restituet
385 1272 418 1309 ao
438 1255 572 1325 baptizet,
590 1272 615 1310 v.
640 1261 678 1312 18.
949 1253 1166 1310 extraordinaria
1191 1255 1245 1309 dici
1266 1262 1370 1326 potest,
1399 1272 1453 1308 non
1472 1261 1598 1325 respectu
1624 1259 1783 1330 posteriore,

120 1349 162 1397 77.
190 1341 313 1407 Quidam
336 1358 370 1396 ex
394 1341 563 1395 Calvinianie
587 1346 714 1396 statuunt
738 1346 766 1395 et
787 1345 923 1411 usurpant
949 1343 998 1397 scd
1031 1347 1160 1412 respectu
1192 1341 1290 1413 priore.
1337 1347 1362 1396 2.
1391 1342 1488 1414 Neque
1516 1348 1608 1396 tamen
1636 1351 1783 1413 propterea

89 1429 209 1484 medium
233 1428 346 1499 aliquod
369 1427 520 1482 vocationis
542 1444 639 1498 genae.
675 1427 771 1483 Refert
796 1426 869 1482 enim
888 1429 922 1482 D.
951 1429 1130 1485 statuendum
1155 1435 1198 1483 est
1224 1428 1335 1483 tertium
1362 1427 1475 1499 aliquod
1504 1429 1655 1484 vocationis
1685 1448 1781 1501 genus,

88 1516 263 1573 Obemniciue
281 1520 353 1586 part
372 1520 396 1570 3.
415 1515 536 1569 locorum
555 1514 589 1568 de
609 1515 726 1569 ecclesia
742 1531 764 1569 c
781 1520 806 1568 1.
819 1519 884 1570 sect
899 1522 921 1570 1.
950 1515 1024 1587 qaod
1043 1516 1079 1571 sit
1098 1514 1291 1570 intermedium
1306 1515 1379 1570 inter
1390 1515 1539 1571 mediatam
1554 1522 1583 1570 et
1596 1516 1781 1570 immediatam

87 1621 148 1675 pag.
176 1608 237 1659 314.
262 1618 326 1656 cam
352 1600 502 1672 aliquando
524 1601 554 1653 in
579 1599 679 1655 Galliis
706 1601 837 1670 Papiriae
857 1618 922 1655 con·
949 1602 1129 1670 vocationem,
1149 1603 1215 1672 quia
1235 1602 1481 1657 extraordinarium
1504 1602 1575 1656 illud
1593 1618 1648 1656 non
1667 1604 1781 1674 opponi-

87 1691 232 1746 tenderent
259 1705 322 1743 cum
350 1687 577 1742 sacramentariis
606 1688 642 1742 de
668 1688 812 1742 vocatione
837 1695 865 1742 et
881 1687 921 1740 illi
949 1695 994 1742 tur
1012 1688 1149 1744 mediatae
1167 1687 1313 1754 vocauoni,
1332 1688 1410 1759 quasi
1423 1695 1571 1758 propterea
1589 1705 1681 1743 eorum
1700 1706 1780 1744 voca·

87 1779 167 1833 hoece
180 1777 394 1847 interrogarent,
408 1774 586 1845 qualemnam
599 1774 922 1842 haberentvoeationem,
949 1777 988 1832 tio
1015 1783 1127 1832 vocetur
1151 1776 1382 1845 extraordinaria,
1407 1777 1482 1847 quod
1513 1794 1568 1838 non
1592 1778 1629 1831 sit
1652 1776 1781 1846 mediata,

88 1863 263 1936 respondisse
280 1862 392 1926 Bonam,
407 1878 440 1915 oe
457 1879 508 1916 neo
528 1862 690 1926 mediatam,
708 1878 756 1915 neo
775 1861 920 1913 immedic-
948 1864 998 1919 sed
1020 1863 1169 1935 opponitur
1188 1863 1381 1918 consuetudini
1399 1869 1465 1917 tunc
1489 1864 1600 1934 publice
1618 1864 1646 1919 in
1665 1864 1781 1920 ecclesia

87 1961 149 2019 tem,
168 1952 221 2003 sed
232 1949 488 2003 extraordinariam
502 1949 604 2001 trabere
619 1948 792 2001 vocationem
804 1948 833 1998 in
852 1945 922 2000 Gat-
949 1959 1080 2021 corrupta
1096 1955 1231 2021 receptae.
1268 1955 1291 2005 3.
1303 1950 1532 2005 Extraordinaria
1543 1950 1651 2005 vocatio
1663 1951 1779 2022 intelligi

88 2039 141 2090 1111
176 2035 266 2090 Addit
283 2034 375 2099 11111111,
396 2033 526 2089 Gessevte
544 2034 618 2088 hunt
638 2049 741 2088 morem
759 2033 871 2102 servan,
889 2039 922 2086 ut
951 2037 1034 2093 etiam
1051 2042 1143 2106 potest
1161 2044 1287 2108 respectu
1305 2037 1438 2092 donorum
1453 2037 1633 2108 peculiarium
1647 2045 1675 2093 et
1693 2043 1780 2094 extra-

88 2124 194 2195 sliquos
216 2122 246 2176 in
264 2120 405 2192 theologia
428 2121 575 2175 instituant
598 2125 626 2174 ot
652 2126 750 2190 postea
770 2119 798 2172 in
814 2116 921 2174 Galliae
947 2124 1156 2190 ordinariorum,
1176 2123 1294 2198 quaein
1311 2123 1454 2179 vocatione
1468 2125 1590 2179 mediata
1608 2142 1711 2193 eorum,
1732 2128 1780 2196 qui

88 2210 204 2266 docendi
224 2225 308 2264 causa
327 2207 445 2262 mittant.
481 2207 545 2262 Huc
568 2206 687 2278 pertinet
707 2204 836 2276 disputat
872 2204 921 2260 Sa·
947 2211 983 2265 ad
1004 2210 1176 2280 corruptelae
1195 2210 1307 2281 publice
1323 2217 1449 2281 receptas
1467 2211 1603 2265 taxandae
1622 2217 1650 2266 et
1668 2211 1779 2266 obolen·

88 2298 174 2353 deelis
194 2297 256 2352 adv.
276 2295 406 2350 articulos
426 2295 647 2366 Burdogalenees
669 2299 721 2346 art.
749 2298 788 2347 51.
809 2310 836 2362 p.
858 2297 920 2346 502:
947 2299 997 2351 dae
1014 2297 1184 2364 excitantur,
1209 2296 1407 2366 utplurimum
1426 2298 1639 2367 conspiciuntur.
1676 2298 1723 2353 Sic
1743 2298 1778 2352 de

90 2383 122 2438 Si
142 2384 275 2451 medani,
299 2389 433 2452 renotuit
456 2383 487 2434 111
513 2381 631 2435 mittit
647 2380 811 2443 1011111016
829 2380 921 2432 ΒΜ
947 2383 1070 2438 Luthero
1091 2389 1167 2438 recte
1189 2383 1410 2453 pronuntiamus,
1439 2384 1512 2454 quod
1535 2385 1569 2437 ad
1596 2384 1778 2439 ministerium

88 2489 141 2526 aon
163 2470 394 2540 posae,q1sando
413 2469 472 2539 spei
487 2467 565 2531 tibet,
591 2467 685 2519 medio
703 2467 824 2519 enodare
842 2474 920 2535 apto,
947 2469 1065 2525 docendi
1084 2469 1204 2524 mediate
1224 2469 1259 2524 sit
1279 2478 1401 2533 vocatus,
1421 2470 1529 2524 interim
1548 2471 1621 2541 quod
1640 2471 1674 2524 ad
1694 2471 1778 2526 refor-

86 2565 169 2629 pront
182 2557 273 2628 ipeine
281 2555 481 2625 providentioe
496 2555 585 2609 oseam
599 2560 648 2621 eat,
665 2557 706 2606 ad
721 2553 921 2608 ementiendam
947 2556 1074 2611 metionis
1098 2573 1168 2627 opus
1192 2556 1305 2624 attinet,
1332 2556 1428 2627 negari
1451 2557 1561 2627 nequit,
1587 2557 1727 2626 peculiare
1751 2564 1778 2612 et

88 2645 214 2698 ordinem
239 2658 363 2695 eoerenm
387 2650 412 2694 et
436 2641 592 2713 praeclara
615 2648 698 2710 utpote
716 2640 818 2692 enimin
837 2638 920 2693 cocio
946 2643 1192 2698 extraordinarium
1212 2642 1317 2714 aliquid
1335 2643 1363 2697 in
1382 2662 1414 2699 eo
1434 2642 1617 2706 concurrisse,
1637 2642 1711 2712 quod
1732 2659 1777 2698 ne-

87 2732 143 2785 riae
162 2737 343 2792 momenta,
370 2729 398 2780 si
413 2729 526 2796 inquam
545 2728 650 2796 dicam,
668 2728 761 2780 Deam
778 2728 845 2780 boec
864 2747 921 2781 non
947 2745 1001 2801 que
1018 2730 1055 2784 ad
1076 2729 1241 2784 ordinariam
1262 2729 1429 2801 reliquorum
1449 2730 1636 2784 ministrorum
1656 2729 1777 2783 vocatio-

85 2834 164 2889 pome
181 2823 231 2869 aut
252 2816 337 2883 nolle,
356 2815 512 2886 blasphemi
528 2823 592 2869 ιιιιι1
610 2816 745 2869 aaaron
763 2815 824 2884 ejus
835 2815 920 2869 omni·
945 2835 1008 2873 nem
1028 2834 1077 2889 per
1096 2818 1188 2872 omnia
1207 2817 1335 2889 quadrat,
1354 2835 1444 2888 neque
1458 2833 1519 2871 cum
1537 2816 1696 2872 immediata
1713 2834 1777 2886 apo·

86 2905 246 2976 patritiam,
264 2902 459 2956 coutumeliam
477 2902 589 2965 faciant
607 2901 803 2972 tjurlboaitott‘
813 2909 838 2955 et
856 2919 919 2954 coa·
945 2907 1076 2960 stolorum
1096 2905 1238 2960 vocatione
1257 2922 1369 2975 prorsus
1383 2904 1519 2974 congruit,
1538 2910 1569 2958 ut
1586 2910 1684 2973 postea
1696 2905 1777 2958 latius

85 2991 270 3046 montmeimae
300 2991 362 3059 ejus
393 2988 615 3060 prommaionam
648 2989 767 3042 istriensi.
797 2994 846 3042 art.
876 2994 918 3044 61.
945 2992 1132 3062 explicabitur.
1171 2999 1193 3047 4.
1213 2992 1258 3046 An
1277 3009 1342 3047 vero
1360 2993 1452 3046 adbuc
1467 2991 1547 3045 hodie
1561 2991 1778 3047 extraordinaria

86 3095 144 3150 pag.
165 3082 230 3132 539:
251 3079 330 3128 Deae
350 3076 429 3128 (ledit
451 3077 554 3144 detesto
578 3092 658 3130 oeroe
672 3083 804 3144 posterea
823 3083 848 3129 et
868 3077 918 3128 mi·
944 3079 1037 3150 aliqua
1055 3078 1165 3149 proprio
1187 3079 1226 3132 sic
1247 3079 1334 3145 dicta,
1360 3079 1388 3132 id
1419 3086 1459 3133 est
1483 3078 1641 3132 immediata
1659 3081 1775 3149 vocatio,

86 3167 185 3219 naeres
205 3163 347 3229 ecelesiae,
369 3168 425 3214 tum
437 3179 492 3230 per
510 3161 637 3215 ordinem
658 3162 819 3229 lepitimam,
837 3179 917 3231 quein
945 3166 1129 3235 exspectanda
1152 3166 1201 3232 sit,
1227 3167 1262 3221 de
1286 3183 1318 3220 eo
1338 3167 1421 3236 paulo
1445 3172 1507 3237 post
1525 3166 1638 3219 dicetur.
1676 3174 1698 3221 5.
1717 3168 1775 3222 Neo

86 3251 202 3306 instituit
226 3251 267 3302 nd
292 3265 386 3302 cortem
404 3248 582 3302 ordinariam
608 3249 767 3303 electionem
793 3257 818 3302 et
837 3267 916 3303 noce·
943 3253 1054 3323 probari
1079 3251 1157 3306 nobis
1182 3259 1272 3323 potest
1296 3253 1452 3307 inordinata
1469 3253 1517 3307 illa
1544 3253 1693 3317 ordinatio,
1721 3271 1776 3324 qua

85 3340 197 3404 tanen,
223 3338 289 3390 dnm
307 3342 397 3388 etatem
420 3334 554 3388 ecelesiae
572 3334 679 3403 intepet·
698 3343 754 3400 eat,·
782 3343 840 3388 tum
862 3354 917 3408 per
944 3340 1079 3394 referente
1097 3338 1132 3393 D.
1145 3336 1304 3393 Chemnicio
1325 3338 1411 3410 aliqui
1427 3340 1487 3393 sine
1505 3338 1649 3394 vocatione
1670 3339 1705 3392 ad
1719 3356 1774 3393 cer-

85 3424 262 3486 diomedia,
282 3439 353 3490 quoe
370 3423 429 3492 ipsi
445 3422 544 3490 libert,
562 3424 674 3490 qesnndo
693 3422 814 3477 emoriar
832 3424 916 3476 eecle—
943 3434 1000 3481 tam
1019 3424 1163 3480 ecclesiam
1175 3423 1306 3480 Genevae
1320 3426 1482 3479 ordinantur
1502 3442 1534 3478 ae
1551 3428 1648 3494 postea
1667 3424 1696 3478 in
1709 3424 1773 3478 Gal-

84 3515 140 3567 a‘ae
166 3513 237 3566 ordo
264 3525 374 3562 euersae
402 3515 450 3561 eat.
477 3508 505 3561 in
531 3513 611 3565 tract.
638 3507 673 3563 de
698 3509 774 3580 legit.
801 3508 916 3564 ministr.
943 3516 992 3569 lias
1012 3513 1047 3567 ad
1069 3511 1285 3583 praedicandum
1305 3511 1478 3582 evangelium
1502 3511 1680 3580 ablegantur.
1710 3511 1775 3582 quia

84 3604 169 3654 vocat.
190 3613 253 3667 pag·
275 3601 333 3650 553·
352 3594 462 3664 11111111,
489 3611 568 3649 v0r⁰⁸
583 3602 715 3664 1111110118
734 3613 769 3649 ac
787 3597 915 3650 doctores
943 3600 1116 3656 avocatione
1132 3598 1292 3668 apostolica,
1310 3613 1382 3669 quae
1394 3603 1559 3668 potestatem
1573 3596 1689 3650 docendi
1703 3598 1775 3651 inter

78 3688 169 3753 saitae
197 3703 216 3735 a
234 3683 357 3737 Domino
378 3689 495 3750 praeter
521 3682 649 3735 ordinem
666 3684 778 3737 solitum
797 3685 916 3737 eamean
943 3704 1036 3743 omnes
1056 3692 1153 3758 gentes
1173 3685 1311 3754 continet,
1334 3685 1493 3739 distinctum
1512 3691 1553 3739 est
1572 3684 1694 3738 officium
1713 3686 1773 3738 reli-

85 3776 142 3840 ctos,
165 3779 194 3823 at
218 3770 260 3822 ito
286 3769 486 3837 conficerentur
510 3786 620 3824 errores
644 3777 669 3823 et
693 3769 880 3842 blaephemioe
898 3791 916 3824 a
943 3792 1059 3847 quorum
1076 3773 1210 3830 ecclesiae
1225 3773 1383 3842 doctorum,
1407 3773 1454 3844 qui
1478 3774 1512 3828 ad
1531 3779 1620 3826 certae
1646 3772 1775 3827 ecclesias

86 3860 196 3928 Spiritu
213 3858 271 3910 oris
292 3857 405 3911 Gerasi.
442 3856 564 3911 Paraeus
590 3857 619 3910 in
637 3862 781 3912 comment.
808 3874 868 3929 cap.
893 3864 914 3913 l.
943 3869 1075 3916 vocantur
1095 3877 1146 3915 nec
1166 3859 1271 3913 habent
1298 3859 1453 3915 absolutam
1471 3865 1636 3930 potestatem
1656 3860 1774 3915 docendi

84 3946 118 4000 ed
135 3944 215 3999 Rom.
234 3960 298 4014 pag.
322 3948 378 3999 158.
406 3942 553 3998 mediatam
580 3943 751 3998 vocationem
770 3944 916 4017 distinguit
944 3948 1048 4019 ubique
1065 3948 1094 4001 in
1112 3946 1239 4001 omnibus
1259 3947 1388 4002 ecclesiis.
1427 3947 1491 4000 Act.
1513 3952 1555 4011 14,
1580 3963 1605 3999 v.
1625 3951 1672 4000 23:
1691 3947 1774 3999 Pres-

85 4034 111 4086 in
138 4031 331 4099 ordinariam,
357 4046 440 4100 quam
466 4028 526 4086 fieri
552 4030 620 4084 dicit
642 4030 679 4085 ab
704 4030 847 4086 ordinariis
866 4049 916 4103 per
944 4037 1033 4104 hyteri
1048 4035 1253 4088 conetitmnnter
1270 4035 1306 4087 ab
1325 4032 1462 4103 apostolia
1479 4050 1533 4101 per
1545 4033 1672 4102 aepulae
1690 4035 1773 4087 eccle·

84 4118 229 4190 suffragia,
244 4118 288 4171 vel
300 4117 566 4185 meriadianam,
583 4133 665 4188 quam
683 4116 749 4170 dicit
767 4117 848 4173 etiam
866 4119 916 4173 im·
942 4125 1007 4178 siaa,
1048 4123 1100 4178 Tit.
1123 4125 1152 4188 1,
1175 4140 1199 4173 c.
1220 4124 1250 4174 5:
1272 4122 1350 4174 Titne
1367 4120 1479 4187 jubetur
1498 4117 1566 4172 nurci
1588 4123 1678 4185 πόλιν,
1696 4125 1774 4194 oppi-

85 4206 222 4262 mediatae
247 4203 414 4274 proximam,
443 4219 570 4274 quaeque
586 4203 636 4258 fiat
652 4203 697 4258 vel
718 4204 754 4259 ab
772 4205 915 4260 ordinariis
944 4209 1041 4276 dotim,
1060 4207 1225 4261 constituere.
1246 4208 1407 4275 episcopos,
1426 4205 1490 4259 inde
1508 4206 1537 4259 in
1556 4208 1671 4262 concilio
1692 4208 1773 4263 Chal·

85 4310 133 4364 per
161 4297 277 4359 sortem,
306 4294 337 4343 ut
361 4288 471 4344 vocatio
495 4289 628 4345 Matthiae
654 4291 716 4345 Act.
740 4298 760 4348 1.
786 4292 830 4348 vel
851 4292 916 4348 defi·
943 4295 1038 4349 cedon.
1058 4310 1118 4347 ean.
1139 4299 1161 4348 6.
1182 4298 1315 4347 statutum
1335 4291 1402 4357 suit,
1427 4294 1562 4345 neminem
1585 4296 1710 4348 obsolute
1729 4314 1772 4347 or-

84 4378 220 4435 cieutibus
240 4375 385 4432 ordinariis
403 4377 440 4432 ab
459 4377 576 4432 ecclesia
593 4393 643 4448 per
660 4376 793 4450 suffragia
813 4384 840 4432 et
859 4394 914 4432 sor·
941 4383 1040 4436 dinnri
1066 4383 1162 4435 debore
1189 4382 1247 4433 nisi
1272 4383 1313 4433 ed
1339 4387 1443 4431 certam
1469 4387 1493 4431 et
1518 4383 1666 4447 opericlem
1688 4384 1771 4435 ecole-

83 4473 153 4534 tem,
183 4465 263 4533 eujus
293 4464 450 4534 exemplum
478 4464 577 4520 recitat
604 4482 637 4519 ex
661 4464 776 4519 historia
797 4465 913 4519 eanum
940 4473 1025 4536 niem,
1053 4474 1166 4539 propter
1193 4467 1267 4538 quod
1295 4466 1416 4536 graviter
1441 4466 1582 4520 concludit
1607 4467 1709 4520 ibidem
1735 4469 1769 4524 D.

83 4550 302 4619 Bohemicorum,
320 4549 369 4621 qui
384 4566 455 4604 enno
474 4556 547 4607 1165.
566 4551 712 4606 ordinariis
724 4552 914 4623 persecutione
940 4555 1128 4612 Chemnieiue:
1155 4553 1251 4617 Qualia
1270 4561 1310 4606 eat
1335 4552 1448 4606 illoram
1468 4553 1585 4615 vocatio,
1604 4554 1670 4605 tolie
1688 4557 1771 4610 etiam

83 4637 220 4709 oppressis
238 4641 294 4692 tres
317 4655 349 4692 ex
361 4653 460 4692 novem
472 4644 545 4693 sorte
562 4637 616 4692 eibi
634 4639 805 4711 designarint
822 4645 913 4710 paeto·
939 4661 1089 4698 mseeeaeua

82 4742 123 4780 res
149 4741 204 4778 non
231 4725 289 4778 sine
314 4724 455 4782 miraculo.
491 4724 623 4780 Bucanus
645 4723 674 4778 in
697 4724 758 4780 loco
783 4726 817 4781 de
835 4725 912 4780 mini·
975 4735 1015 4786 ¹18.
1036 4729 1065 4782 Si
1090 4728 1124 4783 de
1151 4727 1308 4781 differentia
1330 4726 1467 4780 mediatae
1487 4730 1514 4777 et
1533 4723 1706 4781 immediatae
1726 4747 1771 4786 vo·
1785 4748 1894 4787 orassen-

81 4811 163 4866 flttrio
180 4828 244 4883 pag·
267 4817 324 4866 50⁷·
343 4811 380 4865 ad
398 4811 593 4883 qutettiOssems
612 4812 745 4882 quamdiu
763 4813 844 4867 nobis
863 4813 912 4867 ob·
940 4816 1056 4872 cationis
1070 4814 1181 4887 propria
1196 4830 1229 4868 ac
1241 4812 1370 4884 specifica
1390 4797 1547 4883 quaeratur,
1565 4813 1772 4884 respondemus,
1785 4801 1889 4889 ζ’ζῦζῗζζῖ

81 4898 217 4955 servanda
242 4897 276 4952 sit
303 4897 419 4954 visibilis
446 4903 474 4953 et
492 4898 620 4953 ordinata
641 4905 783 4969 pastorum
804 4899 912 4953 vocatio
939 4904 1015 4959 illam
1037 4909 1057 4957 t.
1076 4918 1250 4974 nequaquam
1273 4899 1422 4954 consistere
1448 4897 1475 4950 in
1501 4913 1547 4963 eo,
1575 4898 1649 4967 quod
1678 4900 1771 4956 imme.
1785 4913 1897 4992 (qima-

82 4991 109 5042 11
127 4984 279 5054 811111111οι
297 4986 447 5056 1111011111
466 4986 518 5040 1101
535 4984 630 5039 modo:
652 4985 792 5048 Quamdiu
809 4987 913 5039 raterio
939 4991 1013 5044 dieta
1032 4988 1123 5043 vocati
1141 5004 1159 5042 a
1175 4987 1249 5051 Deo,
1267 4984 1386 5039 mediate
1404 4983 1496 5036 vocati
1515 4983 1550 5038 ab
1570 4983 1727 5040 homlnibus
1745 4995 1772 5042 et
1786 5011 1808 5045 a
1819 5007 1897 5045 imme·

82 5083 106 5127 et
122 5073 288 5142 conspicuae
305 5074 397 5138 fuerit
418 5074 488 5137 ordo
515 5080 543 5124 et
566 5079 656 5125 statice
673 5075 811 5144 legitimae
828 5074 912 5127 ecole-
938 5092 993 5131 non
1012 5093 1029 5129 a
1047 5075 1108 5128 Deo
1125 5073 1216 5127 vocati
1236 5073 1303 5136 siut,
1328 5068 1496 5123 contrarium
1514 5071 1587 5125 enim
1606 5072 1689 5141 paulo
1708 5080 1773 5142 post
1786 5059 1878 5098 dm·

80 5161 152 5226 riae,
180 5161 220 5212 sic
243 5168 275 5214 ut
292 5178 326 5215 ne
345 5161 485 5229 qrsibueois
509 5158 592 5210 liceat
610 5166 708 5216 temere
725 5168 751 5214 et
767 5162 827 5214 eine
846 5161 912 5231 lopi-
940 5160 1181 5218 demonstrabitur.
1208 5165 1229 5213 2.
1247 5158 1305 5213 Nec
1317 5157 1397 5219 ineo,
1416 5158 1489 5227 quod
1505 5157 1663 5214 immediate
1681 5161 1771 5214 vocati

81 5248 149 5301 ama
175 5254 257 5316 atque
280 5248 430 5302 ordinaria
458 5245 601 5300 vocatione
631 5261 690 5299 ecee
714 5248 858 5303 intrudere
884 5250 913 5302 in
939 5249 1061 5306 habeant
1081 5244 1254 5317 privilegium
1271 5261 1327 5297 non
1354 5243 1480 5312 errandi,
1504 5261 1560 5315 quo
1587 5245 1772 5299 destituantur

81 5334 297 5388 ecelerioaticam
318 5333 510 5388 ministerium.
546 5331 585 5386 At
609 5331 660 5385 sito
688 5333 750 5402 ipro
771 5335 871 5389 ordine
888 5343 914 5388 et
939 5336 1029 5391 vocati
1048 5332 1181 5400 mediate,
1205 5329 1273 5383 illud
1292 5328 1364 5383 euim
1388 5331 1514 5400 quamvis
1532 5331 1566 5385 de
1584 5331 1725 5401 prophetis
1743 5339 1772 5388 et

81 5429 155 5476 natu
175 5421 301 5490 collapso
322 5428 347 5474 et
364 5421 520 5493 interecepto
538 5421 618 5474 Dera
647 5418 708 5489 ipat
732 5428 845 5488 praeter
868 5439 913 5476 or·
941 5421 1072 5496 apostolis
1094 5420 1121 5473 in
1140 5416 1231 5472 officio
1250 5416 1430 5486 praedicandi
1455 5424 1482 5473 et
1505 5416 1644 5472 scribendi
1663 5435 1772 5474 versam

82 5509 174 5562 ἀίιισιιι
196 5505 241 5561 vel
265 5507 359 5576 potiar
376 5515 494 5579 praeter
515 5525 619 5562 rnorem
643 5503 757 5559 eolitrsm
782 5508 914 5562 ecoleaioe
939 5509 1015 5564 tibus
1034 5508 1070 5561 eit
1085 5503 1268 5574 verissimum,
1298 5510 1391 5558 tamen
1417 5504 1572 5559 idololatria
1591 5502 1709 5557 Aaronie
1730 5505 1772 5558 iti-

131 5609 234 5652 annaei
248 5606 296 5647 loci.
316 5616 349 5659 η
1427 5614 1443 5663 4
