4020 6014
668 318 720 375 ne
735 317 989 377 manmena
1005 319 1195 380 remmom
1499 304 1504 311 '
1709 331 1776 390 err

87 475 128 525 to.
145 470 212 542 phil.
235 487 302 528 mar.
326 488 350 527 c.
370 478 417 529 tt:
443 474 547 529 Manat
566 475 611 529 teu
633 493 653 528 o
670 476 825 546 sapientia,
846 475 915 528 baec
945 490 1000 545 quo
1016 492 1087 531 noro
1105 475 1178 552 bene
1196 475 1233 532 de
1249 474 1392 545 republica
1410 477 1559 532 sentientes
1580 477 1659 548 quasi
1677 493 1778 533 noram

85 557 236 610 Mineruae
254 558 401 624 tribuitur,
418 560 577 630 sapientias
590 562 693 631 juncta
711 562 917 631 contemplatio,
941 560 1064 633 aliquam
1091 563 1181 635 legem
1207 561 1418 618 constituebant
1464 563 1575 619 Cealius
1602 562 1777 636 Rbodiginus
1789 569 1889 615 nun.

84 643 155 697 baso
181 644 306 699 saturno
335 642 472 715 couqruit.
519 649 655 718 Eeposoit
682 649 728 704 ise
750 655 917 719 potestatem
942 646 989 703 lib.
1011 655 1051 704 tt.
1068 650 1154 719 anun.
1174 649 1236 707 lect.
1250 666 1272 704 c
1293 654 1333 706 to.
1347 647 1443 704 itidem
1456 649 1529 722 legis
1546 668 1654 706 nomem
1671 651 1778 712 stimate

83 731 206 800 rapiam,
242 732 312 787 iaec
341 733 411 788 Joss'
439 734 586 800 tribuitur,-
615 737 738 804 esposuit
764 736 917 806 justitiam,
942 735 1052 806 accipit,
1070 735 1580 808 quandosdecretiseamdirtinguit
1609 737 1777 807 Ubicunqus,

83 833 157 887 quas
172 818 349 888 impes-timi,
367 822 576 890 Apoltoautem
590 822 642 878 Sol
654 823 776 893 dictur,-
795 822 918 893 esposuit
944 821 1047 892 inquit,
1068 823 1232 893 principum
1257 823 1441 876 institutiones
1464 831 1516 877 out
1533 823 1677 878 ciuitatum
1694 840 1777 878 omae

83 903 278 974 eloquentiam,
295 914 326 960 ut
344 909 566 977 permadeatur,
583 909 758 978 eloquentiae
771 926 836 964 uero
849 911 919 963 deses
943 924 1000 960 mou
1014 915 1093 977 suut,
1115 909 1167 963 boo
1194 918 1236 964 est
1258 911 1300 963 ad
1325 909 1458 979 optimum
1483 910 1593 964 ratione
1617 919 1697 965 certa
1720 927 1778 964 mon

83 990 246 1045 Mercurius
263 993 387 1061 tiuqitm.
944 994 1079 1062 diriqsmt,
1096 995 1169 1065 lepis
1184 996 1405 1065 haudquaquam
1422 994 1553 1049 uideretur
1569 998 1778 1066 muooupats'oae

118 1080 178 1133 218.
219 1077 312 1133 Causa
336 1079 557 1137 instrumentalis
587 1086 615 1137 et
637 1080 802 1135 immediata
823 1081 917 1152 legum
942 1096 1058 1135 sacram
1076 1082 1180 1150 diqmae
1204 1081 1300 1146 tituto,
1323 1083 1448 1152 quinimo
1467 1084 1580 1136 dmeta
1601 1083 1663 1139 dici
1674 1083 1777 1152 serius,

35 1159 263 1233 ffipmitivnum
291 1171 357 1220 suut
380 1171 532 1236 νομοθέιοι
561 1166 590 1221 in
614 1167 738 1238 qualibet
764 1166 916 1237 republica,
942 1167 1070 1222 edictam
1087 1185 1123 1222 oe
1141 1169 1284 1238 instituto,
1309 1170 1449 1239 siquidem
1473 1168 1519 1222 les
1536 1186 1619 1237 esra,
1642 1170 1687 1224 leo
1704 1171 1777 1224 bona

84 1248 133 1319 qni
159 1252 264 1306 semina
292 1250 362 1323 legis
390 1253 525 1308 naturalis
555 1252 632 1308 cordi
655 1253 740 1308 insita
770 1252 918 1325 diligenter
943 1260 991 1320 est,
1011 1260 1129 1308 osteum
1147 1255 1213 1309 ium
1230 1263 1258 1309 et
1276 1256 1438 1309 mutationis
1454 1273 1574 1324 prorem
1592 1256 1702 1325 semeia,
1719 1257 1777 1309 imo

35 1378 37 1386 .
85 1337 263 1393 excoluerunt
280 1344 308 1393 et
327 1345 464 1408 potestate
489 1340 687 1411 rempublicam
705 1340 917 1395 administrandi
942 1346 970 1391 st
987 1341 1085 1393 eadem
1097 1341 1207 1411 ubique,
1223 1343 1251 1395 si
1265 1343 1349 1396 modo
1365 1357 1441 1397 varo.
1473 1341 1548 1394 Nam
1566 1357 1638 1410 quas
1652 1342 1777 1411 impertio·

35 1458 42 1474 .
85 1422 217 1479 divinitus
241 1425 369 1480 instructi
397 1425 433 1480 ad
459 1425 534 1481 illius
560 1427 678 1482 salutem
695 1434 780 1498 etque
799 1443 916 1482 commo-
941 1442 1005 1478 rum
1023 1427 1142 1494 afflatu,
1167 1428 1285 1482 nitiade
1303 1428 1388 1496 loeis,
1412 1428 1583 1495 temporibus
1603 1428 1776 1497 interpolata

85 1509 152 1565 dum
175 1513 391 1582 promovendum
417 1529 451 1569 ex
472 1512 571 1568 babitu
592 1513 755 1584 prudentiae
771 1513 848 1586 leges
867 1530 916 1585 po·
942 1510 1124 1578 &utinquitur
1140 1520 1169 1567 st
1187 1513 1289 1568 Protei
1305 1516 1388 1569 modo
1404 1516 1529 1579 fororum
1547 1515 1670 1582 suariae,
1687 1514 1775 1568 ceum-

83 1596 180 1652 sitiraa
197 1598 415 1669 depromserunt.
448 1598 734 1656 Intellexeruntenim
751 1607 916 1654 exuatur-ac
942 1613 1025 1665 quam
1043 1598 1089 1651 teo
1104 1600 1227 1655 ds'oeuda
1246 1607 1294 1655 est.
1327 1600 1400 1656 Sane
1420 1616 1492 1672 quae
1511 1601 1555 1655 lex
1571 1616 1638 1656 sera
1656 1607 1685 1657 et
1701 1601 1775 1657 bona

84 1683 147 1737 laos
165 1690 194 1739 et
211 1687 399 1756 aperissem
416 1687 593 1755 mapieterio,
617 1686 653 1740 ad
672 1686 807 1756 cujusque
824 1684 915 1755 reipu·
940 1698 996 1737 non
1006 1690 1055 1753 est,
1073 1701 1108 1740 aa
1118 1686 1269 1758 aequivoce
1280 1686 1417 1741 duntaxat
1429 1685 1475 1742 lex
1492 1694 1542 1743 est.
1569 1685 1668 1744 Cicero
1686 1687 1734 1742 lib.
1747 1694 1772 1745 2.

83 1769 173 1826 blicse
202 1771 311 1827 felicem
338 1772 568 1844 gubernationem
594 1773 640 1828 rel
669 1772 786 1827 maxime
812 1771 915 1842 requiri
941 1769 977 1824 de
993 1768 1061 1841 leg:
1079 1774 1167 1841 hspes
1185 1774 1599 1843 iniquosquatmusaratione
1619 1775 1771 1839 declinant,

82 1855 227 1927 εὐνομίαν,
245 1858 339 1931 legum
351 1859 456 1916 scilicet
468 1859 644 1915 honestarum
658 1858 914 1930 promulgationem,
940 1873 996 1910 uon
1015 1861 1099 1913 modo
1121 1861 1196 1928 leqss
1217 1861 1363 1916 tumidae
1380 1880 1437 1915 sorr
1455 1869 1532 1931 sunt,
1551 1864 1604 1916 ssd
1625 1879 1675 1916 aec
1694 1862 1772 1932 opst

82 1942 189 2014 absque
218 1961 273 2015 qua
298 1945 414 2023 sinapio
436 1951 466 2001 et
492 1943 604 2017 εὐτυχία
625 1946 654 2000 in
681 1945 795 2000 civitate
822 1945 914 1999 locam
940 1944 1045 1999 landae
1062 1947 1183 2015 quidem.
1217 1947 1316 2004 Exeo
1339 1965 1403 2005 vero
1426 1949 1520 2021 colligi
1537 1949 1647 2020 nequit,
1663 1965 1771 2006 omnem

37 2044 71 2084 tn
81 2027 185 2086 babere
195 2031 301 2102 nequit.
331 2030 473 2088 Triarero
487 2032 516 2087 in
529 2031 711 2104 legumlatore
723 2031 914 2104 requiruntur:
940 2028 1031 2102 legem
1055 2047 1117 2088 esse
1142 2040 1285 2089 aetmnem
1311 2039 1341 2090 et
1366 2034 1580 2105 immutabilem,
1606 2036 1673 2106 quia
1695 2035 1771 2090 aliud

34 2122 44 2213 L
83 2120 108 2172 1.
134 2119 253 2187 publica
279 2127 419 2188 potestas,
449 2119 515 2192 quia
542 2119 665 2190 privatas
695 2134 826 2190 personas
855 2134 912 2174 non
941 2116 1045 2173 bonum
1071 2117 1177 2187 ἁπλῶς,
1210 2121 1287 2176 aliud
1317 2127 1372 2175 τινί
1399 2137 1432 2177 ac
1458 2121 1574 2178 dirersis
1602 2121 1772 2192 reipublicae

45 2206 53 2219 '
84 2209 193 2275 spectat
210 2205 288 2276 leges
304 2204 386 2268 ferre,
407 2205 457 2260 sed
473 2205 565 2277 potius
583 2205 693 2277 legibue
711 2223 823 2277 parere,
840 2204 915 2261 acsi
938 2204 1111 2275 temporlbus
1134 2221 1168 2260 ac
1194 2206 1313 2262 statibus
1338 2206 1466 2262 diversae
1491 2208 1567 2280 leges
1596 2209 1772 2278 conveniunt,

83 2290 130 2344 rel
153 2291 272 2346 maxime
295 2292 419 2362 privatus
443 2291 646 2364 legislationem
669 2291 724 2346 sibi
747 2290 914 2360 vendicaret,
939 2290 1058 2363 ideoque
1082 2293 1112 2347 in
1139 2292 1262 2362 generali
1290 2291 1493 2364 significatione
1516 2293 1562 2348 ler
1587 2294 1708 2365 positiva
1731 2301 1773 2350 est

83 2382 176 2434 nmen
193 2383 332 2448 potestate
350 2378 519 2450 exsequendi
537 2380 627 2451 legem
655 2378 863 2449 destitueretur,
885 2384 915 2432 at
939 2377 1082 2447 quaelibet
1106 2378 1266 2434 mustitntio
1289 2377 1410 2434 hnmana
1436 2397 1454 2435 a
1479 2396 1646 2451 quocunque
1661 2380 1771 2453 legisla-

80 2463 194 2519 lersine
206 2465 381 2521 exsecutione
393 2471 578 2536 estoampana
590 2465 650 2520 sine
663 2465 775 2536 pistillo.
801 2471 827 2520 2.
840 2467 914 2519 Pru·
938 2471 999 2518 tore
1017 2470 1154 2536 potestate
1170 2469 1337 2540 νομοθετικῇ
1353 2466 1489 2523 instructo
1506 2466 1695 2538 promulgata,
1713 2467 1771 2523 sire

81 2551 179 2605 dantia
205 2552 346 2607 dis-actrix.
385 2550 456 2606 Cum
482 2550 556 2606 enim
580 2550 624 2607 lex
648 2551 782 2607 rationem
810 2550 911 2623 guber·
939 2550 976 2605 ad
989 2557 1099 2622 tempus
1122 2552 1260 2607 duntaxat
1284 2551 1457 2608 observanda
1471 2552 1689 2624 praescribatur,
1713 2553 1771 2609 sire

80 2638 166 2692 nandi
185 2645 213 2693 et
229 2654 352 2693 normam
372 2638 474 2709 agendi
500 2638 687 2709 praescribere
707 2638 824 2709 debeat,
848 2638 912 2693 ideo
938 2637 969 2691 in
997 2642 1162 2709 perpetuum
1189 2638 1282 2711 rigere
1309 2639 1423 2708 debat,
1449 2640 1532 2695 modo
1555 2654 1610 2694 non
1634 2644 1772 2712 repugnet

80 2740 188 2780 summa
198 2725 227 2780 in
238 2725 419 2798 legumlatore
430 2725 579 2796 prudentia
594 2726 750 2797 requiritur,
767 2742 818 2797 per
828 2743 913 2798 quam
936 2723 994 2794 juri
1011 2725 1144 2794 naturali,
1169 2725 1218 2781 sed
1237 2726 1274 2781 sit
1287 2727 1366 2797 justa
1389 2732 1420 2782 et
1436 2725 1549 2797 publico
1565 2727 1771 2782 communitatis

81 2810 110 2866 in
118 2811 291 2883 legislatione
305 2830 338 2868 nc
351 2819 507 2885 νομοθεσίᾳ
519 2813 662 2885 dirigatur.
675 2816 702 2869 3.
716 2813 796 2867 Boni
803 2813 914 2883 publici
940 2811 1012 2865 bono
1031 2811 1170 2868 inserviat.

80 2901 213 2954 studium.
260 2898 336 2953 Finis
367 2899 440 2955 enim
471 2899 541 2971 legis
569 2904 612 2954 est
639 2899 744 2954 bonum
768 2898 913 2970 publicum
974 2900 1033 2953 219.
1074 2896 1223 2962 Quaeritur
1247 2896 1321 2953 circa
1352 2914 1465 2954 causam
1486 2897 1652 2954 efficientem
1676 2899 1771 2971 legum
1784 2907 1854 2961 Qut.
1867 2908 1901 2950 sn

80 3000 248 3057 promovere,
268 3000 335 3058 ergo
353 2986 389 3040 ad
406 2985 476 3041 illud
495 2993 629 3059 tanquam
649 2987 686 3042 ad
704 3002 819 3057 scopum
831 2986 913 3058 legis·
940 2987 963 3037 1.
982 2984 1030 3039 Aa
1048 2986 1232 3053 mopsbtratus
1250 2985 1352 3039 tatem
1369 2986 1460 3054 ispum
1481 3002 1618 3040 novarum
1629 2987 1770 3053 ferenda
1783 2961 1911 3052 331,Ὧᾷ

80 3071 153 3128 lator
181 3073 264 3128 unice
292 3073 374 3128 decet
410 3072 547 3143 respicere
577 3079 605 3128 et
636 3073 818 3145 cogitationes
849 3088 914 3127 snas
940 3089 1000 3124 rum
1016 3073 1203 3141 potestatemt
1241 3070 1427 3142 Oarolstadio,
1444 3071 1640 3142 Anabaptistis
1664 3079 1693 3127 et
1709 3071 1770 3127 aliis
1783 3063 1914 3164 {222}qu

80 3175 177 3216 omnes
197 3177 230 3216 eo
250 3159 376 3231 dirigere
413 3159 532 3215 Ratione
549 3159 633 3230 hujus
649 3175 750 3216 musae
767 3158 914 3214 efficientis
939 3155 1068 3212 fanaticis
1093 3157 1244 3212 absurdum
1268 3157 1358 3213 risum
1381 3156 1449 3228 fuit,
1477 3157 1554 3230 leges
1572 3158 1695 3215 forenses
1712 3159 1769 3214 Mo
1782 3170 1885 3259 netga

82 3247 299 3303 instrumentalis
326 3254 354 3302 et
376 3246 553 3302 immediatae
578 3245 697 3301 Romani
723 3245 915 3318 jurisconsulti
939 3243 1029 3297 aaicas
1048 3243 1143 3299 aDeo
1161 3245 1223 3314 ipso
1240 3243 1429 3316 promulgatas
1452 3245 1482 3299 in
1502 3244 1605 3316 populo
1620 3244 1675 3300 Dei
1694 3250 1723 3300 et
1740 3244 1770 3301 in
1783 3225 1829 3260 Μ

83 3333 171 3403 lsqem
196 3333 309 3405 speciali
339 3333 524 3404 appellatione
548 3333 588 3387 slc
612 3332 716 3388 dictam
739 3333 915 3404 distinguunt
939 3329 1097 3386 Christiana
1122 3329 1266 3402 republica
1283 3346 1339 3385 non
1357 3329 1512 3400 observari,
1531 3331 1581 3386 sed
1599 3347 1694 3387 earum
1710 3331 1770 3388 loco

83 3436 103 3474 a
116 3420 287 3490 plebiscitis,
309 3428 425 3475 serratus
450 3420 596 3488 commitis,
619 3427 787 3491 praetorum
805 3420 913 3485 adimis,
939 3416 1016 3488 leges
1043 3415 1139 3472 ciriles
1167 3417 1203 3472 ab
1233 3416 1446 3490 imperatoribus
1474 3416 1622 3487 Romanis,
1652 3433 1770 3488 quorum

77 3507 345 3577 jurisconsultorum
370 3508 515 3577 responsis
540 3515 566 3561 et
588 3507 790 3578 imperatorum
814 3508 914 3561 eonsti-
939 3503 1053 3575 quidam
1068 3502 1147 3559 fuere
1160 3501 1272 3569 ethnici,
1290 3503 1397 3557 noviter
1409 3502 1563 3574 propositas
1575 3503 1707 3573 obtinere,
1720 3503 1770 3559 sed

83 3595 249 3659 autonium,
276 3599 309 3649 ut
334 3592 428 3649 sidere
457 3593 535 3650 estl
556 3598 580 3649 1.
605 3593 669 3648 inst.
688 3593 730 3648 tit.
750 3600 775 3650 2.
800 3592 914 3663 dejure
939 3591 969 3645 in
985 3593 1106 3645 eseam
1126 3589 1161 3644 de
1179 3588 1263 3660 legib.
1289 3604 1388 3646 cerem
1406 3594 1435 3645 et
1453 3589 1553 3647 ferens.
1571 3587 1600 3663 ξ.
1619 3596 1661 3646 39.
1679 3598 1769 3647 osten·

82 3681 211 3750 naturali,
229 3681 355 3752 gentium
372 3688 400 3736 et
418 3679 501 3735 cirili
536 3680 595 3735 Les
613 3680 681 3752 ipsis
700 3686 757 3750 est,
775 3681 848 3752 qnod
864 3697 913 3752 po-
940 3677 1045 3746 dimus,
1072 3676 1149 3748 leges
1176 3676 1238 3730 illas
1263 3673 1386 3730 forenses
1410 3692 1444 3731 ac
1464 3676 1615 3746 judiciales
1639 3677 1771 3748 alioyse

82 3766 165 3838 pulus
183 3768 324 3823 Romanus
346 3767 482 3823 senatorio
506 3767 671 3839 magistratu
696 3766 782 3822 veluti
800 3767 913 3823 consule
938 3762 1127 3834 promulgatas
1138 3777 1194 3816 una
1206 3778 1269 3815 cum
1280 3759 1379 3831 politia
1391 3761 1515 3817 Moesica
1532 3777 1593 3819 esse
1614 3762 1771 3835 abrogatas,

81 3854 271 3926 interrogante
284 3853 483 3922 consutuebat3
494 3854 671 3924 plebiscitum
683 3860 733 3921 est,
746 3854 821 3926 qnod
833 3854 912 3925 plebs
938 3847 1115 3920 pertinebant
1124 3848 1197 3903 enim
1205 3847 1242 3901 ad
1251 3843 1424 3918 μεσότοιχον,
1436 3849 1615 3903 interstitium
1624 3850 1770 3919 macerias,
1783 3853 1837 3898 nv.
1849 3852 1882 3897 tc

81 3941 192 4012 plebejo
214 3941 378 4012 magistratu
400 3941 589 4013 interrogante
609 3940 695 3996 veluti
713 3940 826 3996 uibuno
848 3957 912 3996 con·
938 3951 994 4006 quo
1012 3933 1113 3991 iudaei
1138 3940 1167 3990 et
1183 3939 1281 4004 gentes
1298 3932 1561 3991 discriminabantur
1578 3942 1607 3991 et
1623 3935 1770 4008 complexu

82 4028 231 4096 stituebst3
248 4028 518 4083 senatusconsultum
533 4031 583 4096 est,
600 4026 676 4098 quod
688 4031 800 4082 senatus
812 4027 912 4082 Roma·
939 4022 1009 4091 ituit
1027 4020 1227 4074 mendatorum
1246 4020 1277 4073 in
1293 4021 1411 4076 decretu
1429 4022 1501 4076 sitae
1519 4029 1548 4078 et
1564 4022 1703 4078 aOhristo
1720 4021 1769 4078 ab

81 4131 136 4170 nus
168 4115 245 4170 nullo
273 4115 386 4170 tribuno
415 4114 604 4170 intercedente
634 4111 790 4183 sanciebat;
821 4116 913 4169 edicta
937 4114 1052 4181 rogatae
1068 4106 1141 4179 pr.
1159 4112 1189 4173 2,
1213 4125 1239 4164 r.
1259 4115 1300 4165 14.
1318 4114 1347 4164 et
1367 4115 1407 4166 rt·
1425 4110 1600 4166 continentur
1616 4117 1645 4166 et
1662 4124 1768 4166 aecem·

79 4209 245 4272 praetecum
263 4206 341 4271 sunt,
370 4217 441 4273 quae
466 4206 526 4256 tum
551 4206 692 4271 praetores
711 4199 825 4268 urbani,
853 4206 913 4255 tum
938 4197 1067 4251 modatae
1084 4194 1199 4251 fuerunt
1215 4195 1252 4249 ad
1272 4198 1363 4251 certas
1381 4193 1445 4261 loci,
1463 4197 1604 4267 temporis,
1621 4212 1768 4251 causarum

83 4287 187 4344 aediles
205 4288 323 4358 curules,
341 4293 490 4359 antequam
508 4285 702 4358 magistratum
721 4285 830 4355 inirent,
848 4303 913 4342 ecn-
939 4287 967 4340 et
989 4298 1166 4353 personarum
1192 4281 1411 4336 circumstantias
1437 4282 1466 4336 in
1489 4282 1586 4353 politia
1615 4282 1770 4337 Israelitica
1813 4298 1815 4302 ·

82 4375 241 4431 scribebant
260 4380 288 4430 et
306 4375 336 4430 in
353 4373 427 4442 albo,
447 4373 498 4430 hoc
519 4380 561 4429 eat
578 4371 675 4428 tabula
693 4372 829 4442 dealbata,
849 4390 912 4444 pro·
925 4422 927 4427 .
939 4368 1133 4437 observandas,
1146 4368 1264 4439 ideoque
1275 4368 1410 4439 obligatio
1422 4383 1516 4423 earum
1529 4367 1583 4423 fuit
1593 4368 1769 4440 temporarie,

83 4461 238 4535 ponebant,
262 4467 295 4516 ut
312 4461 451 4532 quomodo
470 4477 543 4516 anno
562 4474 612 4515 suo
628 4461 676 4531 jue
693 4459 795 4514 dicturi
814 4432 1013 4567 essenthuae
1044 4454 1216 4511 cessantibus
1240 4453 1296 4508 illis
1328 4455 1540 4509 circumstantiis
1568 4454 1631 4524 ipsa
1660 4470 1770 4526 quoque

82 4549 170 4606 cuivis
187 4548 342 4620 intelligere
361 4548 471 4617 liceret3
496 4565 634 4618 rcepoma
650 4547 914 4615 iurisconsultorum
941 4540 1067 4599 cessarit.
1111 4539 1271 4595 “Piscator
1294 4540 1324 4595 in
1350 4540 1469 4611 append.
1493 4540 1531 4595 ad
1555 4539 1660 4596 obserr.
1687 4557 1711 4597 c.
1728 4546 1795 4611 tr..

81 4634 127 4692 rel
144 4635 313 4706 prudentum
330 4640 394 4689 sunt
407 4635 672 4700 sententiaeeorum,
690 4633 915 4706 quibuspermis·
942 4635 983 4686 22.
1008 4635 1037 4683 et
1061 4632 1103 4682 23.
1151 4627 1194 4682 Ex
1217 4625 1339 4698 praefixa
1360 4632 1504 4681 comment.
1523 4627 1558 4694 ¹in
1576 4626 1626 4681 Er.
1643 4626 1700 4684 late
1719 4626 1771 4683 hac

83 4739 144 4777 sum
164 4728 224 4778 erat
242 4721 355 4792 dejure
372 4720 547 4793 respondere,
566 4720 731 4793 quitantam
752 4717 977 4779 obtinebantrde
997 4731 1028 4770 re
1050 4713 1175 4769 diesem:
1206 4713 1353 4783 Oblipatus
1380 4721 1421 4767 eet
1441 4711 1566 4783 populus
1596 4714 1772 4769 Christianus

82 4809 283 4871 auctoritatem,
301 4814 333 4863 ut
353 4807 442 4877 judici
460 4806 497 4863 ab
517 4824 612 4863 eorum
630 4822 763 4878 responso
780 4823 836 4862 non
851 4807 916 4863 lice·
927 4784 929 4851 l
942 4804 984 4858 ad
996 4818 1044 4856 eas
1058 4801 1133 4869 lepos
1154 4800 1301 4855 Moesicos
1314 4799 1487 4869 judiciales,
1505 4816 1577 4870 quae
1591 4802 1773 4872 praecipiunt

82 4902 126 4952 ret
149 4894 291 4963 receder03
319 4894 484 4964 princepum
502 4893 617 4962 placita
644 4893 688 4947 eet
715 4893 916 4962 imperatorum
927 4932 930 4963 ,
943 4891 978 4943 de
995 4888 1078 4942 retus
1089 4887 1307 4942 immutabilibus
1318 4893 1344 4940 ot
1355 4888 1478 4943 ommium
1491 4887 1613 4956 gentium
1624 4889 1772 4943 communi·

84 4980 291 5037 comtitutiouer
315 4985 380 5033 aunt
401 4980 462 5050 jue,
490 4978 565 5051 quod
591 4979 771 5049 imperatores
798 4976 1006 5040 Romani¹bus,
1022 4991 1079 5028 mom
1094 4980 1186 5027 autem
1210 4974 1251 5026 ad
1270 4989 1332 5040 aas,
1351 4989 1424 5042 quoe
1439 4973 1621 5044 praecipiunt
1638 4976 1675 5028 de
1689 4974 1773 5030 rebeus

83 5072 221 5139 occupata
239 5066 384 5137 republica
402 5063 447 5119 rel
470 5064 625 5135 rescriptis,
647 5064 693 5117 rel
717 5063 850 5134 decretis,
872 5014 1121 5123 velimutobstibur
1137 5067 1165 5114 et
1183 5059 1327 5113 Judaioas
1352 5059 1410 5113 aiae
1427 5060 1607 5117 Irrotliticos
1626 5062 1704 5132 penti
1716 5078 1773 5132 pro

83 5152 181 5209 edictis
205 5151 422 5220 constituebant,
443 5148 584 5219 rescripto
605 5156 699 5218 erant,
722 5148 823 5221 quibus
842 5126 994 5222 prin-letto
1015 5154 1148 5215 tempore,
1168 5161 1230 5198 cum
1249 5144 1343 5199 adbuc
1361 5161 1457 5200 eorum
1472 5147 1579 5217 politia
1594 5155 1690 5217 staret,
1703 5162 1771 5218 pro·

84 5240 159 5311 cipes
182 5240 217 5294 ad
235 5238 344 5295 libellos
364 5236 503 5307 supplices
524 5240 553 5289 et
580 5235 616 5289 ad
635 5235 849 5307 magistratuum
867 5236 916 5291 ab·
940 5234 1022 5306 priis.
1062 5233 1119 5287 Res
1137 5230 1257 5285 omnium
1274 5231 1396 5300 qmtium
1412 5249 1576 5300 communes,
1593 5235 1628 5289 id
1643 5243 1683 5288 cst
1701 5248 1772 5304 quae

55 5336 58 5340 ’
84 5325 202 5382 sentium
220 5323 436 5380 consultationes
450 5319 676 5392 respondebant;
704 5316 818 5377 decreta
839 5330 917 5378 erant
941 5324 972 5377 iu
991 5335 1084 5376 omnes
1101 5317 1208 5372 eadunt
1223 5326 1250 5372 et
1265 5326 1393 5388 respectu
1409 5327 1531 5374 naturas
1547 5337 1617 5375 suos
1633 5336 1668 5374 ac
1680 5321 1774 5376 meriti

84 5411 252 5481 sententiae,
276 5427 344 5483 quas
363 5408 503 5482 principes
521 5422 606 5463 cansa
624 5408 736 5480 cognita
753 5413 783 5463 et
798 5413 916 5483 utraque
942 5405 1135 5468 immutabiles,
1153 5410 1218 5458 mm
1236 5404 1341 5458 delicta
1352 5405 1484 5474 moralia,
1502 5404 1536 5459 id
1552 5412 1593 5461 est
1609 5413 1707 5462 omtra
1725 5408 1772 5463 ds·

83 5503 164 5571 parte
176 5496 271 5552 andita
281 5495 511 5568 pronuntiabant3
529 5494 623 5550 edicta
633 5508 708 5559 raro,
720 5493 821 5566 quibus
832 5492 917 5549 iidem
942 5491 1072 5564 coloqum
1087 5489 1232 5559 admissa,
1248 5498 1281 5546 ut
1295 5491 1484 5556 homicidium,
1500 5490 1686 5564 adulterium,
1708 5495 1773 5561 fus·-

83 5598 141 5642 non
159 5584 196 5640 de
212 5590 289 5641 certa
306 5583 428 5657 quadam
448 5580 649 5651 manutersit,
666 5579 848 5653 seddajure
865 5579 916 5638 all·
945 5586 1018 5646 um,
1040 5576 1167 5635 ”dimac
1192 5592 1213 5633 a
1232 5581 1394 5651 osroDso,
1419 5577 1604 5650 emissan,
1625 5582 1772 5655 metreta
