4020 6014
239 244 301 305 sse
411 222 416 231 '
834 240 1077 305 cousrucrus
1103 247 1218 307 saxu
1237 250 1340 309 rom.

325 394 428 452 SECT.
448 395 471 452 1.
489 395 534 452 De
556 402 694 468 potestate
712 397 841 470 politica,
866 416 922 471 qua
940 399 1088 499 divinitus!
1307 410 1442 477 menum,
1460 424 1555 463 seram
1578 406 1684 464 scilicet
1699 408 1865 481 religionem
1882 424 1939 463 ma·

447 482 600 538 instructus
617 488 660 539 est
678 484 857 556 magistratus
873 504 901 557 p.
920 492 977 543 318.
1006 512 1021 535 ι
1309 493 1444 565 giam
1460 494 1538 565 apud
1564 493 1690 550 subditos
1710 512 1875 567 promouere
1894 497 1940 552 de·

327 584 428 642 SECT.
446 586 484 642 11.
520 585 566 641 De
600 587 684 643 variis
714 589 859 659 speciebus
894 590 1074 661 magistratus
1309 581 1376 636 Μ
1392 598 1420 651 Ρ·
1441 584 1499 636 3⁴²·

448 691 476 744 p.
495 678 554 729 322.
816 706 819 713 ·
1085 700 1088 725 ¹
1137 683 1330 741 MEMBRUM
1347 683 1384 739 H.
1404 683 1548 749 Quomodo
1573 684 1752 756 magistratus
1778 685 1855 756 apud
1876 686 1941 742 sub·

325 773 424 829 SEO'l'.
442 774 496 832 111.
515 774 559 829 De
578 775 661 829 variis
680 776 960 847 rerumpublicarum
979 777 1073 832 formis
1311 769 1383 825 ditos
1406 769 1531 825 obtinere
1551 771 1652 843 possit,
1669 779 1701 825 ut
1719 771 1897 829 honestatem
1914 779 1942 828 et

447 878 480 916 ac
500 860 649 933 generibus
669 878 695 932 p.
715 867 772 917 325.
1085 848 1088 1065 Ι
1305 855 1443 927 justitiam
1461 857 1554 913 colant
1570 875 1597 928 p.
1618 862 1677 913 373.

273 963 355 1020 CAP,
377 962 425 1020 Ἡ
444 963 488 1020 De
507 963 563 1019 fine
579 970 608 1019 et
625 963 727 1019 effectu
747 964 925 1037 magistratu„
944 984 980 1036 p„
991 973 1049 1023 329ι
1240 941 1460 1000 ARTICULUS
1478 943 1498 1000 Ι.
1516 943 1561 998 De
1580 943 1689 1016 legibus
1707 943 1832 1015 politicis
1845 964 1872 1016 p.
1882 950 1942 1002 334.

326 1066 427 1124 SEOT.
445 1066 469 1124 1.
500 1067 645 1134 Quomodo
678 1066 855 1139 magistratus
885 1085 953 1141 erga
982 1070 1088 1125 Deum·
1242 1044 1837 1120 ARTICULUSH·D⁰J'¹¹(¹5051⁸P·⁴¹¹·

447 1169 507 1207 sese
524 1168 621 1223 gerere
639 1152 741 1207 debeat
759 1171 785 1223 p.
804 1158 863 1210 330.
1085 1202 1088 1251 Ι
1240 1148 1467 1206 ARTICULUS.
1485 1148 1539 1204 111.
1557 1151 1601 1206 De
1616 1151 1759 1222 suppliciis
1776 1170 1804 1223 p.
1818 1157 1879 1208 425.

326 1254 426 1312 SECT.
444 1255 482 1311 ΙΙ.
514 1254 657 1320 Quomodo
679 1255 860 1327 magistratus
882 1274 944 1314 sose
973 1257 1074 1313 debeat
1189 1251 1290 1308 SEUP.
1309 1252 1359 1307 VI.
1379 1251 1523 1317 Quomodo
1549 1255 1727 1325 magistratus
1751 1272 1823 1326 ergo
1849 1255 1945 1312 hostes

447 1358 543 1411 gerere
561 1357 629 1412 erga
644 1358 674 1397 se
692 1342 783 1413 ipsum
800 1361 828 1413 p.
847 1348 906 1400 332.
1310 1355 1370 1394 sese
1389 1356 1486 1410 gerere
1499 1339 1600 1395 debeat
1618 1359 1645 1411 p.
1665 1346 1724 1397 478.

327 1425 429 1484 SECT.
448 1426 500 1481 111.
519 1426 664 1491 Quomodo
686 1428 865 1501 moautrotuo
884 1435 960 1485 recu
978 1446 1009 1485 oo
1026 1445 1073 1501 ge·
1136 1440 1328 1499 MEMBRUM
1347 1440 1397 1496 111.
1416 1440 1561 1506 Quomodo
1579 1442 1613 1497 ue
1625 1442 1683 1497 vita
1703 1444 1800 1515 quicto
1820 1452 1849 1500 et.
1867 1452 1944 1499 tran-

447 1529 508 1567 rcre
527 1512 631 1569 debeat
656 1530 725 1587 erga
752 1513 905 1571 familiares
932 1521 961 1571 et
981 1515 1088 1603 dome-l
1309 1526 1397 1599 quilla
1414 1528 1593 1599 magistratus
1616 1529 1734 1589 subditis
1760 1533 1820 1585 suis
1851 1533 1944 1603 provi-

447 1599 530 1654 sticos
551 1618 578 1669 p.
598 1604 655 1655 334.
1085 1616 1088 1759 μ
1311 1613 1377 1669 dere
1395 1613 1496 1668 debeat
1512 1633 1539 1684 p.
1560 1620 1617 1671 478.

324 1684 425 1741 SEU·
444 1685 493 1739 IV·
511 1684 656 1783 Qu⁰mqq⁰
668 1686 923 1758 m⁸ssi⁸t¹²t¹¹⁸erg⁸
935 1687 1073 1785 aefiualffl’
1138 1714 1221 1773 CAP.
1240 1716 1303 1771 VII.
1323 1716 1366 1771 Dc
1386 1715 1524 1786 adjunctis
1549 1717 1727 1788 magistratus
1745 1736 1771 1788 p.
1794 1725 1854 1774 521.

445 1787 552 1827 ricinos
578 1772 686 1826 scrhcet
709 1771 825 1842 populos
849 1780 878 1826 et
897 1779 1088 1845 magrstratus'

1085 1834 1089 1917 ῐ
1137 1819 1217 1876 CAP.
1239 1820 1315 1876 Vlll.
1337 1819 1381 1875 De
1399 1821 1544 1875 contrariis
1572 1822 1749 1894 magistratui
1768 1823 1947 1879 adversanti·

342 1902 349 1914 .
393 1894 396 1899 -
447 1857 516 1912 alios
533 1872 594 1913 sese
610 1874 708 1929 gerere
726 1856 829 1912 debeat
846 1876 873 1928 p.
894 1864 951 1915 336.

324 1943 424 1998 SEOI'.
441 1944 476 1999 V.
496 1942 640 2007 Quomodo
658 1942 837 2014 magistratus
862 1961 930 2015 erga
949 1945 1088 2000 subditos¹
1311 1906 1363 1961 bu⁵
1380 1924 1406 1976 p·
1427 1912 1485 1961 ⁵²⁶·
1578 1936 1587 1953 '
1632 2011 1660 2023 ..

449 2046 510 2085 ,θη
527 2046 622 2100 gerere
641 2028 742 2084 debeat
758 2046 785 2099 p·
804 2034 863 2086 340,
1136 2010 1234 2065 PARS
1253 2009 1476 2079 Posuualoa,
1503 2010 1538 2065 de
1557 2011 1676 2066 subditis
1692 2031 1720 2083 p.
1738 2021 1801 2068 527.

187 2130 195 2143 ‘
273 2114 466 2174 MEMBRUM
484 2116 506 2173 Ι.
526 2116 670 2183 Quomodo
687 2115 818 2187 pictatem
839 2116 956 2187 ejusque
976 2118 1089 2181 lunda„
1140 2114 1289 2171 Conclusio
1308 2113 1446 2187 generalis
1466 2133 1492 2185 p.
1514 2120 1573 2171 tul.

640 2625 909 2711 FINIS
955 2627 1229 2711 SEXTI
1272 2628 1525 2711 TOMI.

764 5547 902 5605 distulerat,
914 5561 940 5597 su
953 5552 1099 5609 typographos
1112 5553 1190 5596 aulico.
1216 5555 1253 5601 ill.
1267 5556 1292 5598 Δ.
1306 5557 1396 5610 Pieres.)
