4020 6014
535 310 538 317 .
600 266 654 323 DE
672 268 927 329 mulserunt
945 270 1133 331 romuleo.
1404 288 1407 309 ¹
1648 279 1706 345 Udi

10 429 45 483 sd
61 423 250 482 odediartim
263 424 293 478 si
303 423 385 479 raas
402 422 584 490 odlr'gratr'oais
600 440 709 493 copore,
722 425 763 478 ita
780 425 844 477 rud·
858 424 989 503 ,arbitrio
1007 426 1161 497 principem
1179 444 1196 483 e
1213 427 1283 481 solio
1300 427 1463 495 deturbare,
1487 428 1538 483 scd
1556 444 1663 487 summo
1681 436 1711 487 ct

10 514 62 569 att
86 530 108 566 a
130 512 302 579 manarate
320 518 439 581 portant
462 510 583 571 deficere
607 511 687 580 siqua
704 510 955 577 resteterafunico
973 513 1153 584 magistratus
1169 512 1269 583 J'udici,
1278 512 1340 567 Deo
1359 514 1473 582 scillcet,
1491 513 1520 567 id
1539 530 1620 571 omne
1636 530 1710 572 com·

10 602 146 669 rioupita
164 598 247 651 illius
263 598 394 661 foedaris
413 599 649 663 tranrprerliatan
669 598 744 668 quod
763 612 846 669 argu-
858 600 861 685 j
872 597 993 653 mittant
1026 599 1220 654 Tala-andum
1245 606 1288 652 est
1299 600 1459 669 patienter,
1488 600 1581 669 inquit
1598 602 1711 657 Aeneas

10 696 129 743 neutum
150 684 272 754 urgebat
287 682 441 755 Gregorius
453 682 590 740 VILcum
599 684 740 737 Romanoa
749 681 787 736 ab
798 682 847 737 ob·
858 714 861 795 .
873 682 984 752 Sylvius
1000 684 1030 737 iu
1048 683 1096 739 lib.
1114 684 1152 739 de
1170 690 1221 739 ort.
1239 692 1268 739 et
1284 690 1390 739 eumer.
1408 684 1504 757 imper.
1521 686 1602 741 Rom.
1622 702 1647 741 c
1668 694 1709 744 to.

10 770 129 825 missua
140 769 256 825 Hennci
266 768 316 824 IV.
330 768 472 823 abducere
485 769 578 825 vellet.
607 768 1013 847 Qamadaodmnlqas’dpsid
1030 771 1168 839 princeps
1186 773 1261 834 tacit
1279 772 1390 840 inique,
1409 774 1651 842 aspectandaqaa
1669 779 1712 827 ert
1777 840 1780 845 Ι

10 856 139 925 [diceban
170 854 286 909 residens
304 855 438 923 ipaaourn
468 856 624 927 insperatos·
642 862 738 923 potest
763 870 847 907 wau·
872 855 916 908 ret
951 858 1124 909 accusaris
1161 858 1333 925 mendatio,
1370 858 1416 911 rel
1450 858 1568 930 superni
1598 858 1712 928 jurir'ct't

10 952 134 1011 storare;
160 941 202 995 ita
227 942 315 995 mileti
336 944 436 995 dam
456 940 595 1009 miramus
620 940 686 993 licet
706 942 846 1003 decerem
873 942 1018 1005 ranerio,
1038 943 1250 1011 qaioiolcatias
1261 944 1550 1012 atquciajnriasnon
1562 945 1632 998 aad
1649 960 1710 998 carc

10 1027 163 1083 Arcadum
180 1026 229 1084 lib.
248 1032 274 1083 t.
289 1026 383 1083 eund.
402 1032 427 1082 t.
453 1026 593 1095 Princeps
612 1034 654 1080 cat
671 1026 846 1095 reipublicm
867 1034 1031 1096 perpensas.

10 1120 92 1175 ator,
111 1121 144 1167 ut
161 1130 230 1181 arpo
243 1114 377 1184 pupillas
392 1120 486 1181 potest
504 1122 605 1166 contra
626 1120 745 1167 tuorem
763 1129 846 1165 accu-
905 1118 966 1169 aaa.
1012 1113 1132 1177 Quidam
1163 1113 1277 1167 nudem
1314 1118 1464 1184 manum
1494 1115 1707 1170 describendum

10 1198 143 1255 maras
160 1200 285 1269 auperti
307 1198 453 1252 insts'tusre
474 1206 501 1253 et
514 1206 654 1267 potestate
674 1199 737 1267 ejas
753 1198 844 1265 enirm
871 1215 932 1253 essa
949 1198 1052 1253 rectius
1080 1206 1194 1255 ceusmt
1220 1216 1277 1253 non
1301 1214 1335 1253 aa
1357 1200 1527 1255 mortalitate
1545 1210 1572 1255 ct
1588 1202 1708 1255 camiac

10 1286 46 1340 itu
64 1284 143 1339 idern
169 1284 291 1337 additu
315 1292 417 1337 contra
442 1286 640 1351 maps'etratam
663 1285 743 1353 tica,
767 1284 844 1353 quod
870 1287 902 1339 ia
924 1286 1062 1355 quosdam
1090 1286 1229 1349 eliditor,
1256 1302 1308 1341 uec
1329 1302 1363 1339 eu
1389 1288 1479 1341 nimia
1504 1289 1653 1342 amentata
1677 1289 1709 1341 in

10 1377 87 1441 urget
111 1370 252 1425 Bmsasus
272 1368 303 1422 in
322 1368 341 1422 l.
359 1368 394 1422 dc
410 1370 488 1439 justa
504 1370 571 1440 reip.
591 1369 621 1423 in
638 1369 725 1439 princ.
743 1374 845 1439 potest.
870 1372 983 1424 latren
1005 1372 1149 1439 aripennis
1167 1378 1196 1427 et
1212 1372 1397 1443 vectigalibus
1408 1372 1590 1443 imponendis,
1609 1390 1661 1427 sec
1676 1390 1710 1427 aa

10 1473 28 1514 s,
46 1460 73 1513 2
870 1458 949 1511 uitiis
961 1458 1102 1525 prioatir3
1113 1459 1167 1510 seri
1184 1474 1218 1511 cn
1234 1460 1337 1529 arpino
1355 1460 1448 1522 officii
1455 1458 1566 1529 publici
1582 1462 1709 1528 ncpicrtss

36 1548 99 1600 tat.
135 1541 192 1597 aad
209 1548 295 1595 totam
315 1539 414 1594 horum
430 1546 460 1595 at
469 1540 600 1593 similium
617 1546 843 1611 argumentorum
870 1550 899 1597 ct
916 1560 950 1597 ex
968 1543 1143 1612 reipublicae
1162 1543 1364 1608 manatione,
1382 1550 1414 1597 ut
1431 1544 1504 1599 enim
1523 1545 1653 1615 princeps
1671 1544 1708 1599 ad

10 1636 172 1685 maturam
196 1642 253 1681 uno
276 1628 382 1696 impetu
410 1625 509 1697 dejicit
540 1625 700 1696 apostolus,
730 1626 843 1696 quando
865 1629 1026 1698 piraticum,
1060 1628 1100 1683 ita
1134 1636 1271 1698 tyrannus
1297 1630 1334 1683 ad
1361 1631 1505 1698 privatum
1534 1633 1714 1684 commodum·

10 1716 105 1773 nean
120 1714 213 1769 verbis
235 1713 412 1784 pronuntiata
432 1714 529 1767 Oanis
544 1714 644 1765 anina
656 1714 843 1781 potestatibus
853 1706 856 1737 ³
868 1714 962 1769 omnia
979 1714 1080 1782 refert,
1104 1714 1268 1769 Aristoteles
1294 1720 1318 1771 4.
1336 1716 1391 1783 pol.
1418 1730 1443 1769 e.
1466 1722 1505 1772 to.
1526 1732 1560 1771 ao
1575 1716 1605 1770 iu
1622 1718 1708 1772 telem
1721 1730 1774 1771 xiv.
1788 1728 1834 1771 tta

10 1801 214 1855 alimmum
242 1800 280 1853 ait
306 1800 447 1869 mojana,
474 1816 532 1853 aon
557 1800 630 1852 enim
655 1807 696 1852 cst
716 1806 843 1867 potestas
867 1806 1018 1870 tyranuum
1046 1800 1174 1855 subditos
1206 1818 1355 1871 exsurgere
1392 1816 1512 1872 eumque
1545 1818 1709 1875 oppugnare

10 1886 62 1941 sisi
83 1904 103 1941 a
121 1886 205 1953 tileo,
232 1901 306 1953 prae
329 1894 422 1938 naam
447 1893 513 1939 aunt
534 1890 702 1954 potestates,
733 1902 754 1936 a
777 1888 843 1939 Deo
868 1902 950 1956 posse
979 1886 1145 1949 existimant,
1169 1892 1192 1942 1.
1216 1886 1283 1956 quia
1299 1888 1427 1956 tyrannis
1443 1904 1499 1941 non
1523 1894 1566 1942 cst
1583 1886 1709 1961 legitima

10 1974 159 2027 rdinum
181 1980 260 2039 aant3
289 1973 447 2040 quicunque
478 1986 547 2038 erpo
570 1971 706 2040 potentini
728 1972 1006 2055 renistt't,jpotestss.
1035 1970 1084 2025 sed
1108 1988 1214 2027 maum
1240 1972 1424 2026 latrocinium.
1471 1980 1494 2029 2.
1516 1974 1626 2029 Subditi
1652 1992 1708 2030 uon

10 2060 121 2113 diuinas
144 2057 323 2111 orclinatr'ons'
351 2056 472 2124 recisam
499 2057 551 2125 qr&
576 2063 669 2109 audem
701 2058 935 2125 resistant,isunt
952 2057 1006 2111 Dei
1030 2057 1162 2111 mandato
1180 2064 1300 2128 tyranno
1317 2058 1452 2131 obligati,
1471 2062 1538 2131 quia
1557 2062 1634 2117 Deus
1651 2078 1708 2117 non

10 2144 148 2205 adiciam
165 2142 222 2195 sibi
240 2143 312 2211 pris
328 2144 487 2211 acquirant.
516 2140 563 2194 Ad
576 2148 742 2213 argumenta
755 2142 844 2209 Bruti,
870 2143 978 2213 obligat
995 2142 1033 2197 ad
1053 2142 1207 2213 illegitima,
1226 2144 1332 2214 injusta
1349 2152 1379 2200 et
1396 2146 1552 2201 inhonesta.
1585 2154 1609 2203 ³.
1628 2146 1708 2202 Sicut

10 2229 136 2293 Mei,
159 2226 289 2282 Bneberii
311 2234 364 2281 etc.
388 2228 478 2283 solide
503 2228 673 2297 respondent
698 2226 844 2298 Barclajus
871 2228 1039 2283 adulterium
1063 2229 1146 2284 solvit
1164 2229 1307 2284 vinculum
1324 2232 1487 2303 coujugale,
1515 2234 1581 2304 quia
1604 2234 1709 2289 directe

10 2322 33 2371 {n
48 2316 100 2371 lib.
119 2322 194 2369 cont.
211 2313 489 2381 monarcbomacbos,
507 2312 655 2368 Albericus
675 2313 797 2369 Gentilis
815 2314 844 2369 iu
855 2330 859 2383 ῑ
871 2314 1036 2369 αᾱνοηιῐιιι·
1052 2315 1176 2383 conjugii
1191 2315 1313 2386 legibus3
1334 2317 1374 2371 sic
1386 2318 1513 2387 tyrannis
1524 2318 1625 2373 liberat
1642 2318 1709 2375 sub·

10 2402 54 2457 lib.
78 2402 114 2456 de
139 2402 168 2453 ri
192 2400 222 2453 in
245 2400 386 2470 principes
412 2415 521 2469 semper
544 2401 662 2469 injusta,
688 2398 789 2455 Cuner.
815 2388 943 2455 iniditos
966 2400 1003 2454 ab
1031 2400 1207 2455 obedientiae
1230 2402 1356 2469 noculo,
1378 2402 1444 2473 quia
1465 2404 1574 2475 imperii
1597 2405 1708 2476 legibus

10 2488 53 2545 ib.
78 2488 114 2542 ds
139 2487 186 2541 oti.
210 2486 327 2556 princip.
345 2485 446 2541 Christ.
474 2492 503 2540 et
519 2486 673 2539 Arnisaeus
695 2486 724 2539 in
741 2486 789 2541 lib.
809 2486 858 2555 de.
872 2502 904 2540 ex
922 2486 1038 2541 adverso
1056 2494 1202 2557 repugnat.
1242 2494 1267 2541 4.
1288 2487 1428 2557 Tyrannis
1447 2496 1490 2543 est
1509 2490 1593 2559 plane
1611 2495 1709 2544 eontra

10 2574 134 2631 suctont.
152 2573 241 2643 princ.
259 2570 288 2625 in
307 2572 441 2641 populum
453 2588 563 2641 semper
581 2570 743 2629 inviolabili.
778 2578 800 2626 1.
814 2571 859 2626 Si·¹
871 2578 1013 2639 naturam,
1038 2588 1102 2626 cum
1126 2572 1200 2627 enim
1226 2578 1364 2643 tyrannus
1388 2580 1488 2644 utpote
1513 2575 1550 2629 ad
1567 2575 1709 2647 privatum

10 2660 132 2729 rriuccps
154 2658 299 2713 absolutae
325 2659 471 2727 potestatis
499 2670 528 2712 ct
548 2658 675 2727 integrae
691 2659 845 2729 majestatis
871 2658 1046 2711 commodum
1064 2657 1157 2713 omnia
1177 2656 1299 2712 referans
1323 2660 1360 2713 sit
1377 2660 1523 2729 pessimus.
1541 2677 1597 2715 nou
1617 2668 1710 2732 potest

10 2744 227 2817 ransgrediatur
244 2744 408 2813 promissam
426 2744 488 2798 Deo
506 2745 629 2812 lactum,
647 2760 703 2799 non
721 2744 845 2799 subdito·
871 2744 924 2797 nisi
942 2743 1102 2797 melioribus
1130 2752 1179 2797 aut
1203 2744 1368 2813 aequalibus
1388 2744 1540 2815 dominari,
1562 2748 1622 2817 jam
1643 2764 1709 2804 vero

10 2848 82 2899 mm,
110 2830 162 2885 sed
180 2830 235 2884 Dei
253 2846 357 2899 poenas
376 2830 503 2891 incurrit,
520 2844 611 2899 neque
631 2830 704 2883 enim
724 2826 969 2883 subditie²contra
999 2836 1128 2883 naturam
1163 2838 1207 2884 cst
1233 2829 1361 2885 meliores
1388 2830 1490 2900 subjici
1515 2832 1709 2888 deterioribus.

10 2936 32 2973 n
62 2918 219 2987 principem
249 2916 383 2985 competit
407 2915 580 2985 jurisdictio.
612 2916 661 2969 sed
690 2916 740 2969 soli
774 2914 843 2969 Deo.
856 2944 859 2951 ·
872 2924 895 2970 5.
913 2916 1085 2985 Respublica
1112 2932 1146 2971 eo
1169 2916 1225 2971 fine
1257 2916 1376 2987 principi
1402 2918 1507 2973 tradita
1536 2926 1592 2986 cst,
1617 2924 1651 2973 ut
1666 2920 1708 2973 illi

10 3010 27 3061 l.
44 3003 179 3059 Potestas
202 3000 334 3071 principis
361 3000 481 3054 absoluti
506 3018 562 3055 non
586 3008 631 3055 est
655 3000 708 3071 ipsi
734 3006 843 3056 tantum
856 3000 859 3047 ἶ
869 3004 976 3073 praesit
995 3002 1033 3056 ud
1051 3002 1169 3057 alutem
1187 3003 1319 3072 omnium,
1337 3017 1427 3075 aquo
1445 3004 1469 3057 si
1489 3020 1602 3075 prorsus
1619 3006 1708 3060 desci-

10 3088 147 3159 spopulo
168 3088 309 3157 adipata,
336 3087 385 3142 sed
414 3086 444 3140 in
468 3102 532 3140 eum
559 3086 672 3155 pertitus
689 3088 841 3157 translata,
855 3076 955 3151 fuerit,
982 3088 1066 3144 etiam
1093 3089 1129 3143 de
1145 3094 1283 3159 potestate
1300 3088 1383 3154 cadit,
1408 3088 1515 3161 quippe
1538 3106 1622 3161 quam
1650 3108 1707 3147 non

10 3194 71 3247 crgo
98 3175 220 3247 populus
243 3192 300 3229 uon
316 3180 410 3244 potest
433 3190 577 3242 revocas,
605 3174 680 3245 quod
714 3192 732 3229 a
758 3192 789 3231 se
812 3156 925 3231 inlatio
946 3175 1001 3230 fine
1021 3176 1075 3229 sibi
1101 3176 1275 3229 commissam
1299 3175 1414 3231 obtinet
1456 3181 1481 3231 o.
1500 3176 1613 3231 Patriae
1630 3176 1705 3231 salus

10 3262 158 3333 sriucipem
176 3261 328 3329 transtulit,
345 3260 400 3317 nisi
418 3261 555 3331 expressis
573 3261 663 3330 pactis
680 3260 710 3314 id
726 3230 898 3341 cautumlot
915 3261 981 3316 boni
1009 3262 1115 3333 publici
1148 3278 1215 3315 cura
1240 3260 1326 3331 pluris
1360 3261 1488 3317 iacienda
1511 3279 1595 3331 quam
1624 3263 1706 3317 unius

10 3349 96 3405 berit.
137 3347 266 3403 Potestas
290 3362 400 3415 eorum,
426 3348 475 3419 qui
501 3346 636 3403 beneficio
660 3349 842 3402 uscceaionis
868 3348 967 3401 insana
991 3348 1085 3402 libido.
1126 3348 1266 3415 Princeps
1296 3355 1338 3401 cst
1357 3356 1477 3415 proptor
1506 3349 1707 3417 rempublicam

10 3452 83 3507 eges
109 3440 276 3499 mactantur,
300 3434 343 3488 rel
368 3450 418 3503 per
441 3433 603 3487 electionem
625 3432 781 3488 absolutam
808 3450 842 3487 ac
854 3440 857 3485 !
868 3452 903 3488 ac
917 3436 1041 3503 proinde
1053 3434 1201 3502 republica
1219 3434 1318 3495 minor,
1337 3434 1427 3503 inquit
1437 3433 1545 3487 Plinius
1562 3435 1589 3487 in
1604 3452 1705 3507 paneg.

10 3522 88 3575 nullis
103 3519 310 3575 conditionibus
328 3520 565 3590 circumscriptam
580 3520 609 3574 in
628 3520 727 3575 solium
746 3521 843 3591 regale
854 3550 856 3561 ι
867 3520 984 3591 Trajan.
1000 3520 1094 3590 potior
1112 3519 1200 3591 igitur
1216 3518 1314 3573 baberi
1333 3519 1417 3573 debet
1435 3518 1606 3589 reipublicae
1621 3523 1704 3588 salus,

10 3607 173 3669 uehuntur,
196 3622 254 3661 nori
283 3606 387 3677 pendet
403 3623 437 3661 ex
462 3606 579 3661 arbitrio
592 3606 704 3677 populi,
730 3606 780 3661 sed
807 3572 924 3677 culqua
936 3607 1059 3660 omnium
1071 3606 1245 3660 subditorum
1255 3606 1430 3659 incolumitas
1442 3606 1607 3671 continetur,
1620 3625 1704 3677 quam

10 3694 180 3749 ›rdinatione
194 3692 282 3763 ipsius
293 3692 356 3747 Dei.
389 3698 412 3747 3.
425 3692 454 3749 Si
472 3694 602 3763 princeps
620 3692 764 3747 absolutus
781 3692 841 3748 effi·
866 3692 967 3745 insana
983 3692 1066 3747 unius
1082 3690 1201 3745 hominis
1219 3690 1318 3744 furiosi
1336 3690 1430 3746 libido.
1462 3699 1486 3747 7.
1507 3692 1704 3748 Defensionem

10 3780 76 3835 tium
85 3796 167 3833 suum
174 3778 308 3849 negligat,
315 3794 372 3833 uon
379 3784 577 3848 potestamere
584 3778 705 3833 subditis
712 3782 840 3843 coiirceri
852 3810 856 3833 t
867 3785 965 3833 sonna
983 3780 1138 3849 tyrannum
1163 3776 1311 3847 probibere
1335 3782 1379 3830 cst
1399 3777 1448 3845 jus
1465 3784 1582 3833 naturae
1601 3779 1706 3833 rescin-

10 3864 73 3935 quia
81 3864 189 3919 subditi
206 3864 261 3920 bac
278 3864 308 3919 iu
328 3871 409 3935 parte
427 3864 615 3918 destituuntur
632 3870 693 3919 arm
704 3868 841 3919 mandato
852 3838 856 3943 l
866 3866 948 3927 dere,
966 3864 1071 3935 quippe
1088 3862 1164 3933 quod
1180 3861 1332 3933 unicuique
1349 3878 1427 3916 suam
1446 3880 1593 3919 suorumve
1609 3864 1705 3919 defen-

10 3953 116 4015 iisiao,
137 3958 199 4005 tum
217 3951 365 4020 superiore
379 3958 534 4019 potestate,
561 3950 611 4004 sed
640 3950 736 4005 divino
760 3950 972 4006 relic-lsiouem
989 3948 1160 4019 praescribit.
1208 3952 1231 4003 S.
1251 3947 1376 4017 Tyranni
1401 3956 1599 4020 comparantur
1617 3952 1704 4004 leoni·

10 4038 133 4109 quandus
160 4042 206 4093 cst
232 4037 335 4107 impius
353 4037 484 4107 princeps
498 4034 619 4107 judicio,
645 4038 721 4107 quod
748 4037 784 4092 ob
811 4038 841 4091 id
868 4040 917 4089 bns
936 4034 1111 4107 rugientibus
1128 4035 1244 4087 etrrrss's
1262 4034 1447 4088 esurientibus
1461 4034 1543 4090 Pror.
1558 4042 1599 4105 tt,
1621 4054 1647 4093 v.
1665 4044 1704 4093 15.

10 4140 95 4195 psum
113 4124 226 4195 marius
254 4122 405 4194 aliquando
435 4122 606 4193 experietur,
634 4123 701 4192 quis
719 4122 841 4193 humano
867 4130 891 4178 2.
908 4123 980 4177 Tim.
1000 4128 1024 4185 4,
1036 4138 1063 4173 r.
1078 4126 1118 4176 tr.
1132 4120 1208 4188 lapis
1227 4119 1400 4189 rapientibus
1412 4123 1546 4190 praedam
1564 4123 1649 4176 Ezeb.
1663 4128 1705 4185 22,

11 4210 108 4265 adicio
131 4227 188 4264 uon
215 4209 308 4278 potuit
325 4210 454 4264 coerceri.
492 4210 562 4263 aaa
581 4210 656 4262 caira
673 4210 754 4276 panta
772 4226 841 4278 apo·
865 4228 891 4263 v.
919 4214 962 4265 ii.
985 4214 1035 4262 etc.
1061 4213 1092 4260 at
1116 4205 1182 4260 feris
1209 4205 1265 4259 illis
1288 4206 1417 4261 resistere
1440 4224 1542 4279 easque
1564 4208 1704 4263 debellare

10 4296 105 4351 utun
125 4295 202 4349 omni
219 4295 337 4348 mortali
354 4296 526 4348 torrendum
543 4296 580 4348 sit
598 4296 723 4347 incidere
740 4296 770 4348 in
782 4312 841 4348 ma·
852 4331 855 4375 ,
866 4296 982 4351 licitum.
996 4293 1052 4349 Sed
1062 4300 1183 4363 negatur
1196 4298 1218 4346 l.
1227 4308 1290 4345 cum
1300 4293 1527 4359 iuteriprannum
1537 4302 1564 4346 et
1577 4292 1704 4363 eum‚qui

10 4400 54 4437 ssu
71 4383 134 4435 Dei
146 4382 272 4447 uisentis,
292 4382 405 4450 rapidas
417 4389 518 4446 tamea,
535 4382 585 4450 qui
600 4382 709 4435 nuditas
722 4390 841 4450 practer
868 4382 1005 4453 quaedam
1024 4380 1169 4448 tyrannice
1187 4379 1259 4447 apii,
1278 4386 1408 4431 accurrate.
1421 4379 1457 4431 sit
1468 4378 1704 4449 distinguendum,

10 4472 94 4540 psum
116 4470 210 4521 Deum
234 4484 325 4538 cupra
350 4484 381 4520 sc
405 4468 519 4534 lrabeat,
544 4484 624 4535 quern
647 4475 783 4537 ructuant,
808 4473 934 4555 eoltnon
961 4466 1035 4520 enim
1058 4466 1081 4518 is
1100 4465 1193 4518 statim
1211 4472 1346 4535 tyrannus
1367 4472 1422 4525 est,
1450 4464 1496 4533 qni
1517 4462 1651 4533 quosdam
1671 4480 1704 4517 ex

10 4558 54 4609 rit
71 4554 246 4621 horribilius,
265 4554 343 4621 qaod
362 4554 420 4621 ipsi
436 4555 494 4607 soli
513 4556 578 4607 Ileo
590 4560 714 4621 peccent,
732 4555 760 4605 si
772 4570 839 4622 pec·
851 4560 855 4595 ¹
867 4554 986 4609 subditis
998 4550 1101 4621 injuria
1115 4550 1203 4604 afficit
1220 4566 1253 4604 ac
1265 4549 1402 4619 quaedam
1414 4549 1571 4617 tyrannidis
1582 4550 1704 4618 speciem

10 4642 108 4695 rascas
131 4639 176 4693 sir
197 4640 229 4691 ia
249 4640 350 4704 rirrrm,
371 4640 492 4707 placari
513 4640 561 4691 illi
581 4646 675 4706 potest
700 4640 794 4707 [lerss3
814 4641 841 4691 si
852 4628 855 4695 ἶ
867 4656 934 4711 prae
946 4637 1106 4693 scierantia
1120 4637 1187 4707 agit,
1205 4635 1254 4688 sed
1268 4636 1315 4703 qui
1327 4634 1497 4704 religionem,
1517 4635 1602 4705 leges.
1622 4632 1705 4688 liber-

10 4736 96 4781 mian
109 4728 141 4780 r‘n
158 4725 313 4778 Dominam
328 4725 489 4793 peccaverit
509 4728 567 4792 rir,
594 4726 657 4792 qais
676 4725 769 4777 orabit
782 4742 840 4793 pro
851 4706 854 4785 l
866 4734 954 4781 tatem
971 4724 1054 4787 tollit,
1071 4729 1158 4777 totam
1178 4720 1377 4790 rempublicam
1395 4720 1565 4790 pessundat,
1583 4720 1613 4773 in
1632 4721 1705 4775 bons

10 4816 56 4869 ’al
72 4820 106 4867 ut
122 4828 157 4867 ex
174 4817 197 4864 t.
218 4812 291 4867 Sam.
313 4816 338 4873 2,
356 4827 385 4863 r.
405 4816 446 4865 25.
466 4810 575 4879 colligit
592 4808 659 4865 Otto
679 4810 839 4881 Frisingen-
851 4818 855 4948 ,
866 4818 895 4867 et
911 4824 1028 4881 corpora
1046 4808 1219 4862 subditorum
1236 4806 1325 4860 libere
1336 4814 1486 4877 massana,
1505 4824 1556 4861 nec
1568 4806 1704 4876 patientis

10 4900 38 4953 is
67 4900 96 4953 in
122 4898 203 4968 epist.
228 4896 265 4951 ad
292 4895 423 4950 Prideric.
466 4902 492 4952 4.
517 4896 652 4966 Princeps
677 4914 733 4951 non
750 4897 839 4951 solum
866 4898 910 4952 vel
929 4895 1059 4967 precibus
1083 4894 1127 4949 rel
1148 4892 1384 4948 cohortationibus
1415 4891 1474 4946 ulla
1492 4910 1526 4947 ex
1544 4899 1625 4962 parte
1643 4908 1704 4945 sese

10 4992 86 5051 ntor,
108 4983 158 5038 sed
177 4984 261 5037 etiam
277 4992 363 5051 pat-cr
384 4992 426 5037 cst
444 4982 623 5054 reipublicae,
645 4990 677 5037 ut
697 5000 764 5054 ergo
783 4982 839 5037 filio
867 4982 1005 5039 emendari
1016 4981 1149 5050 patitur).
1185 4985 1209 5034 2.
1232 4976 1302 5032 Cum
1320 4979 1348 5032 in
1377 4978 1535 5033 Christiana
1560 4978 1704 5047 republica

10 5076 141 5143 quatenus
158 5069 209 5123 tali
229 5088 285 5124 non
303 5070 436 5135 competit
454 5076 576 5138 potestas
605 5070 632 5121 in
651 5076 778 5139 patrem,
801 5069 840 5122 ita
852 5094 854 5099 ·
867 5070 913 5121 vix
932 5067 1038 5138 possint
1056 5068 1164 5137 pejores
1183 5065 1243 5118 dari
1261 5064 1409 5134 principes,
1428 5082 1512 5134 squam
1530 5064 1627 5133 quales
1645 5062 1703 5117 fue·

10 5174 52 5212 tec
71 5155 193 5209 subditis
210 5156 239 5209 in
258 5156 461 5227 magistratum.
498 5156 553 5210 Sed
574 5172 625 5209 nec
643 5155 766 5225 pupillus
786 5144 932 5239 sibiirunt
949 5152 1092 5219 Tiberius,
1118 5150 1252 5217 Clrlipala
1269 5158 1294 5203 ct
1314 5152 1407 5217 nb'ero,
1427 5167 1496 5221 quos
1514 5156 1607 5203 minen
1625 5148 1702 5202 Chri·

10 5242 54 5315 psi
76 5242 125 5312 jus
150 5242 242 5295 dicere
270 5250 297 5296 et
320 5241 433 5312 propria
464 5242 629 5296 auctoritate
654 5248 773 5295 tutorem
802 5241 838 5295 ab
867 5245 935 5301 stus,
953 5239 1069 5308 apiostoli
1088 5243 1116 5291 et
1135 5235 1293 5305 primitivae
1312 5235 1445 5289 ecclesiae
1463 5234 1618 5289 doctoresa
1635 5234 1703 5288 solio

10 5329 94 5385 rfficio
129 5344 270 5382 removere
298 5334 402 5397 potest,
439 5344 534 5381 verum
562 5328 598 5379 ad
628 5327 656 5380 id
690 5327 854 5397 requiritur,
868 5325 1037 5394 ‹lrrjiciendos
1063 5339 1122 5377 esse
1139 5322 1267 5391 nuspiam
1293 5322 1462 5389 deerrarunt,
1489 5320 1538 5373 sed
1553 5319 1645 5389 potius
1666 5319 1703 5373 ad

10 5416 152 5471 auctoritas
175 5413 294 5483 judicis;
325 5414 385 5483 pari
417 5431 484 5483 ergo
514 5414 621 5467 ratione
648 5412 752 5467 subditi
783 5430 838 5465 nori
851 5416 854 5425 '
867 5411 1053 5466 obedientiam
1076 5407 1202 5461 subditos
1225 5405 1360 5460 cohortati
1384 5414 1456 5461 eunt.
1504 5412 1527 5458 3.
1550 5405 1619 5459 Cum
1640 5422 1702 5459 raro

10 5510 117 5559 rossum
142 5516 196 5553 nec
219 5499 320 5553 debent
344 5499 397 5553 sibi
421 5500 488 5569 ipsis
504 5502 550 5569 jus
569 5500 660 5553 dicere
679 5506 706 5554 ct
725 5488 853 5569 propriol
868 5499 922 5552 ilia
941 5497 1027 5551 nsolcs
1045 5494 1165 5548 corunelli
1188 5494 1249 5545 sinc
1273 5492 1484 5545 conrnllrntiu-ra
1503 5492 1585 5545 esitio
1602 5490 1704 5560 possit,

51 5594 155 5637 Gerbsrdi
169 5594 217 5636 loct.
237 5593 270 5635 Vl.
1338 5600 1370 5650 36
