4020 6014
218 315 279 370 474
792 307 916 366 Locus
935 307 1140 366 uouemus
1159 308 1338 375 QUARTUS

214 477 299 530 msam
318 461 377 514 nui
404 462 444 514 sic
469 450 665 532 interpretare,
691 464 832 533 pupnabit
858 480 919 516 cum
945 463 964 518 l,
994 462 1044 515 ult.
1071 461 1260 529 Mapiirtrotua
1277 465 1307 517 in
1324 464 1630 518 toereticosconuictos
1648 481 1683 517 oo
1699 463 1919 532 impoenitentes

215 549 278 600 eod.
307 548 347 601 tit.
375 548 393 599 l.
413 566 478 616 pen.
502 551 537 602 dc
564 557 684 618 aportat.
719 551 760 604 Et
782 549 849 602 baec
863 565 959 618 poeno
984 565 1045 600 cum
1072 563 1160 616 oeque
1181 549 1403 603 animadvertere
1417 558 1511 617 potest
1528 558 1612 618 atque
1639 551 1669 601 in
1688 550 1819 618 reliquos
1837 549 1916 612 faci

215 633 558 704 ceclesiasticaconpruit,
584 635 750 704 quodecim
770 634 815 688 bic
835 643 874 688 est
893 637 1044 687 excommu·
1071 650 1205 703 norosos,
1230 636 1382 688 itatamen
1399 643 1429 687 ut
1446 635 1526 702 lepiti
1604 635 1797 688 criminalium
1817 651 1917 687 rerum

214 718 334 783 nicetio,
358 721 422 771 id¹
409 739 439 773 sn
459 720 577 792 imperio
597 729 622 773 et
636 721 742 790 politia
766 720 845 773 dudi
867 728 906 772 cst
926 721 1046 772 bannum
1073 722 1144 773 crdo
1174 729 1313 786 seruetur,
1336 721 1498 791 praemitto
1518 653 1748 818 gaudiana,
1777 728 1805 773 ct
1832 719 1863 772 si
1882 735 1917 771 ea

213 819 264 857 scu
281 806 419 861 cecilium.
455 808 526 859 Item
545 823 617 875 qnae
637 807 790 860 canonibus
808 822 903 875 poena
919 804 1049 874 perpetui
1075 805 1146 858 nibil
1159 807 1327 874 proficitur,
1357 806 1485 858 instituta
1504 782 1695 870 euidentibus,
1726 806 1805 859 nel
1792 804 1915 873 inquisi-

214 893 336 943 carceris
365 891 606 963 impoenitentibus
629 893 777 945 haereticis
795 890 995 961 praestituitur
1022 906 1046 943 c
1073 891 1159 957 tione,
1187 893 1270 945 ctiam
1293 892 1396 960 absque
1430 893 1625 960 diffamatione
1646 894 1852 962 praecedente,
1886 891 1917 943 in

213 972 321 1047 pen.§.
336 976 384 1029 ult.
400 983 476 1031 extra
495 978 556 1031 eod.
574 995 608 1031 ea
625 979 732 1044 infore
744 977 869 1032 seculari
885 984 925 1030 est
945 976 1046 1043 depo'r-
1073 994 1129 1045 qua
1145 977 1196 1032 etri
1207 996 1262 1031 non
1277 979 1371 1030 omnia
1381 978 1561 1045 judiciorum
1575 980 1704 1033 solennia
1718 981 1760 1032 ad
1776 978 1917 1031 amussim

214 1061 291 1114 tatio.
309 1061 327 1118 l.
347 1069 370 1116 5.
393 1063 428 1117 de
446 1063 544 1118 interd
560 1069 588 1119 et
606 1063 689 1135 releg.
727 1065 786 1117 Nec
804 1065 881 1116 ultra
897 1063 969 1115 lunc
983 1077 1047 1158 pra·
1073 1065 1184 1117 serrari
1209 1079 1319 1116 necesse
1343 1071 1397 1126 ert,
1420 1072 1513 1116 tamen
1537 1065 1735 1146 adstantialia
1766 1065 1916 1133 lepitimos

215 1149 280 1200 dum
306 1148 404 1200 olim
391 1166 421 1200 in
439 1150 594 1202 baereticae
613 1149 748 1203 saevitum
763 1149 869 1214 fuisse,
894 1155 920 1201 et
937 1147 979 1200 sic
997 1146 1046 1198 im·
1073 1149 1240 1216 cognitionis
1258 1148 1349 1203 omitti
1365 1167 1421 1202 non
1436 1158 1570 1218 possunt,
1593 1159 1623 1204 ut
1645 1159 1710 1206 sunt
1727 1151 1828 1204 citatio
1843 1167 1915 1218 par-

208 1241 374 1302 peratorum
393 1236 602 1289 constitutiones
621 1243 751 1303 acceptas
769 1234 897 1287 caulium
920 1232 989 1286 Arii
1013 1249 1047 1283 cc
1073 1236 1116 1298 tir,
1129 1237 1298 1289 examinatio
1311 1252 1414 1289 causae
1426 1236 1538 1304 idoneo,
1555 1237 1692 1289 oduario
1704 1236 1914 1301 defensionum

212 1319 347 1372 similium
378 1323 464 1374 docet.
500 1324 554 1375 Est
573 1321 656 1374 etiam
685 1321 841 1386 humanius,
872 1319 973 1372 licct'
954 1318 1047 1387 juris-
1069 1322 1284 1390 probationum,
1312 1323 1348 1374 ab
1370 1329 1489 1391 utraque
1509 1330 1596 1390 parte
1621 1339 1677 1391 per
1702 1323 1915 1385 confessionem

213 1406 332 1458 consulti
346 1408 531 1474 proprietatis
543 1407 688 1460 carbonum
700 1406 903 1459 seruantissimi
919 1405 1046 1457 ultimum
1073 1415 1154 1459 testes
1178 1408 1278 1460 saltem
1303 1409 1376 1460 duos
1397 1409 1473 1460 omni
1497 1409 1654 1476 exceptione
1677 1409 1817 1477 majores,
1844 1425 1915 1460 nam

213 1491 384 1560 supplicium
401 1494 437 1545 de
455 1500 542 1547 morte
560 1493 690 1546 naturali
706 1493 931 1561 interpretentur.
950 1489 1046 1546 111111-
1070 1494 1170 1562 plures
1194 1494 1389 1562 requiruntur,
1416 1494 1443 1545 si
1468 1493 1560 1546 minse
1587 1494 1685 1547 idonm
1707 1502 1785 1562 sunt,
1816 1494 1915 1561 quiet

214 1593 288 1631 mum
319 1577 354 1632 de
379 1596 457 1648 poen.
482 1579 499 1632 l.
526 1579 573 1648 qni
600 1595 662 1633 cnm
692 1583 731 1632 14.
759 1574 788 1649 ξ.
808 1583 832 1632 2.
854 1577 888 1630 de
908 1575 970 1630 bon.
988 1577 1006 1631 t
1027 1575 1045 1630 1.
1072 1579 1118 1633 tric
1135 1581 1317 1649 recipiuntur,
1334 1581 1400 1632 item
1411 1595 1465 1648 per
1479 1581 1587 1648 literas,
1605 1580 1800 1649 instrumenta,
1820 1580 1915 1632 libros

213 1663 306 1733 penul.
324 1664 359 1717 de
376 1680 455 1732 poen.
476 1673 566 1717 tamen
582 1665 612 1717 in
625 1663 794 1732 poenalibus
812 1681 873 1716 cum
887 1663 970 1715 aliud
988 1679 1046 1715 oer-
1073 1667 1247 1734 improbatas
1272 1666 1414 1729 lectionis,
1449 1667 1536 1719 etiam
1559 1675 1697 1720 tcrnrenta
1722 1670 1768 1729 (ut
1792 1667 1914 1735 qnidam

214 1750 255 1802 bia
282 1750 351 1817 lepis
382 1751 485 1803 dicem
514 1750 585 1802 nibil
616 1751 769 1802 admodum
805 1757 845 1802 est
880 1755 1045 1817 caprarum,
1072 1752 1180 1820 colunt,
1204 1754 1257 1805 sed
1281 1753 1366 1805 nimie
1389 1752 1435 1806 bic
1457 1753 1570 1821 9111111111
1590 1752 1750 1821 periculose
1773 1760 1914 1820 tanquam
1927 1747 2004 1792 lm

212 1837 381 1904 supplicium
405 1853 455 1888 seu
476 1854 597 1904 poenam
621 1836 722 1905 capitis
745 1836 842 1905 potius
861 1836 896 1887 de
917 1836 1046 1903 deporta·
1073 1854 1153 1890 cruce
1181 1839 1373 1891 innocentibus
1403 1839 1486 1890 etiam
1508 1839 1580 1906 fica)
1610 1855 1642 1890 ee
1671 1838 1787 1890 indiciis
1817 1846 1914 1891 tomen

213 1923 286 1976 tione
308 1939 392 1990 quam
412 1922 562 1975 amissione
579 1923 652 1974 uitae
670 1922 870 1990 interpretari,
888 1928 919 1973 ut
933 1936 1045 1989 poenae
1072 1923 1282 1986 srsfficientibua.
1318 1924 1488 1976 Probatione
1507 1940 1572 1975 vero
1593 1930 1692 1976 contra
1709 1923 1842 1976 tamesin
1859 1924 1912 1975 im·

213 2010 311 2078 quarm
343 2009 403 2074 ejus
427 2009 498 2075 fieri
525 2016 629 2076 potest,
665 2009 785 2076 benigna
816 2006 1045 2074 interpretatione
1069 2009 1164 2077 pleta,
1182 2025 1253 2078 quae
1272 2010 1318 2063 bic
1336 2009 1536 2077 arpentissima
1554 2016 1581 2061 et
1598 2009 1775 2062 ualidissime
1795 2009 1910 2063 conclu·

213 2094 380 2147 molliantur
399 2093 417 2149 l.
437 2110 498 2164 pen.
519 2094 554 2148 de
571 2110 651 2162 poen.
672 2101 699 2146 et
721 2095 762 2146 ad
779 2093 922 2146 minimum
940 2109 1045 2144 ccccm·
1073 2096 1141 2147 dens
1162 2095 1327 2160 esse,debet,
1348 2095 1460 2147 diomsi
1477 2094 1609 2148 nonnulli
1620 2112 1676 2147 nou
1692 2102 1767 2147 recte
1786 2095 1911 2148 leniores

212 2181 360 2233 mactentur
379 2179 396 2232 l.
415 2195 524 2248 semper
542 2180 569 2232 111
587 2178 695 2233 obscur.
716 2179 752 2232 de
770 2177 804 2233 R.
825 2177 853 2233 J.
876 2178 1044 2246 praesertim
1072 2182 1204 2246 sufficere
1218 2189 1326 2249 putent,
1346 2181 1471 2234 adbibita
1489 2180 1649 2248 'sapientum
1676 2179 1794 2233 consilio
1819 2188 1847 2233 et
1867 2198 1911 2233 cc-

213 2282 275 2318 cum
303 2283 383 2318 error
411 2267 500 2319 animi
527 2275 551 2319 ct
583 2266 724 2334 opinionis
751 2281 807 2318 non
831 2265 868 2317 sit
891 2281 924 2317 ec
947 2281 1046 2333 penore
1072 2267 1175 2335 quisito
1194 2284 1298 2333 eorum,
1317 2267 1419 2334 quide
1439 2267 1721 2319 doctrinaecclesiae
1740 2283 1774 2318 oc
1796 2275 1909 2320 contro·

213 2352 393 2421 capitalium,
418 2353 473 2405 imo
490 2352 586 2421 potius
605 2368 678 2419 quoe
694 2368 747 2420 per
766 2367 795 2404 ce
815 2350 954 2422 copitalia
974 2357 1047 2418 sunt,
1072 2354 1118 2404 ria
1138 2352 1185 2404 illi
1201 2352 1313 2404 boeresi
1331 2360 1404 2405 recte
1416 2352 1553 2419 judicare
1569 2360 1701 2420 possunt,
1713 2352 1831 2419 judicic
1847 2370 1910 2405 sen·

214 2438 320 2506 mitiget
340 2437 357 2493 l.
379 2436 483 2506 siquis
502 2435 659 2490 adulterum
679 2443 702 2501 ξ.
724 2441 745 2491 1.
772 2435 807 2491 de
821 2437 936 2491 adulter.
961 2434 1046 2505 idque
1072 2438 1158 2491 tentia
1176 2438 1318 2490 delatoria
1337 2438 1368 2490 in
1386 2438 1555 2491 hoereticum
1573 2446 1612 2490 est
1629 2439 1765 2504 ferenda,
1783 2457 1841 2507 quc
1861 2441 1909 2498 de·

213 2523 313 2595 probat
330 2524 347 2577 l.
369 2522 528 2592 quicunque
547 2527 573 2577 8.
591 2521 642 2575 boc
668 2526 687 2576 t.
719 2523 767 2575 uli
791 2538 886 2591 poena
912 2524 1045 2590 deporta·
1072 2526 1199 2577 claretur
1225 2523 1394 2586 haereticus,
1425 2531 1450 2575 et
1473 2524 1539 2576 ideo
1563 2523 1623 2576 illia
1642 2524 1782 2590 subjectus
1798 2529 1909 2593 poeuis,

212 2611 297 2664 tionis
314 2610 396 2663 initio
412 2608 582 2676 praestituto
597 2616 663 2678 post
691 2609 855 2678 appellatur
876 2607 1045 2677 supplicium
1072 2628 1143 2680 quae
1166 2611 1227 2680 ipso
1250 2610 1314 2677 jure
1337 2610 1401 2663 buic
1419 2609 1516 2677 penem
1540 2611 1719 2678 imponuntur
1744 2615 1797 2667 etc.
1828 2610 1910 2674 Quae

214 2695 389 2765 capitales.
363 2693 463 2748 v.ult
488 2696 571 2747 ets'am
589 2696 680 2764 (quac
701 2697 847 2763 particula
865 2695 996 2748 illatoria
1015 2710 1043 2746 se
1072 2697 1164 2751 omnia
1182 2712 1215 2750 ex
1231 2695 1447 2750 fundamentis
1434 2695 1505 2765 Juris
1526 2694 1630 2750 ibidem
1649 2695 1765 2766 probat,
1788 2697 1839 2751 sed
1858 2698 1910 2752 ubi

213 2785 302 2877 refert
314 2784 355 2835 ad
367 2799 487 2852 poenam
500 2799 673 2851 asperiorem
675 2785 692 2851 )
704 2784 843 2853 nrpplscro
856 2779 1045 2847 coerceantur,
1071 2782 1115 2836 vel
1134 2783 1244 2854 quando
1263 2799 1280 2835 a
1297 2780 1448 2836 Pontifieiis
1474 2781 1613 2852 legitimus
1639 2782 1685 2836 ille
1705 2789 1733 2836 et
1750 2783 1909 2838 ordinarius

213 2887 286 2939 quae
302 2869 387 2921 aliter
404 2875 518 2936 accepta
535 2869 591 2921 sibi
608 2886 664 2922 nou
679 2875 826 2936 constaret,
845 2877 875 2923 ut
892 2868 1046 2935 contraria,
1071 2886 1216 2940 processus
1235 2866 1415 2923 observatur?

213 2973 294 3024 aeque
312 2955 404 3023 ipsam
423 2956 590 3021 corriperet,
614 2956 688 3009 uelud
706 2957 750 3009 lec
767 2958 891 3008 secunda
910 2955 1045 3022 attalia,
1109 2962 1166 3011 360.
1192 2954 1315 3010 Tertiam
1335 2959 1559 3024 argumentorum
1577 2952 1692 3008 classem
1714 2953 1784 3020 petit
1801 2954 1908 3009 Beller-
1921 2953 2004 3056 32:¹2¹..

213 3040 275 3094 infr
295 3057 330 3095 ne
351 3046 437 3094 sanct
461 3040 536 3109 bapt.
562 3042 638 3109 quod
661 3058 717 3094 non
741 3049 781 3094 est
800 3043 1046 3109 praesumendum
1071 3040 1162 3096 minus
1180 3058 1214 3094 cc
1229 3040 1337 3107 leuibus
1355 3040 1489 3092 ecclesiae
1506 3054 1568 3108 cap.
1589 3039 1635 3092 Ad
1651 3038 1816 3094 abolendam
1835 3045 2004 3099 1111111111

213 3125 292 3180 Haec
309 3125 541 3191 Wesenbeclsins,
568 3125 618 3179 sed
643 3126 710 3196 qnia
734 3126 751 3181 l
781 3131 822 3182 21
852 3125 879 3179 ff.
907 3127 942 3181 de
964 3142 1045 3196 poen.
1072 3127 1348 3182 Excommnnicamus
1366 3130 1444 3178 extra
1461 3123 1662 3187 dehaeretiois‚
1680 3132 1708 3180 et
1727 3125 1756 3179 in
1773 3133 1852 3180 sexto
1871 3126 1909 3182 de

213 3230 341 3282 expresse
359 3211 469 3274 dicitur,
486 3213 613 3265 ultimum
630 3213 801 3282 supplicium
823 3214 913 3266 solam
931 3221 1045 3265 mortem
1072 3214 1218 3268 haereticis
1235 3230 1296 3281 cap.
1313 3229 1397 3281 super
1417 3229 1463 3265 eo:
1489 3213 1598 3280 Desinit
1616 3212 1731 3264 melesio
1750 3214 1908 3266 baereticae

216 3299 442 3368 interpretamur,
463 3304 491 3351 et
503 3298 518 3352 l.
538 3298 676 3352 sancimus
689 3299 718 3355 C.
730 3300 765 3354 de
775 3306 893 3353 exsecat
914 3304 942 3353 et
960 3305 1046 3353 exact.
1073 3300 1280 3366 incorripibilea
1296 3297 1423 3350 aemulari
1428 3297 1564 3366 potestati
1579 3299 1742 3359 tradendos,
1760 3304 1791 3349 ut
1810 3297 1847 3350 ab
1864 3300 1908 3351 eis

214 3403 270 3441 non
283 3384 435 3450 deultimo,
452 3384 501 3439 sed
514 3386 649 3454 perpetui
659 3386 753 3438 exsilii
770 3386 911 3455 supplicio
928 3383 1047 3438 fitmen·
1073 3386 1164 3438 debito
1187 3387 1271 3438 modo
1287 3385 1450 3451 puniantur.
1488 3382 1559 3435 Item
1586 3381 1795 3435 Constantiacas
1815 3386 1906 3437 conci·

197 3473 261 3535 ,tia
283 3472 345 3524 ideo
370 3470 526 3524 accuratius
553 3470 763 3540 dispiciendum,
789 3487 825 3524 an
850 3468 1046 3524 Wesenbeelrii
1072 3472 1140 3524 lium
1161 3488 1226 3525 sess.
1247 3474 1288 3522 ti.
1307 3470 1451 3522 damnavit
1474 3469 1640 3522 sententiam
1655 3470 1797 3522 lobannis
1816 3471 1909 3523 Husri

213 3556 405 3626 interpretatio
425 3554 575 3634 subsistere
594 3557 704 3626 possit?
733 3564 755 3610 1.
775 3555 967 3626 conjungatur
984 3573 1045 3626 pre·
1072 3565 1098 3611 et
1122 3559 1214 3625 ipsum
1236 3556 1437 3623 Hieronymum
1462 3557 1497 3608 de
1515 3556 1616 3624 Prapa
1642 3556 1762 3608 tradidit
1779 3556 1910 3610 seculari

214 3642 256 3698 xis
276 3643 409 3696 ecclesiae
432 3642 603 3710 temporibus
629 3642 739 3696 illorum
761 3642 955 3711 imperatorum
973 3658 1046 3696 rece·
1067 3645 1204 3713 potestati
1210 3684 1217 3708 ,
1248 3659 1267 3694 a
1298 3659 1355 3709 qua
1386 3642 1467 3695 ambo
1494 3643 1582 3694 1111111
1607 3643 1730 3705 fuerunt.
1776 3644 1908 3710 Denique

214 3735 274 3798 pta,
292 3743 363 3797 quae
383 3726 528 3781 manifeste
547 3732 682 3794 testatur,
708 3727 910 3798 aquibnsdam
930 3728 1045 3796 impera·
1072 3732 1128 3784 Leo
1148 3729 1182 3782 X.
1203 3728 1338 3781 articulos
1355 3728 1473 3780 Lutbcri
1495 3728 1647 3780 dominavit.
1682 3727 1907 3795 Respondemus:

214 3813 321 3869 toribus
349 3812 514 3882 religionum
549 3813 735 3867 diversitatem
772 3813 857 3868 fuisse
892 3813 1045 3879 toleratam,
1075 3820 1097 3870 l.
1116 3814 1282 3870 auctoritate
1304 3813 1377 3884 juris
1393 3811 1531 3867 Pontificii
1557 3812 1674 3867 ecclesia
1691 3812 1743 3866 Dei
1769 3814 1907 3886 obstringi

216 3898 350 3970 quosdam
381 3898 409 3950 in
435 3897 641 3951 haeresiarchas
670 3899 781 3968 quidem
811 3899 1046 3967 animadvertisse,
1073 3917 1128 3953 non
1145 3904 1243 3968 potest.
1283 3905 1306 3954 2.
1326 3900 1453 3954 Oenones
1468 3916 1524 3952 non
1543 3899 1666 3969 irrogant
1682 3899 1765 3953 aliam
1784 3917 1906 3970 poenam

214 3984 264 4039 sed
282 3983 319 4036 ad
339 3983 481 4052 sanguinis
508 3981 670 4037 effusionem
695 4000 750 4037 non
776 3984 862 4039 tuisse
879 4000 1046 4055 progressos,
1073 4002 1156 4056 quem
1176 3986 1493 4051 excommunicationem,
1511 3985 1647 4055 reliquam
1667 3988 1797 4055 potestati
1816 3994 1846 4041 ct
1862 4005 1904 4041 ar·

214 4085 310 4124 verum
330 4068 424 4125 exsilio
443 4069 578 4122 duntaxat
611 4075 762 4124 contentos.
795 4070 841 4126 Sic
862 4069 1006 4125 Nestorius
1030 4087 1047 4124 a
1073 4070 1156 4125 bitrio
1174 4071 1278 4142 judicis
1298 4072 1431 4127 secularis
1449 4071 1637 4137 committunt,
1662 4088 1732 4141 quae
1757 4072 1906 4129 arbitraria

212 4156 407 4212 Valentiniano
426 4161 454 4208 et
474 4154 616 4209 Marciano
636 4160 765 4224 (quorum
783 4156 924 4210 decretum
944 4156 1046 4210 Bellar·
1072 4157 1236 4228 regulariter
1260 4158 1296 4212 ad
1320 4164 1436 4212 mortem
1460 4158 1569 4213 extendi
1593 4173 1648 4211 non
1675 4159 1759 4212 debet
1779 4160 1796 4212 1.
1823 4161 1908 4216 hodie

214 4243 306 4297 minus
335 4240 379 4295 vel
404 4240 523 4294 maxime
546 4243 637 4310 urget)
668 4258 722 4295 non
748 4241 922 4307 interiectus,
950 4243 1000 4295 sed
1018 4242 1046 4295 in
1073 4243 1108 4298 de
1139 4244 1243 4313 poenis.
1273 4245 1354 4300 Boer.
1383 4244 1467 4299 decis.
1493 4250 1551 4298 254.
1575 4262 1601 4296 n.
1633 4249 1670 4298 13.
1697 4245 1775 4298 Alex.
1803 4246 1857 4300 vol.
1882 4253 1907 4301 2.

215 4329 339 4386 exsilium
365 4326 462 4396 pulsus
486 4327 708 4396 suprascriptus
735 4326 996 4396 est,Evagriusl.
1024 4328 1247 4384 tacuellarum
1276 4335 1333 4387 283.
1372 4330 1592 4394 Wesenbeckius
1631 4330 1658 4385 d.
1687 4331 1705 4383 l.
1737 4338 1908 4402 quapropter

213 4432 237 4473 c.
259 4421 283 4470 1.
324 4413 499 4468 Liberatus
491 4431 521 4466 ιιι
539 4413 718 4468 breviarios.
742 4418 781 4467 13.
801 4420 853 4467 etc
879 4412 983 4476 Quodsi
991 4368 1155 4520 vellhujus
1174 4415 1227 4469 erit
1243 4434 1360 4486 poenam
1378 4417 1457 4487 legis,
1474 4416 1526 4470 hoc
1545 4426 1586 4472 est
1604 4416 1833 4487 deportationem,
1851 4436 1907 4473 non

116 4503 124 4520 ⁰
212 4500 329 4555 maxime
349 4498 528 4569 sequentibus
549 4500 720 4568 temporibus
739 4498 795 4554 tale
814 4500 881 4597 quid
903 4499 1045 4569 aquibus·
1057 4480 1235 4576 ltransgredi.
1274 4507 1298 4556 3.
1318 4502 1484 4568 Canonistis,
1503 4502 1550 4573 qni
1569 4501 1690 4571 edignis
1706 4518 1823 4570 poenam
1842 4504 1905 4559 bee-

212 4588 276 4642 dam
294 4586 504 4655 imperatoribus
522 4594 673 4650 tentatum,
701 4586 770 4639 illud
787 4585 977 4655 episcoporum
995 4587 1044 4639 im·
1056 4587 1217 4641 treticorum
1238 4587 1405 4657 supplicium
1425 4587 1585 4648 extendunt,
1605 4588 1701 4642 merito
1721 4587 1773 4642 boc
1790 4589 1906 4657 opponi·

211 4672 304 4744 pulsai
327 4672 419 4742 potius
446 4690 528 4743 quam
552 4674 676 4741 ipsorum
703 4673 839 4727 voluntati
858 4672 1130 4741 tribuendum,;tur‚
1161 4674 1235 4744 quod
1259 4690 1347 4743 genus
1374 4673 1442 4727 illud
1463 4672 1591 4743 supplicii
1624 4690 1763 4745 nunquam
1795 4675 1906 4730 decerni

212 4759 314 4831 quippe
345 4759 393 4829 qui
421 4759 569 4813 ambitione
599 4759 703 4829 turgidi
731 4758 938 4828 sanguinarium
968 4752 1163 4839 illumg'debet.
1182 4758 1235 4811 nisi
1255 4775 1317 4812 oum
1335 4759 1397 4829 lege
1424 4759 1525 4814 diserte
1550 4766 1593 4813 est
1610 4776 1778 4829 expressum.
1797 4760 1814 4815 l.
1834 4761 1906 4814 nnio.

212 4843 344 4900 ecclesiae
364 4844 564 4914 propagandae
592 4845 703 4897 modum
732 4844 944 4913 imperatoribus
970 4842 1121 4912 bellofiubi
1139 4844 1221 4900 Salio.
1240 4844 1270 4899 C.
1290 4844 1325 4899 de
1344 4861 1438 4915 agger.
1470 4845 1526 4900 Nili
1544 4847 1664 4915 rumpi
1685 4847 1848 4915 capitalium
1863 4853 1905 4904 28.

212 4929 352 4998 occupetis
374 4936 402 4984 et
418 4929 623 4998 seripturarum
651 4946 706 4983 non
732 4930 801 4984 adeo
821 4932 915 5000 gnaris
933 4946 1044 4999 persua·
1072 4936 1094 4996 §.
1114 4937 1137 4987 1.
1157 4930 1204 5000 qui
1224 4938 1380 4985 cremantur
1398 4931 1414 4986 l.
1440 4940 1488 4986 aut
1513 4934 1644 4985 damnum
1670 4938 1694 4988 8.
1712 4938 1735 4995 ξ.
1754 4931 1825 4987 hosti
1844 4932 1862 4985 l.
1882 4933 1905 4986 si

212 5021 315 5077 serunt,
335 5032 417 5085 quem
436 5014 474 5083 pii
486 5014 625 5083 principes
638 5031 653 5068 e
667 5014 811 5085 Scriptura
831 5015 934 5069 rectius
951 5015 1042 5070 edocti
1057 5017 1134 5088 [quis
1152 5022 1193 5072 38.
1214 5021 1236 5081 5.
1259 5022 1279 5071 1.
1307 5017 1341 5070 de
1359 5034 1440 5087 poen.
1474 5026 1495 5073 4.
1514 5018 1671 5073 Concilium
1696 5018 1906 5073 Constantiense

211 5100 313 5155 imitari
332 5118 387 5154 non
406 5107 547 5169 tenentur,
579 5100 653 5171 qnod
678 5108 770 5155 monet
793 5101 923 5155 Brentius
948 5101 977 5154 in
997 5101 1045 5158 lib.
1072 5110 1114 5157 est
1130 5101 1277 5167 recentius,
1299 5120 1382 5172 quam
1399 5111 1430 5157 ut
1449 5104 1616 5158 ordinariam
1631 5104 1904 5174 baereticorumpoe·

216 5187 353 5259 quomodo
382 5187 507 5258 magistr.
533 5186 658 5257 religion.
689 5203 783 5240 curam
814 5203 910 5259 gerere
939 5186 1047 5241 debeat
1073 5205 1136 5242 nam
1156 5188 1255 5257 capitis
1272 5189 1438 5258 supplicium
1458 5206 1517 5243 esse
1537 5189 1653 5253 debere,
1680 5207 1713 5244 ex
1737 5207 1769 5244 eo
1791 5191 1905 5260 probari

212 5281 236 5329 8.
248 5271 339 5343 Leges
357 5272 549 5344 imperatoriae
567 5272 596 5325 in
608 5272 668 5325 illos
682 5271 833 5327 haereticos
846 5289 948 5342 poenas
960 5279 1046 5326 statu·
1072 5274 1166 5345 possit.
1205 5272 1235 5329 si
1261 5273 1289 5327 id
1316 5281 1392 5329 recte
1417 5276 1515 5330 statuit
1540 5276 1753 5331 constantiense
1776 5277 1905 5330 concilia-

215 5366 275 5426 unt,
293 5359 340 5428 qui
363 5359 486 5429 legitimo
500 5358 572 5427 juris
591 5375 719 5427 processu
737 5358 883 5413 haerescos
903 5364 968 5411 sunt
983 5375 1047 5413 con·
1073 5362 1178 5426 bulum,
1198 5376 1369 5430 consequens
1380 5361 1472 5427 fuerit,
1491 5361 1628 5430 prioribus
1642 5361 1766 5416 conciliis
1778 5363 1906 5416 omnibus

211 5443 293 5511 victi3
311 5443 360 5496 sed
372 5444 695 5513 pontificiaHispanicae
713 5443 898 5514 inquisitionis
917 5444 1043 5514 tyrannis
1074 5445 1143 5499 illud
1170 5462 1229 5500 essa
1260 5445 1486 5516 praeferendum,
1518 5446 1622 5518 qnippe
1651 5463 1767 5516 quornm
1798 5447 1905 5500 nullum

212 5545 370 5600 processum
381 5530 458 5585 illum
470 5530 581 5600 penitus
594 5529 719 5601 negligit.
742 5528 962 5585 Wesenbeekius
976 5530 1046 5585 dl:
1074 5530 1176 5586 adduci
1198 5537 1307 5602 potest,
1333 5533 1408 5603 quod
1433 5531 1581 5601 capitalem
1610 5548 1728 5602 poenam
1759 5533 1907 5589 haereticis
