4020 6014
230 214 288 272 176
810 203 933 263 Locus
949 201 1155 264 vteesltms
1173 203 1339 264 TERTIUS

227 368 254 414 et
280 362 458 428 conjunctum
483 375 539 432 per
562 376 669 414 onmem
691 360 905 415 commissuram
928 358 1060 415 rchmini·
1088 359 1217 431 fectioci,
1245 360 1358 434 quaudo
1382 376 1433 430 per
1458 358 1551 415 media
1577 360 1718 416 namnlia
1740 376 1791 416 noa
1816 360 1847 417 in
1871 363 1932 418 rita

225 447 373 500 strationis
390 447 541 499 secandum
562 447 720 511 efficaciam
742 446 774 500 in
789 462 948 501 mensuram
966 447 1062 500 unies·
1090 456 1247 518 conservat,
1274 448 1364 517 cibat,
1388 451 1469 501 sanat
1486 453 1538 502 etc,
1574 446 1615 501 ita
1633 463 1744 518 quoque
1762 465 1820 502 non
1836 447 1930 503 detra·

169 585 172 592 ,
226 533 361 602 oniasque
391 533 486 601 partis
524 532 720 585 incrementum
761 533 889 600 comesis
921 535 996 597 facit
1032 531 1062 583 in
1089 533 1166 588 hitur
1186 535 1336 606 quidquam
1354 534 1415 604 ejus
1433 533 1611 605 perfectioni,
1635 533 1748 604 quando
1766 551 1817 604 per
1836 535 1931 590 media

226 619 454 686 aedificationem
478 618 525 671 sai
545 618 634 686 ipsias
652 634 705 687 per
729 617 882 672 caritatem.
920 619 1000 673 Rom.
1023 621 1062 683 12,
1089 620 1231 675 nobiscum
1256 621 1285 674 in
1308 621 1421 692 negotio
1440 620 1537 675 salutis
1556 619 1621 689 agit.
1658 627 1681 674 5.
1703 619 1879 689 spiritualia
1904 629 1931 675 et

226 720 253 758 v.
273 711 297 759 5.
321 704 392 775 Eph.
413 711 447 772 4,
465 722 490 756 v.
513 709 552 759 15.
573 707 610 758 16.
648 705 703 757 Est
725 703 810 756 etiam
826 704 904 772 citis,
933 721 984 758 nos
995 701 1062 771 pal·
1090 706 1222 761 coelestia
1246 709 1323 761 donc
1347 725 1403 762 non
1422 714 1545 776 possunt
1563 706 1763 776 comprehendi
1777 724 1813 759 ac
1831 708 1930 760 distri·

226 792 321 856 mdes,
354 790 418 846 doh.
443 796 490 854 15,
516 807 542 842 v.
570 796 593 844 5.
630 791 700 843 Jcm
717 806 783 843 cero
811 797 942 858 caputet
961 805 1063 858 corpas
1090 792 1137 844 bui
1159 794 1258 847 mediis
1280 795 1409 847 amenis.
1453 795 1534 861 Erpa
1560 793 1644 845 etiam
1670 808 1726 844 non
1754 793 1860 844 danim
1875 809 1931 861 per

226 879 386 931 immediate
411 878 576 944 cohaerent,
604 884 629 929 st
649 876 725 929 illud
742 876 807 930 haic
826 894 934 930 sennam
954 895 987 929 cc
1006 892 1063 928 mo·
1089 880 1185 931 medio
1199 887 1321 932 esterna.
1346 879 1570 949 Respondemus:
1584 882 1628 932 est
1638 876 1808 948 ambiguitas
1819 877 1848 931 in
1859 895 1931 932 voce

227 970 285 1018 tam
304 966 467 1034 suppeditat
485 965 546 1017 sine
564 964 674 1029 medio,
694 964 832 1032 palmites
850 965 934 1017 etiam
958 980 991 1017 ec
1007 964 1062 1015 cite
1089 965 1354 1034 comprehendendi,
1379 965 1402 1018 si
1426 965 1498 1020 enim
1525 963 1678 1034 accipiatur
1694 980 1745 1032 pro
1765 963 1931 1033 inclusione,

227 1068 339 1105 mecam
368 1060 395 1104 et
424 1053 547 1120 ciperem
584 1051 745 1104 immediate
784 1050 937 1104 attrahant.
982 1049 1062 1115 Erec
1090 1051 1285 1115 concedimus,
1309 1051 1465 1121 spiritualia
1490 1055 1518 1105 et
1536 1049 1666 1105 coelestia
1686 1049 1759 1104 bona
1777 1067 1833 1104 non
1852 1067 1929 1105 eom·

227 1140 312 1192 etiam
329 1155 431 1207 corpses
450 1136 557 1190 Christi
573 1137 718 1205 mysticum
743 1154 762 1189 a
787 1137 880 1204 capite
903 1136 1062 1188 immediate
1088 1136 1221 1207 prehendi
1241 1137 1339 1192 mediis
1359 1136 1492 1206 externis3
1512 1137 1536 1190 si
1553 1153 1618 1192 vero
1636 1141 1748 1190 notetur
1765 1136 1859 1191 divina
1879 1137 1951 1192 illa·

227 1225 510 1278 wbrisinsstrationem
539 1225 612 1277 citae
649 1241 683 1276 ae
715 1230 838 1277 motuum
871 1221 1061 1290 spiritualium
1089 1222 1225 1277 ordinatio
1252 1241 1284 1278 ac
1309 1223 1468 1293 dispositio,
1494 1239 1549 1293 qua
1569 1221 1624 1293 ipsi
1641 1222 1746 1292 placuit
1765 1238 1815 1293 per
1834 1223 1930 1278 media

227 1311 340 1380 accipit,
361 1328 396 1364 cc
412 1310 578 1380 spirituales
594 1309 727 1378 palmites
745 1323 778 1360 ec
798 1306 909 1361 Christo
925 1309 980 1361 vite
999 1320 1062 1359 suc-
1088 1309 1291 1364 communicare
1319 1309 1451 1365 coelestia
1476 1307 1563 1374 bona,
1599 1323 1748 1379 negamus,
1780 1323 1813 1361 eo
1842 1325 1929 1363 sensu

227 1416 289 1452 mim
311 1404 337 1450 st
364 1398 486 1464 ciperem
511 1395 690 1464 spiritualem
717 1394 877 1447 immediate
907 1393 1061 1446 attrahunt.
1089 1393 1162 1450 bona
1189 1395 1319 1452 coelestis
1343 1396 1440 1451 mediis
1458 1395 1579 1450 externis
1597 1410 1653 1448 non
1672 1392 1870 1462 comprehendi
1893 1410 1927 1448 ac

226 1483 450 1555 Respondemus:
485 1480 635 1535 similitudo
662 1496 717 1533 non
747 1486 790 1534 est
819 1479 994 1534 extendenda
1021 1478 1062 1532 ul·
1089 1479 1227 1538 distribui,
1258 1488 1282 1538 6.
1295 1483 1496 1546 Patriarcbas,
1510 1481 1676 1552 prophetas,
1690 1480 1851 1535 Jotannsn
1863 1481 1928 1533 Ba·

226 1579 271 1625 tra
296 1567 509 1640 comparationis
539 1566 668 1636 tertinm;
702 1564 829 1619 Christus
862 1583 921 1620 sese
956 1564 1064 1619 confert
1087 1567 1204 1634 plistom
1224 1579 1249 1622 et
1270 1570 1413 1639 apostolos
1426 1571 1505 1623 Deus
1521 1569 1682 1622 immediate
1697 1568 1801 1636 obsesso
1813 1575 1927 1620 ostano

228 1657 318 1726 capiti
334 1664 360 1709 et
378 1654 438 1722 citi,
456 1652 601 1708 credentes
619 1652 748 1705 membris
766 1660 792 1704 et
803 1651 979 1721 palmitibus,
998 1651 1064 1721 quis
1082 1655 1165 1707 corbo
1196 1655 1376 1709 illuminavit.
1423 1655 1504 1723 Erpa
1534 1655 1631 1709 eodem
1656 1655 1741 1707 modo
1769 1654 1862 1706 arlhroe
1893 1653 1928 1706 il·

228 1743 334 1799 soilicet
356 1740 387 1793 hi
405 1738 441 1793 ab
458 1738 519 1808 ipso
539 1737 710 1808 spiritualem
728 1738 829 1807 sitam,
857 1755 982 1803 sensum,
1006 1753 1063 1791 mo·
1090 1740 1210 1794 luminat
1249 1743 1402 1797 credentes.
1463 1739 1690 1811 Respondemus:
1731 1757 1797 1793 num
1834 1756 1929 1793 omnes

228 1837 302 1896 tum,
326 1827 452 1898 vigorem
470 1830 498 1879 et
515 1824 647 1894 operandi
667 1824 820 1878 efficaciam
837 1824 989 1894 accipiunt;
1014 1822 1063 1877 sed
1088 1828 1263 1896 prophetae!
1309 1846 1376 1881 nam
1402 1845 1499 1881 omnes
1525 1827 1669 1898 apostoli.¹
1701 1825 1794 1896 inquit
1818 1824 1926 1879 Paulus

229 1935 262 1974 ex
279 1931 312 1971 eo
330 1930 386 1968 non
405 1917 497 1983 potest
514 1910 623 1974 inferri,
642 1911 715 1981 quod
735 1912 831 1966 eodem
850 1910 961 1966 omnino
981 1909 1063 1963 modo
1095 1917 1115 1965 l.
1133 1911 1195 1966 Cor.
1218 1919 1257 1982 12,
1277 1930 1303 1969 v.
1325 1918 1366 1968 29.
1384 1913 1542 1980 ostendens,
1560 1912 1651 1969 Deum
1670 1928 1726 1966 non
1743 1910 1815 1966 velle
1826 1911 1926 1966 eodem

229 2019 263 2058 ac
289 1999 406 2071 proinde
430 1997 588 2053 immediate
611 1997 681 2051 haec
706 1997 780 2051 bona
806 1996 933 2052 Christus
956 1994 1063 2066 corpori
1090 1998 1179 2066 modo,
1204 2015 1254 2069 per
1271 1997 1460 2052 immediatam
1477 1997 1585 2053 scilicet
1603 1996 1841 2062 illuminationem,
1860 2012 1925 2049 cum

230 2105 280 2143 suo
304 2087 423 2156 mystico
447 2090 475 2139 et
493 2082 685 2153 spiritualibus
710 2082 873 2155 palmitibus
896 2080 1064 2151 suppeditet,
1090 2083 1217 2138 omnibus
1244 2083 1421 2140 credentibus
1446 2100 1543 2155 agere,
1572 2082 1621 2138 sed
1639 2081 1777 2138 ordinarie
1796 2098 1847 2152 per
1865 2098 1924 2136 rer·

230 2189 285 2246 quo
311 2171 392 2225 modo
411 2176 497 2239 caput
515 2170 642 2225 naturale
660 2187 710 2224 suo
731 2169 840 2240 corpori
858 2175 886 2222 et
904 2167 967 2221 vitis
985 2172 1063 2220 natu·
1091 2168 1157 2223 bum
1186 2175 1214 2226 et
1241 2178 1414 2225 sacramenta
1439 2169 1500 2224 vult
1525 2170 1554 2222 in
1577 2168 1632 2222 illis
1653 2167 1737 2223 fidem
1762 2168 1923 2235 accendere,

228 2261 294 2315 ralis
319 2257 481 2328 palmitibus
505 2270 539 2309 ea
565 2256 740 2326 suppeditat,
767 2255 836 2310 alias
862 2254 944 2309 etiam
969 2251 1064 2306 inferri
1091 2274 1192 2328 augere
1211 2263 1240 2312 et
1258 2257 1430 2313 confirmare.
1464 2255 1547 2310 Adde
1560 2254 1634 2327 quod
1648 2255 1759 2325 ipsimet
1770 2255 1924 2325 prophetae

229 2351 332 2417 posset,
351 2340 628 2398 communicationem
647 2341 723 2394 illam
742 2358 801 2396 esse
813 2340 976 2407 naturalem,
993 2338 1064 2408 phy·
1090 2350 1119 2398 et
1144 2343 1260 2414 apostoli
1285 2360 1341 2397 non
1366 2343 1456 2397 salum
1475 2342 1544 2395 alios
1565 2341 1601 2395 ad
1620 2340 1734 2397 verbum
1751 2346 1925 2404 revocarunt,

228 2432 315 2486 sicam
334 2438 362 2485 et
380 2436 524 2483 terrenam.
560 2426 644 2481 Adde
663 2427 739 2498 quod
759 2427 788 2481 in
807 2424 1065 2496 posterioresimili-
1090 2429 1143 2484 sed
1157 2430 1212 2501 ipsi
1232 2446 1343 2502 quoque
1360 2427 1445 2484 verbo
1465 2433 1577 2483 externo
1594 2427 1637 2481 usi
1654 2426 1774 2481 luerunt.
1807 2432 1831 2481 t.
1853 2427 1925 2480 Pro·

228 2519 327 2574 tudine
347 2516 449 2570 diserta
467 2514 519 2568 fiat
533 2514 637 2568 mentio
655 2512 728 2567 illius
746 2513 844 2582 medii,
871 2528 922 2583 per
941 2510 1016 2583 quod
1035 2510 1064 2564 in
1089 2517 1182 2583 priam
1208 2523 1358 2570 menturae
1376 2522 1417 2569 est
1439 2530 1523 2582 apere
1535 2529 1591 2582 per
1609 2512 1711 2568 media.
1748 2514 1829 2582 Erpa
1848 2530 1923 2566 crea

228 2603 341 2676 negotio
369 2601 465 2655 salutis
492 2598 618 2654 Christus
645 2599 789 2653 nobiscum
821 2615 905 2669 agere
930 2596 1011 2660 vetit,
1040 2597 1066 2648 ai
1092 2603 1149 2656 tori
1165 2602 1241 2655 illini
1260 2620 1316 2656 non
1336 2601 1473 2670 competit.
1503 2598 1725 2669 Respondemus:
1742 2599 1925 2654 creaturaein

228 2689 392 2746 manseritis
418 2689 448 2740 in
475 2704 518 2739 me
545 2685 657 2758 (inquit)
686 2695 712 2740 et
737 2685 821 2739 rerba
847 2700 908 2737 mea
934 2684 963 2736 in
988 2683 1065 2736 volit
1091 2688 1247 2743 actionibus
1270 2687 1328 2742 suis
1352 2692 1468 2741 utuntur
1491 2686 1588 2740 mediis
1606 2701 1639 2739 ex
1654 2683 1819 2740 necessitate
1839 2691 1868 2740 et
1884 2685 1924 2738 in·

228 2776 399 2841 monreial,
419 2774 560 2842 quidquid
577 2772 736 2836 volueritis,
753 2771 861 2841 panis,
881 2779 908 2823 tl
919 2772 972 2839 fiel
988 2769 1065 2822 vobit
1092 2774 1230 2846 digentis,
1256 2773 1333 2830 Deus
1359 2790 1394 2828 ex
1418 2771 1507 2827 libera
1530 2772 1672 2827 voluntate
1698 2777 1727 2826 et
1745 2772 1924 2827 ordinatione.

228 2880 254 2917 v.
274 2871 297 2918 t.
316 2871 342 2916 et
360 2860 461 2913 mundi
477 2860 543 2912 estis
559 2867 682 2931 propter
700 2875 853 2912 serrnonem
865 2874 963 2924 meum,
984 2873 1065 2926 ᾳιιθιιι
1093 2865 1116 2916 8.
1144 2862 1211 2915 Sine
1238 2878 1292 2929 quo
1309 2878 1365 2914 non
1380 2876 1529 2929 possumus
1548 2860 1630 2911 cerdo
1648 2859 1821 2925 praedicato
1839 2861 1924 2922 sidem

229 2951 338 3006 locatas
366 2964 427 3000 sam
454 2944 532 2999 cobis
566 2962 592 2999 v.
618 2949 641 2999 3.
678 2950 702 2999 2.
729 2945 763 2998 Si
784 2944 895 2997 uerbum
915 2951 941 2996 ct
967 2959 1063 2995 sacro
1091 2949 1208 3015 haime,
1231 2947 1309 3002 illud
1330 2965 1387 3001 non
1406 2950 1492 3001 datar
1507 2963 1562 3016 per
1578 2945 1823 3014 praedicationem
1839 2946 1923 2998 verbi.

229 3043 323 3090 nenia
346 3039 435 3085 coemi
456 3046 559 3083 cautae
582 3029 808 3083 instrumentales
832 3029 1022 3084 convertiom'l
1039 3035 1064 3081 el
1093 3035 1152 3089 Sed
1174 3035 1234 3087 sine
1255 3034 1365 3103 Spiritu
1390 3042 1486 3086 sancto
1506 3050 1560 3085 non
1575 3049 1725 3100 posssimus
1741 3031 1825 3084 carim
1839 3046 1925 3100 proe-

229 3121 345 3187 adare,
374 3132 468 3171 emate
498 3115 645 3167 auditum
676 3116 789 3168 ceream
821 3132 855 3168 ac
881 3115 1064 3168 eacramtnlt't
1092 3123 1187 3175 dicato
1206 3121 1291 3184 fidem
1310 3119 1425 3183 holme,
1443 3119 1517 3171 unde
1537 3117 1620 3170 etiam
1636 3115 1754 3169 ecclesia
1778 3124 1843 3170 ante
1864 3133 1925 3172 con·

161 3246 196 3275 ,ἡ
231 3213 337 3260 utentes
355 3207 578 3256 converterentur
596 3200 827 3253 aosalcarentar.
854 3199 913 3253 Sed
923 3200 1065 3268 posterius
1091 3208 1196 3260 etonem
1219 3206 1298 3259 serbi
1313 3206 1402 3273 petet,
1429 3204 1555 3273 Spiritus
1572 3221 1594 3257 s.
1624 3202 1749 3272 qratiam
1770 3202 1827 3255 sibi
1851 3203 1924 3257 dari.

197 3264 214 3297 ⁴
231 3292 341 3359 falsum
359 3293 550 3343 81111ῑωί0121
568 3285 720 3355 Semeleia
732 3293 758 3338 el
769 3286 950 3354 &aperientiu-
976 3286 1064 3353 Er90·
1092 3294 1172 3362 Erpa
1192 3291 1317 3361 Spiritus
1334 3297 1448 3343 sanctes
1464 3308 1520 3343 noa
1538 3291 1626 3342 datur
1640 3305 1695 3361 per
1713 3290 1824 3342 cahem
1839 3306 1924 3358 prae·

230 3376 457 3448 Respondemus:
475 3375 595 3442 negatur
611 3371 744 3427 connexio
756 3370 876 3442 majoris,
895 3371 1065 3426 Ostendimus
1092 3380 1222 3434 dicatam.
1260 3375 1486 3447 Respondemus:
1512 3382 1630 3446 negatur
1654 3375 1807 3445 propositio
1828 3376 1924 3446 major.

231 3465 305 3520 enim
327 3479 378 3516 suo
403 3460 465 3514 loco
489 3457 519 3512 in
540 3463 622 3514 tract.
645 3457 681 3513 de
700 3457 779 3521 elect·
804 3455 831 3532 ξ.
857 3463 914 3515 139.
931 3458 998 3512 vitio
1018 3457 1064 3512 h0·
1092 3463 1329 3529 Quemadmodum
1349 3462 1421 3516 enim
1441 3459 1596 3532 baptismus
1614 3476 1669 3514 non
1688 3462 1803 3530 prodest
1819 3463 1924 3535 absque

230 3552 336 3606 minum
349 3544 496 3615 multiplici
508 3543 676 3615 contingere,
691 3562 746 3615 quo
758 3544 848 3599 minus
862 3544 978 3599 verbum
986 3561 1064 3615 prae·
1090 3550 1146 3606 fide
1170 3555 1198 3606 et
1216 3548 1393 3604 nihilominus
1409 3547 1568 3618 peripsum
1585 3545 1753 3617 baptismum
1771 3548 1924 3604 infantibus

231 3637 356 3693 dicatum
375 3642 403 3689 et
420 3632 547 3687 auditum
565 3632 594 3686 in
613 3632 744 3687 cordibus
757 3649 851 3687 eorum
863 3633 900 3687 ad
912 3633 1065 3688 conversio·
1090 3636 1231 3693 confertur
1260 3632 1476 3705 regenerationis
1508 3632 1612 3687 donum
1640 3648 1672 3687 ac
1698 3634 1815 3704 proinde
1841 3635 1924 3691 etism

230 3737 294 3777 nem
312 3727 340 3776 et
358 3720 475 3774 salutem
493 3719 530 3772 sit
547 3717 655 3774 efficax.
691 3718 810 3789 Objecti,
828 3720 902 3773 circa
919 3721 994 3792 quod
1007 3737 1064 3776 ver·
1090 3724 1173 3787 fidem
1194 3724 1236 3776 ita
1252 3737 1343 3775 sermo
1361 3721 1478 3774 auditas
1495 3736 1552 3772 non
1564 3720 1693 3789 prodest,
1711 3720 1738 3772 si
1750 3738 1806 3774 non
1820 3722 1858 3775 sit
1874 3725 1924 3775 ad·

111 3817 218 3866 xmae.
231 3812 308 3864 satur
332 3824 419 3877 agens
443 3813 503 3859 tum
527 3804 681 3876 principale
700 3811 759 3859 tum
780 3805 1004 3877 instrumentale,
1026 3806 1064 3860 vi·
1091 3811 1191 3862 miatas
1210 3807 1281 3872 fidei
1298 3824 1402 3873 eoram,
1422 3806 1473 3875 qui
1489 3806 1617 3869 audiant,
1634 3803 1721 3861 Hebr.
1743 3811 1773 3871 1,
1799 3824 1826 3864 r.
1846 3812 1870 3863 2.
1892 3822 1924 3863 ac

230 3893 302 3950 tiosa
331 3891 475 3963 dispositio
507 3890 618 3960 saepius
638 3890 721 3945 etiam
738 3891 768 3944 in
785 3891 960 3946 naturalibus
979 3893 1064 3963 impe·
1090 3893 1268 3949 nihilominus
1290 3893 1454 3964 peripsum
1477 3890 1614 3962 evangelii
1632 3891 1746 3945 verbum
1767 3891 1845 3946 Deus
1866 3893 1924 3948 vult

231 3979 287 4043 dit,
310 3996 365 4050 quo
390 3978 481 4031 minus
506 3975 622 4031 effectus
646 3976 703 4031 sive
721 3994 790 4047 opus
809 3983 948 4048 sequatur.
985 3983 1009 4033 3.
1032 3977 1066 4032 Si
1090 3980 1199 4051 operari
1216 3979 1299 4035 fidem
1315 3979 1395 4035 Rom.
1418 3985 1459 4048 10,
1477 3994 1502 4033 ι.
1519 3985 1557 4034 lt.
1573 3976 1683 4032 Deinde
1697 3977 1923 4050 distinguendum

229 4065 340 4120 samm
359 4062 420 4117 Dei
437 4068 463 4114 et
481 4069 657 4114 samaraeum
667 4071 757 4116 essent
768 4065 862 4117 media
874 4064 984 4130 solacia
1001 4081 1064 4117 con·
1090 4067 1162 4123 inter
1185 4067 1259 4122 dona
1279 4065 1398 4138 Spiritus
1416 4064 1505 4119 saneti
1524 4071 1552 4119 et
1572 4065 1682 4119 illorum
1702 4065 1838 4120 donorum
1855 4083 1924 4138 aug·

230 4165 348 4220 sequens
372 4150 463 4212 foret,
488 4164 582 4202 omnes
602 4147 727 4216 insontes
744 4158 808 4203 ante
826 4150 991 4221 baptismam
1009 4168 1065 4203 mo·
1091 4158 1222 4208 mentum.
1259 4151 1378 4217 Quando
1402 4150 1522 4221 petimus
1545 4150 1664 4220 Spiritus
1689 4151 1778 4205 sancti
1804 4152 1924 4223 gratiam

230 4237 333 4291 mentm
355 4243 382 4289 st
405 4250 499 4287 onnes
523 4235 626 4286 nereos
646 4235 792 4303 mnsam,
816 4237 894 4304 cuod
911 4243 951 4288 sn
968 4234 1065 4287 aesnr-
1091 4247 1119 4297 et
1138 4239 1291 4295 efficaciam
1311 4242 1377 4294 ants
1395 4235 1522 4291 sudimm
1541 4235 1632 4306 verbi,
1653 4241 1719 4290 tunc
1737 4235 1803 4291 illae
1820 4255 1924 4308 preces,

231 4322 306 4377 dum.
335 4319 559 4389 Respondemus:
570 4318 784 4392 distinguendus
798 4327 840 4376 est
852 4320 951 4377 modus
964 4321 1065 4393 agendi
1091 4327 1115 4380 si
1137 4327 1194 4380 sint
1216 4326 1304 4380 seriae
1327 4330 1356 4379 et
1373 4322 1435 4399 Deo
1451 4329 1557 4395 gratae,
1576 4328 1641 4376 sunt
1658 4321 1787 4377 effectum
1804 4321 1924 4393 Spiritus

230 4406 385 4462 ordinarius
416 4405 452 4459 ab
482 4405 711 4476 extraordinario;
744 4407 820 4463 Deus
846 4425 897 4463 nos
921 4408 958 4463 ad
984 4426 1064 4463 usum
1091 4413 1181 4467 saneti
1206 4412 1235 4466 in
1257 4411 1338 4466 nobis
1357 4408 1523 4474 habitantis,
1551 4409 1599 4463 sed
1619 4407 1796 4465 nihilominus
1815 4411 1925 4466 illorum

232 4493 344 4548 illorum
360 4490 514 4547 mediorum
533 4492 691 4561 adstrinxit,
709 4493 820 4549 interim
837 4500 930 4551 tamen
946 4495 1064 4567 gratiam
1091 4499 1225 4553 donorum
1245 4503 1425 4569 augmentum
1439 4501 1467 4550 et
1480 4495 1686 4566 incrementum,
1704 4496 1832 4567 adeoque
1844 4497 1927 4552 etiam

229 4578 309 4634 stiam
327 4578 381 4633 illis
401 4593 457 4633 non
475 4594 508 4633 eo
525 4577 607 4631 modo
626 4577 767 4649 alligavit,
787 4584 820 4634 ut
839 4580 868 4635 in
886 4598 952 4637 casu
971 4598 1064 4637 necas·
1090 4585 1247 4641 uberiorem
1265 4583 1493 4638 illuminationem
1511 4598 1562 4654 per
1581 4582 1697 4638 verbnm
1716 4582 1796 4637 nobis
1809 4582 1928 4639 conferri

229 4663 319 4719 sitatis
348 4664 418 4719 citra
448 4662 557 4718 illorum
583 4679 664 4716 usum
683 4679 740 4718 non
763 4666 852 4735 possit
874 4684 933 4723 esse
958 4667 1064 4724 efficax.
1091 4671 1220 4742 petimus.
1255 4669 1303 4724 Sic
1327 4687 1418 4724 nemo·
1428 4677 1522 4738 potest
1539 4669 1633 4724 dicere
1652 4669 1751 4723 Jesnm
1771 4669 1927 4724 Dominam

229 4755 256 4805 4.
275 4752 447 4805 Detrahitar
465 4748 577 4805 diuinae
592 4751 782 4819 perfectioni,
800 4753 828 4804 si
843 4756 924 4807 Deus
938 4770 993 4824 per
1011 4771 1065 4807 me·
1091 4759 1150 4812 nisi
1176 4759 1206 4812 in
1234 4756 1346 4826 Spiritu
1370 4763 1469 4810 sancto
1497 4763 1516 4810 1.
1542 4753 1604 4810 Cor.
1626 4761 1672 4820 12,
1698 4773 1724 4809 v.
1744 4759 1769 4812 3.
1788 4761 1816 4810 et
1833 4762 1927 4811 tamen

229 4837 281 4890 dia
298 4845 410 4890 amena
429 4838 459 4892 in
476 4835 587 4906 nepotis
603 4835 705 4890 salutis
718 4838 859 4891 nobmccm
872 4855 956 4908 apere
969 4840 1065 4893 statui·
1092 4844 1170 4900 Deus
1204 4843 1307 4898 dicitnr
1342 4845 1412 4897 dare
1441 4842 1580 4913 Spiritum
1616 4850 1744 4897 sanctam
1767 4844 1927 4912 petentibus

229 4927 282 4976 tar.
334 4921 561 4993 Respondemus:
600 4921 623 4977 si
651 4939 685 4978 ex
711 4923 833 4994 quadam
857 4924 1013 4996 indigentia
1040 4932 1069 4981 et
1093 4931 1161 4986 Luc.
1189 4936 1235 4996 11,
1263 4945 1290 4985 v.
1319 4934 1358 4985 13.
1385 4929 1480 5002 Atque
1507 4929 1577 4985 haec
1606 4929 1759 4984 dictasint
1782 4928 1926 4986 deerrare

229 5006 394 5062 necessitate
410 5006 488 5062 Deus
506 5014 629 5064 uteretur
639 5007 746 5078 mediis,
763 5009 928 5080 perfectioni
941 5010 1066 5081 ejusdem
1092 5014 1273 5084 Svencieldii,
1303 5015 1447 5072 ministerii
1473 5014 1652 5073 ecclesiastici
1675 5016 1705 5070 in
1731 5015 1816 5071 verbo
1836 5022 1866 5071 et
1883 5033 1925 5070 sa·

229 5092 336 5164 ‘liquid
365 5091 571 5158 detraheretur,
596 5095 656 5165 jam
679 5111 745 5150 vero
765 5094 905 5153 liberrima
922 5095 1065 5153 voluntate
1092 5104 1240 5158 oramentis
1264 5103 1392 5175 occupati
1418 5102 1569 5160 efficaciam
1584 5103 1728 5172 negantis,
1755 5115 1926 5174 consequens

230 5184 259 5235 et
276 5176 452 5248 beneplacito
471 5178 568 5233 mediis
585 5181 685 5251 utitur,
707 5189 729 5238 1.
750 5181 812 5238 Cor.
836 5185 861 5251 l,
878 5200 903 5236 v.
925 5189 972 5240 21:
995 5185 1065 5240 Plc-
1091 5191 1171 5259 foret,
1195 5196 1227 5244 ut
1251 5195 1381 5259 ageretur
1400 5191 1436 5246 de
1453 5188 1623 5261 quaestione,
1641 5206 1679 5241 an
1695 5188 1828 5257 ffficacic
1845 5189 1925 5242 mini·

230 5264 287 5319 cuit
306 5265 371 5318 Deo
385 5281 441 5334 per
459 5264 607 5318 maliciam
620 5266 847 5335 praedicationis
861 5268 957 5325 salvos
967 5271 1065 5333 facere
1091 5276 1172 5330 nterii
1189 5277 1315 5344 pendeat
1333 5294 1353 5330 a
1370 5277 1508 5347 dionitcte
1525 5273 1662 5341 ministri,
1689 5272 1725 5328 ab
1744 5272 1806 5345 ejus
1821 5273 1927 5329 scilicet

229 5352 381 5406 ementes.
418 5349 658 5414 Quemadmodum
675 5368 732 5408 non
750 5352 905 5410 detrahitur
922 5356 983 5426 ejus
1003 5373 1064 5427 per·
1090 5361 1216 5433 legitima
1234 5361 1392 5432 coccione,
1418 5356 1599 5432 qualitatibus
1620 5358 1767 5426 donorum,
1786 5358 1854 5415 fidei
1872 5359 1925 5414 sin·
