4020 6014
676 249 731 303 DE
750 246 972 306 MINISTERIO
993 245 1297 310 Eocnesmsrlco.
1800 264 1837 319 ll

142 419 238 470 causa,
265 408 299 457 ut
321 419 354 458 ex
380 403 524 459 vocatione
554 411 646 458 cemus
671 421 730 459 esse
758 405 859 474 possit,
887 404 978 457 Deum
1007 420 1076 458 ausu
1094 405 1163 459 illud
1182 406 1303 476 invadit,
1320 407 1476 477 tyrannidis
1493 408 1538 463 vel
1556 413 1631 464 certe
1648 407 1790 462 seditionis
1809 407 1841 463 lit

140 489 209 544 velle
228 506 316 560 opera
342 507 393 545 sua
411 491 440 545 in
465 491 615 545 ministerio
643 491 697 552 uti,
723 490 844 562 indeque
872 490 978 545 firmam
1006 507 1078 544 reus.
1113 491 1187 562 Ergo
1216 493 1299 547 etiam
1315 493 1532 548 ecclesiasticum
1548 493 1730 548 ministerium
1760 509 1841 549 nemo

66 575 286 646 &concipere
304 576 443 645 fiduciam,
464 578 540 648 quod
554 576 632 631 Deus
645 577 711 632 velit
729 595 779 647 per
795 577 978 631 ministerium
1006 576 1090 631 debet
1117 577 1170 632 sibi
1199 578 1348 634 vendicare
1369 580 1474 649 absque
1497 581 1650 637 vocatione.
1686 583 1712 632 3.
1730 580 1775 633 Ab
1799 581 1840 632 in·

140 678 219 717 suum
244 662 281 716 ad
310 664 516 719 conversionem
542 669 571 718 et
597 664 715 719 salutern
740 664 898 718 auditorum
918 679 978 717 esee
1005 664 1166 718 commodis.
1198 663 1251 727 Qui
1276 665 1304 718 in
1327 664 1445 719 ecclesis
1467 664 1613 734 publicum
1638 664 1757 719 docendi
1781 663 1840 718 offi-

139 747 252 818 efficax‚
281 748 388 821 absque
414 750 467 804 hac
484 748 588 804 fiducia
607 765 659 805 nec
678 767 727 820 pro
752 766 880 804 successu
899 749 977 802 mini·
1005 746 1077 800 cium
1095 748 1201 819 absque
1218 750 1363 804 nmatione
1384 750 1437 804 sibi
1456 756 1576 822 arrogat,
1596 749 1703 804 invadit
1722 749 1841 803 alienam

139 834 213 888 sterii
226 839 256 888 et
268 835 426 889 auditorum
438 835 528 890 salute
542 836 659 906 precari,
678 837 773 891 necin
786 834 977 889 tannsmundi
1004 835 1220 904 possessionem,
1244 853 1300 890 uon
1319 842 1361 891 est
1382 836 1434 891 Dei
1453 836 1563 907 legatus
1580 844 1609 891 et
1628 836 1766 901 minister,
1791 834 1841 890 sed

138 920 208 973 odiis
225 936 260 974 ac
278 921 410 991 periculis
429 920 508 975 firma
521 922 710 976 consolatione
727 939 787 977 sese
806 922 912 992 erigere
930 938 977 990 po·
1004 920 1049 973 fur
1079 927 1108 975 et
1132 921 1217 989 latro,
1247 940 1309 977 cum
1334 939 1388 976 non
1407 923 1491 976 intret
1514 940 1565 992 per
1581 923 1698 985 ostium,
1728 939 1779 976 nec
1799 926 1841 976 est

138 1006 216 1074 terit,
236 1005 302 1060 inde
319 1006 430 1061 vocatio
447 1023 480 1061 ec
501 1007 626 1063 defensio
644 1008 673 1061 in
693 1008 845 1062 ministerio
863 1008 978 1076 conjnn-
1004 1006 1129 1060 minister
1146 1007 1293 1074 ecclesiae,
1318 1024 1381 1061 cum
1399 1024 1455 1061 non
1474 1007 1511 1062 ait
1529 1008 1565 1062 ab
1585 1024 1619 1062 ea
1636 1013 1764 1071 vocatus,
1783 1013 1840 1060 tur-

138 1099 249 1161 guntur.
287 1092 352 1149 Era.
371 1098 418 1158 49,
446 1110 472 1148 v.
493 1098 519 1148 l:
544 1095 685 1147 Dominus
710 1094 747 1146 ab
771 1102 851 1147 utero
869 1094 977 1147 vocarit
1004 1091 1055 1145 bat
1072 1093 1197 1148 ordinem
1210 1111 1227 1146 a
1240 1093 1500 1162 Deoconstitutum,
1519 1081 1671 1148 introducit
1689 1093 1840 1147 ἀκαταστα-

139 1195 187 1246 me‚
206 1197 230 1231 o.
252 1179 278 1234 2.
299 1179 436 1247 seposuit
459 1196 491 1231 oo
509 1196 598 1232 meum
616 1181 700 1247 quoss'
715 1179 843 1247 plautium
860 1187 977 1240 amusim,
1005 1184 1078 1248 otor,
1097 1181 1178 1249 cujus
1200 1180 1274 1233 Deus
1287 1197 1342 1234 non
1355 1187 1397 1235 est
1408 1187 1514 1248 auctor,
1537 1187 1557 1235 1.
1571 1179 1693 1235 Corinth.
1708 1187 1747 1248 14,
1758 1197 1784 1235 r.
1798 1185 1840 1236 33.

139 1265 167 1315 in
185 1265 286 1317 umbra
303 1282 404 1317 monus
417 1281 487 1318 suas
503 1267 628 1334 proterit
640 1283 683 1319 me
696 1275 722 1319 et
735 1268 834 1335 posuit
846 1283 888 1318 me
905 1267 976 1318 sicin
1003 1273 1142 1335 repugnat
1159 1265 1284 1335 exemplo
1306 1265 1424 1329 Christi,
1442 1266 1638 1336 prophetarum
1658 1272 1686 1320 et
1704 1264 1840 1334 apostolo

139 1352 271 1418 inpurum
291 1351 428 1419 politam,
456 1352 486 1403 in
510 1352 649 1420 pharetra
673 1371 727 1405 arsa
750 1353 896 1406 abscondit
925 1368 976 1403 me.
1002 1367 1076 1418 rum,
1107 1351 1154 1421 qui
1172 1368 1267 1405 omnes
1288 1368 1343 1405 non
1361 1352 1415 1405 nisi
1442 1351 1518 1405 missi
1543 1360 1571 1405 et
1587 1351 1679 1406 vocati
1698 1350 1841 1421 praedica

138 1433 240 1490 leram.
262 1441 294 1502 l,
313 1452 339 1490 r.
358 1442 386 1490 l:
410 1436 460 1488 Ad
478 1438 573 1489 omnia
590 1440 630 1490 od
649 1455 721 1506 quae
739 1440 846 1491 mistam
864 1447 904 1500 ts,
922 1439 976 1490 ibis
1002 1442 1082 1503 runt,
1108 1435 1177 1490 facit
1201 1437 1391 1507 augustissimi
1415 1437 1499 1508 hujus
1529 1438 1650 1492 muneris
1674 1436 1839 1507 dignitatem

139 1530 163 1574 et
180 1523 328 1590 uniuersa,
357 1540 535 1592 quaemnque
554 1527 726 1578 mandavero
744 1526 807 1591 tibi,
836 1525 975 1593 loqueris;
1004 1521 1145 1590 vilescere,
1165 1523 1256 1591 privat
1275 1540 1304 1578 se
1324 1524 1413 1594 ipsum
1431 1524 1587 1578 necessaria
1604 1523 1793 1577 consolatione
1811 1528 1840 1577 et
1911 1572 1916 1584 ,

138 1625 160 1660 o.
180 1611 204 1660 8.
226 1625 262 1661 ne
282 1609 381 1661 timeum
395 1625 414 1659 a
429 1609 509 1671 facie
528 1626 631 1678 eorum,
653 1611 719 1679 quia
739 1617 825 1663 tomum
843 1627 975 1678 sporum,
1002 1609 1119 1662 accersit
1139 1609 1192 1662 sibi
1206 1608 1331 1663 infelices
1350 1618 1382 1664 ut
1403 1609 1552 1681 plurimum
1572 1609 1661 1664 exitus
1678 1616 1728 1664 etc.
1760 1608 1838 1673 Quae

138 1702 166 1747 ut
184 1711 286 1748 eruam
304 1703 345 1762 te,
371 1695 441 1746 dicit
460 1696 610 1752 Dominus.
647 1697 716 1750 Inde
737 1714 848 1767 quoque
865 1696 974 1750 vocatio
1003 1694 1093 1747 omnis
1110 1710 1143 1747 ac
1162 1694 1273 1765 singula
1293 1712 1326 1749 ex
1344 1695 1456 1750 defectu
1468 1696 1620 1750 vocationis
1639 1694 1740 1749 oboriri
1752 1696 1840 1750 solere

139 1787 165 1836 et
193 1796 340 1836 successus
366 1781 395 1833 in
420 1780 571 1835 ministerio
597 1784 812 1853 conjunguntur.
849 1782 912 1836 Esa.
932 1788 973 1847 51,
1002 1788 1030 1834 ct
1046 1797 1142 1835 sacrae
1159 1780 1263 1849 literae,
1282 1787 1311 1835 et
1328 1781 1459 1837 historiae
1480 1781 1685 1837 ecclesiasticae
1697 1788 1840 1848 testantur,

140 1884 164 1924 r.
186 1873 233 1922 le:
267 1869 377 1921 Portam
399 1869 484 1920 cerda
507 1884 570 1921 mea
591 1870 622 1922 s‘n
644 1885 692 1922 ore
717 1877 763 1923 tuo
784 1878 809 1922 st
829 1870 859 1922 in
877 1869 974 1921 umbro
1001 1865 1065 1920 hinc
1087 1867 1250 1937 gravissime
1276 1867 1372 1922 scribit
1391 1867 1426 1923 D.
1461 1867 1604 1922 Lutherus
1633 1874 1699 1922 tom.
1721 1873 1745 1921 l.
1778 1867 1840 1924 Ins.

140 1970 238 2006 monus
258 1969 335 2007 meas
348 1962 497 2023 protepom
516 1963 542 2009 te
561 1957 602 2008 od
617 1957 808 2024 plantandum
832 1956 924 2009 coelos
949 1964 974 2007 et
1000 1951 1062 2008 Jen.
1079 1952 1127 2011 fol
1146 1959 1175 2008 9:
1194 1955 1259 2006 Non
1280 1956 1412 2018 fortunat
1433 1954 1514 2007 Deus
1533 1954 1646 2007 labores
1664 1969 1768 2016 eorum,
1791 1953 1842 2022 qui

140 2041 322 2102 fundandam
339 2048 452 2093 terram.
488 2039 553 2096 Era.
573 2046 615 2105 59,
636 2059 662 2110 ν,
681 2047 727 2097 21:
749 2042 873 2110 Spiritus
890 2059 974 2109 meus,
1002 2057 1057 2090 non
1081 2047 1145 2091 suist
1171 2039 1272 2107 uocati,
1297 2047 1322 2091 et
1347 2056 1508 2108 quanquam
1533 2040 1677 2093 salutaria
1701 2041 1841 2108 quaedam

141 2127 187 2193 ossi
200 2134 242 2179 eat
260 2128 290 2178 in
308 2133 343 2195 te,
363 2134 389 2179 et
407 2126 491 2178 verda
509 2143 585 2196 meo,
612 2144 685 2196 quas
701 2129 787 2197 posui
804 2128 834 2180 in
850 2143 899 2180 ore
919 2135 974 2189 tuo,
1001 2126 1132 2193 offerant,
1154 2132 1246 2177 wmen
1264 2143 1321 2178 non
1339 2127 1502 2188 aedificant.
1538 2125 1612 2180 Vide
1630 2126 1715 2179 etiarn
1736 2129 1801 2181 tem.
1816 2131 1839 2180 5.

139 2229 193 2265 non
210 2213 342 2266 recedent
360 2214 395 2264 de
413 2228 461 2264 ore
480 2221 526 2265 tuo
547 2221 598 2268 etc.
617 2219 641 2269 2.
657 2213 720 2268 Cor.
743 2220 772 2280 3,
795 2230 821 2264 v.
841 2220 864 2267 3.
897 2211 974 2266 Deus
1001 2208 1064 2264 Jen.
1084 2209 1178 2265 Germ.
1197 2210 1245 2265 fol.
1264 2217 1323 2267 290.
1343 2217 1409 2265 tom.
1430 2220 1454 2268 6.
1474 2211 1567 2268 fldl.
1594 2211 1715 2265 l*llldem
1733 2218 1795 2267 tom.
1817 2216 1839 2268 2.

141 2298 197 2352 vult
215 2315 268 2367 per
282 2304 405 2352 nostrum
423 2297 604 2353 ministerium
622 2299 712 2367 lepem
725 2299 846 2352 sambore
865 2299 895 2351 s'n
914 2315 974 2351 cor·
1001 2295 1063 2351 Lat.
1083 2296 1101 2349 f.
1125 2302 1189 2352 553:
1213 2299 1355 2366 Exspecto
1383 2307 1540 2360 vocantem,
1560 2299 1672 2351 interim
1690 2306 1746 2351 esto
1764 2314 1840 2351 secu·

141 2386 240 2454 didm
272 2386 314 2438 ad
335 2385 403 2438 haoe
422 2386 485 2454 quis
503 2384 641 2438 idoneus?
678 2403 702 2439 ο.
724 2390 758 2439 5:
794 2383 975 2451 Safficr'entia
1002 2399 1063 2443 rus,
1091 2383 1147 2434 imo
1171 2385 1198 2436 οἱ
1216 2401 1288 2437 esses
1306 2385 1462 2453 sapientior
1481 2386 1542 2453 ipso
1564 2383 1715 2438 Salomone
1733 2392 1759 2436 et
1776 2387 1839 2437 Da·

140 2479 282 2524 nostrane
296 2474 358 2524 Deo
377 2479 425 2539 est,
444 2490 469 2523 ο.
482 2475 507 2526 o'.
521 2472 571 2540 qui
583 2479 607 2523 et
617 2472 687 2534 fecit
701 2489 752 2524 nos
766 2472 883 2524 idoneor
896 2471 976 2522 mini·
1001 2468 1087 2535 niele,
1111 2476 1202 2523 tannen
1221 2471 1279 2522 πίει·
1298 2471 1415 2535 noceria
1429 2470 1581 2538 plusquam
1601 2470 1745 2538 infernum
1761 2471 1840 2537 fupe,

142 2566 212 2612 atros
233 2556 300 2611 noui
317 2558 480 2612 tentamenti.
516 2564 539 2612 2.
558 2555 621 2612 Cor.
639 2562 663 2625 2,
676 2575 701 2609 v.
725 2563 769 2611 12:
790 2556 897 2610 Ostium
909 2557 978 2608 milri
1002 2570 1037 2607 ne
1055 2555 1165 2607 sadum
1185 2556 1332 2625 effundas;
1362 2557 1390 2609 ss*
1406 2557 1449 2608 tui
1466 2556 1587 2623 spuerit,
1616 2556 1725 2608 vocabit
1744 2564 1785 2622 ιο,
1814 2557 1841 2609 ss'

140 2654 269 2715 apertum
301 2651 354 2712 est,
390 2643 519 2697 nimirum
551 2642 618 2712 quia
647 2643 775 2697 ostiarius
805 2642 925 2714 Spiritus
953 2661 975 2698 s.
1004 2659 1060 2693 non
1077 2642 1204 2709 vocabit,
1224 2661 1280 2695 non
1298 2651 1324 2695 te
1340 2650 1450 2711 rumpet
1467 2643 1586 2695 scientia
1603 2651 1661 2710 tua,
1680 2659 1759 2696 nemo
1770 2644 1838 2708 sru-

141 2731 251 2802 aperuit
277 2745 328 2801 per
350 2729 502 2799 legitimam
527 2728 717 2796 vocationem,
742 2726 805 2782 Joh.
826 2735 871 2797 to,
896 2745 922 2780 v.
952 2733 975 2782 3.
1002 2728 1108 2788 ctifioat
1128 2729 1217 2794 serbe,
1237 2729 1296 2781 nisi
1312 2730 1361 2796 qui
1378 2730 1437 2782 sine
1452 2746 1502 2782 suo
1516 2737 1579 2782 uoto
1595 2737 1713 2782 vocatur
1731 2731 1772 2782 ad
1789 2731 1839 2782 do·

141 2816 212 2873 Vide
232 2817 344 2872 omnino
362 2816 417 2870 Dn.
437 2814 472 2869 D.
493 2814 683 2870 Chemnicium
701 2816 731 2867 in
751 2814 813 2869 loco
834 2814 868 2868 de
889 2814 975 2869 eccle·
1003 2816 1137 2881 cenam,-
1166 2815 1216 2881 qui
1239 2822 1332 2867 autem
1354 2832 1411 2868 non
1437 2823 1551 2868 uocatus
1577 2817 1671 2883 docet,
1700 2835 1756 2869 non
1779 2817 1839 2869 sins
1907 2835 1909 2838 ⁴

141 2905 222 2975 alac.
248 2909 274 2959 4.
293 2901 405 2957 membr.
436 2910 456 2956 l.
486 2919 514 2971 p.
543 2907 601 2956 316.
631 2900 681 2955 ubi
703 2900 829 2970 pluribus
852 2908 977 2955 recenset
1004 2902 1108 2952 domno
1134 2907 1160 2951 et
1185 2916 1236 2952 suo
1258 2906 1285 2951 et
1310 2901 1472 2953 aeduorum
1493 2903 1584 2968 docet,
1613 2902 1839 2968 medemena

140 3007 247 3057 musas,
266 2997 381 3060 propter
392 3003 462 3060 quas
481 2986 680 3056 tantitatem,
699 2987 853 3040 ministrum
873 2986 976 3041 habere
1003 3003 1060 3039 non
1079 2986 1115 3037 sit
1135 3003 1196 3037 mum
1217 2985 1293 3038 eof*

140 3076 293 3148 legitimam
310 3075 492 3130 vocationem.
519 3078 546 3126 2.
564 3075 591 3127 A
611 3074 791 3141 comparatis.
820 3073 919 3128 Nullus
939 3074 977 3129 le·
1039 3078 1080 3127 til.
1093 3071 1168 3125 Huic
1181 3071 1333 3126 sententiae
1346 3072 1650 3127 nostraesdversantur
1666 3078 1688 3128 l.
1703 3073 1836 3142 Anobop·
1851 3078 1925 3121 tna
1938 3078 1972 3122 tt

141 3169 223 3234 gatus
244 3161 351 3232 absque
369 3161 512 3216 vocatione
529 3166 557 3214 et
574 3159 710 3230 peculiari
734 3160 866 3214 mandato
891 3159 976 3214 officii
1003 3160 1099 3225 ts‘stoe,
1119 3158 1167 3229 qui
1184 3157 1291 3228 absque
1310 3158 1385 3213 omni
1405 3158 1548 3214 vocanone
1567 3159 1653 3213 cuivis
1672 3159 1790 3214 docendi
1809 3159 1837 3214 in
1850 3136 1975 3235 fflffi'„

141 3250 212 3303 illius
233 3255 326 3318 partes
344 3247 467 3317 suscipit
504 3247 569 3303 Jam
588 3262 654 3299 vero
678 3263 772 3300 omnes
797 3246 914 3308 ministri
933 3262 975 3300 ec·
1003 3246 1121 3299 ccclesia
1141 3249 1307 3315 potestatem
1320 3244 1435 3311 faciunt,
1454 3261 1510 3315 qua
1527 3245 1634 3298 ratione
1651 3244 1837 3298 ecclesiasta·
1850 3242 1959 3332 mm·

141 3336 241 3392 clasiae
258 3341 324 3389 sunt
341 3334 427 3404 legati
445 3332 518 3401 Dei,
536 3338 561 3389 2.
580 3331 642 3388 Cor.
663 3339 687 3396 5,
704 3351 727 3387 r.
750 3339 791 3388 50.
824 3331 899 3402 Ergo
918 3334 976 3386 nul·
1004 3331 1093 3384 tuitur
1110 3337 1205 3386 coetus
1224 3330 1338 3400 quidam
1357 3330 1544 3398 promiscuus,
1564 3330 1591 3382 in
1611 3346 1665 3399 quo
1682 3346 1734 3383 nec
1752 3329 1836 3384 dono·
1901 3322 1907 3334 ⁹

141 3421 182 3476 lus
200 3420 326 3474 minister
344 3417 479 3473 ecclesiae
496 3418 601 3489 absque
624 3418 770 3473 vocatione
793 3417 878 3473 officii
902 3417 976 3473 illius
1004 3432 1079 3485 rum,
1100 3433 1152 3471 nec
1172 3416 1311 3479 laborum,
1335 3432 1386 3469 nec
1405 3415 1581 3469 vocationum
1603 3415 1674 3468 ratio
1693 3415 1837 3471 habeatur.

141 3504 235 3578 perses
265 3506 409 3576 suscipiat.
451 3505 538 3561 Nemo
568 3505 797 3576 gubernationem
824 3505 921 3558 domus
949 3510 978 3558 et
1004 3502 1041 3559 D.
1062 3501 1238 3557 Chemnicius
1252 3502 1487 3572 part3.locorum
1504 3519 1529 3555 c.
1544 3500 1709 3556 deecclesia
1726 3518 1753 3570 p.
1770 3507 1836 3557 ³14:

141 3592 316 3649 oeconomiae
334 3591 602 3646 administrationem
626 3591 679 3645 sibi
699 3590 840 3653 vendicat,
866 3608 915 3647 nec
936 3592 975 3646 fa·
1004 3590 1209 3657 Anadapristae
1236 3589 1347 3655 dicunt,
1372 3589 1399 3640 si
1423 3589 1486 3657 quis
1515 3588 1675 3641 doctrinam
1698 3587 1839 3654 eoonpelsi

141 3681 217 3735 milia
234 3695 394 3751 quenquam
410 3677 512 3747 recipit
530 3683 614 3747 atque
632 3676 724 3740 audit,
745 3677 798 3730 nisi
809 3680 901 3748 'quem
918 3678 977 3746 ipse
1003 3675 1158 3741 intellipat,
1181 3674 1237 3726 siue
1257 3674 1282 3725 s's
1302 3673 1338 3725 sit
1356 3681 1444 3739 sutor,
1467 3673 1524 3726 sine
1541 3682 1650 3736 sartor,
1668 3674 1726 3726 sire
1744 3673 1838 3741 sober,

141 3764 339 3832 οἰκοδεσπότης
364 3765 458 3818 domui
482 3781 549 3818 suae
573 3763 738 3833 praefecerit
763 3768 790 3816 et
807 3762 976 3816 audiendum
1004 3779 1065 3814 eum
1085 3763 1184 3814 docere
1203 3768 1229 3812 et
1247 3759 1411 3812 concionari
1431 3761 1538 3814 debere.
1570 3758 1684 3814 Gentius
1704 3759 1739 3813 de
1757 3758 1838 3813 Cata-

141 3851 299 3908 domesticis
323 3851 380 3905 mir
402 3849 644 3904 commendaverit.
681 3848 745 3904 Jam
773 3865 837 3903 vero
861 3847 977 3902 ecclesia
1004 3846 1117 3917 baptist.
1137 3844 1276 3899 erroribus
1295 3845 1356 3901 libr.
1386 3851 1407 3901 1.
1432 3864 1461 3915 p.
1481 3852 1526 3901 35:
1556 3845 1768 3915 Cotobaptistoe
1792 3862 1837 3899 ru·

141 3947 182 3996 cat
200 3942 301 3994 domus
319 3939 386 4006 Des,
420 3942 442 3992 l.
462 3935 532 3991 Tim.
552 3941 582 4004 3,
612 3954 636 3988 v.
665 3941 704 3989 15.
740 3933 826 3988 Hebr.
850 3938 880 3997 3,
907 3952 931 3986 v.
952 3940 976 3990 6.
1003 3940 1079 3985 nerent
1104 3933 1161 3985 sibi
1187 3947 1280 3985 omnes
1306 3931 1503 4000 praedicandi
1528 3933 1651 3997 officinm
1685 3940 1766 4000 atque
1801 3933 1838 3985 de

141 4022 624 4081 Ministrieccleaisesuntoeconoms'
638 4019 828 4086 inhscdomo,
848 4019 975 4088 l.Cor.l,
1003 4019 1078 4083 aliis,
1098 4019 1148 4087 qui
1166 4019 1288 4087 lepitims
1301 4036 1320 4070 o
1341 4017 1510 4071 Obrmaeionis
1524 4017 1648 4072 molesios
1665 4018 1840 4071 inauctorats’

139 4131 164 4169 v.
186 4121 207 4168 1.
244 4111 321 4182 Ergo
342 4110 440 4163 domus
459 4106 542 4177 hujus
560 4107 825 4161 administrationem
843 4124 899 4160 non
917 4124 976 4161 sus·
1002 4114 1075 4173 ssent,
1095 4106 1284 4161 sciscitantur.
1312 4105 1379 4167 Quis
1393 4113 1420 4159 te
1433 4105 1538 4172 clepit!
1558 4123 1618 4157 cum
1636 4105 1731 4157 istinc
1750 4124 1768 4157 o
1784 4121 1837 4157 sisa

140 4200 252 4269 cipiant,
273 4213 324 4253 nec
336 4195 440 4251 Christi
457 4195 564 4249 familia
581 4193 643 4247 illos
664 4193 767 4260 audiat,
787 4192 840 4246 nisi
857 4194 912 4247 sint
925 4211 976 4264 per
1002 4193 1115 4261 quidem
1128 4192 1313 4244 cocoecclesia
1324 4191 1478 4246 cantantur.
1501 4191 1725 4260 2.Anabaptistis
1738 4189 1836 4246 affines
1848 4191 1969 4284 {3⁵2ng

138 4284 311 4339 vocationem
334 4298 352 4337 s
378 4282 439 4336 Deo
461 4282 523 4351 ipso
548 4280 612 4333 huic
639 4280 814 4335 oeconomiae
833 4280 973 4349 praefecti.
1001 4287 1066 4333 sunt
1084 4278 1262 4341 Pisoniani,
1293 4276 1341 4347 qui
1360 4277 1456 4332 itidem
1473 4277 1625 4331 vocationis
1644 4276 1836 4331 necessitatem
1970 4272 1976 4285 '

139 4371 239 4426 Nullus
256 4386 308 4440 pro
326 4367 413 4422 milite
430 4366 600 4435 censendus,
619 4366 667 4437 qui
686 4382 741 4419 non
759 4365 842 4419 fuerit
860 4382 878 4419 a
900 4367 974 4437 capi·
1001 4368 1031 4420 in
1048 4366 1181 4420 ecelesiae
1201 4362 1333 4418 ministris
1357 4370 1470 4434 negant.
1511 4363 1626 4419 Socinus
1650 4363 1680 4417 in
1702 4369 1780 4416 tract.
1801 4363 1836 4416 de

139 4463 219 4511 tanco
241 4456 271 4510 in
296 4470 441 4509 numerum
465 4451 584 4506 militnm
610 4451 726 4506 allectus
750 4457 779 4505 et
802 4460 975 4508 sacramento
1001 4452 1098 4508 eccles.
1122 4473 1147 4519 p.
1169 4457 1214 4507 tl:
1243 4450 1318 4513 Quid
1337 4457 1393 4513 est,
1412 4468 1462 4503 cur
1481 4468 1499 4503 o
1518 4449 1622 4503 nostris
1641 4449 1777 4502 ministr-is
1795 4464 1837 4501 re·

138 4542 252 4597 militiae
273 4540 433 4595 obstrictus.
469 4537 525 4595 Sed
544 4536 662 4591 ministri
687 4536 820 4591 ecclesiae
842 4538 976 4606 peculiari
1002 4539 1131 4608 quirent,
1159 4545 1190 4589 nt
1207 4537 1362 4605 lepitimum
1385 4537 1432 4589 sui
1447 4538 1570 4589 muneris
1587 4544 1728 4588 auctorem
1747 4542 1837 4587 osten·

140 4629 259 4698 quadam
282 4625 390 4680 ratione
414 4626 546 4680 dicuutur
565 4623 681 4691 milites,
702 4623 750 4693 qui
775 4640 843 4693 prae
860 4623 975 4695 reliquis
1002 4625 1151 4676 dunsten
1167 4641 1224 4676 non
1244 4623 1331 4675 cuiuis
1352 4621 1513 4675 Christiano
1532 4619 1639 4673 honuni
1655 4619 1735 4688 licet,
1753 4620 1837 4672 esiam

138 4715 199 4784 piis,
218 4713 266 4784 qui
286 4718 314 4767 et
331 4711 386 4783 ipsi
405 4711 457 4765 sub
479 4711 582 4766 Christi
600 4709 708 4764 vexillis
728 4716 865 4779 pugnant,
883 4714 911 4764 et
928 4726 975 4780 ge·
1001 4711 1062 4762 sine
1078 4709 1198 4776 speciali
1213 4709 1274 4761 ullo
1295 4708 1350 4761 sibi
1371 4708 1494 4777 lepitime
1520 4706 1691 4758 demandato
1714 4706 1776 4773 ejus
1795 4705 1839 4757 rei

138 4799 224 4855 nerali
241 4799 349 4853 ratione
367 4798 467 4853 milites
485 4797 630 4865 dicuntur,
656 4795 863 4867 praedicatione
889 4795 977 4863 verbi,
1002 4811 1122 4858 munere,
1140 4796 1365 4862 caritatemcrpa
1378 4794 1539 4864 prosimum
1558 4794 1706 4844 onerem!
1723 4793 1770 4846 An
1783 4809 1838 4845 non
1887 4824 1891 4829 -

139 4886 267 4957 precibus
287 4885 404 4940 maxime
426 4884 519 4952 scrin,
540 4882 696 4938 haeresium
714 4881 903 4937 confutatione
922 4890 974 4938 etc.
1003 4899 1073 4949 opus
1093 4882 1223 4934 caritatis
1243 4880 1332 4950 plone
1353 4888 1394 4933 ess
1417 4877 1660 4946 adapostolicam
1680 4880 1838 4932 doctrinam

139 4975 269 5029 adversus
279 4972 449 5026 Satanamet
459 4971 680 5040 ipsiussquamas
689 4973 824 5039 pugnant.
844 4967 977 5037 aalma,
1005 4967 1162 5035 Christique
1171 4967 1345 5034 euonpelium
1358 4965 1595 5036 conplectendum
1605 4982 1640 5018 oc
1654 4966 1838 5028 retinendum,

138 5078 160 5113 v.
179 5066 209 5116 3:
231 5059 336 5112 Tolera
356 5060 479 5110 aduersa
499 5057 671 5110 siouthonus
681 5054 845 5108 milesJesu
855 5053 977 5124 Olmiai,-
1003 5056 1036 5108 iol
1064 5061 1104 5107 est
1131 5061 1263 5106 aetenae
1291 5054 1392 5108 emulis
1421 5053 1496 5106 siam
1524 5053 1740 5122 inpediendam
1764 5051 1838 5104 alios

138 5165 160 5201 ν.
179 5153 204 5202 l.
224 5162 303 5199 nemo
320 5144 446 5197 militans
466 5143 589 5211 implicet
607 5159 637 5195 se
654 5141 774 5208 nepotis's
795 5140 976 5193 secularibus.
1002 5140 1147 5196 schemari
1164 5139 1313 5206 diuinaque
1327 5139 1452 5206 oracula,
1478 5140 1838 5207 quaeomns‘bussuntpro-

138 5233 212 5303 Ergo
240 5231 359 5284 ministri
386 5229 519 5285 ecclesiae
549 5228 718 5298 peculiarem
745 5227 821 5280 illam
850 5225 977 5280 militiam
998 5229 1110 5299 posito,
1129 5225 1190 5280 illio
1208 5225 1372 5294 explicare!
1394 5241 1421 5295 p.
1442 5229 1489 5280 16:
1519 5226 1625 5278 Ordine
1644 5225 1708 5277 licet
1727 5223 1780 5276 isto
1798 5223 1838 5290 (in

137 5337 191 5374 nou
209 5317 426 5391 aggrediantur,
448 5315 502 5370 nisi
527 5331 545 5369 a
569 5312 682 5368 coelesti
701 5313 846 5382 capitaneo
867 5311 976 5368 Christo
1003 5313 1133 5380 ecclesia)
1144 5312 1302 5378 constituto,
1315 5310 1467 5362 etiamnum
1476 5312 1539 5378 quis
1552 5327 1571 5363 o
1583 5316 1694 5378 recepto
1708 5309 1839 5361 doctrim

137 5406 163 5460 in
177 5421 240 5461 eam
253 5404 453 5458 adsciscantur.
490 5401 671 5473 Magistratus
692 5398 815 5453 officinm
830 5416 910 5455 nemo
929 5399 977 5454 ad·
1002 5403 1133 5454 recedere
1150 5415 1206 5452 non
1221 5396 1292 5465 null,
1309 5412 1392 5466 posse
1410 5404 1501 5450 tomen
1521 5396 1627 5452 Christi
1642 5394 1741 5458 fideles
1759 5403 1839 5448 entra

137 5493 293 5547 ministrare
311 5491 395 5546 debet
413 5490 520 5560 absque
537 5487 694 5556 vocatione,
710 5485 760 5557 qui
780 5487 852 5540 enim
865 5487 977 5558 proprio
1004 5489 1132 5541 ordinem
1141 5501 1198 5554 pro
1212 5483 1323 5537 ratione
1336 5482 1393 5536 loci
1405 5490 1429 5536 et
1448 5482 1581 5550 temporie
1594 5479 1672 5534 verbi
1682 5481 1743 5534 Dei
1753 5496 1837 5550 prae·
