4020 6014
717 260 1047 324 hauseramus
1064 256 1254 325 Ponmco.
1775 268 1835 335 ott

131 420 230 476 histor.
250 418 346 475 eccles.
365 432 427 489 esp.
447 423 472 476 5.
509 424 533 475 5.
553 416 584 476 34
612 418 641 474 in
656 419 896 490 persecutionibus
914 419 970 492 pri·
1001 421 1051 492 lia,
1072 418 1217 495 44441444
1234 418 1649 491 saeerdmbuspruqrerulut,
1663 421 1838 492 primo-ser·

133 510 202 560 rata
219 503 387 560 auctoritate
405 503 502 561 liceret
518 503 644 575 gladium
662 505 792 576 arripere,
818 505 971 564 obstruere·
999 509 1076 565 titur.
1119 509 1286 566 sozomenus
1303 506 1366 563 libr.
1388 512 1413 563 2.
1431 505 1493 562 hist:
1512 520 1573 577 oap.
1600 512 1641 565 23.
1668 520 1731 563 cart
1749 509 1836 579 imps-

131 597 211 647 rstur
240 591 333 647 adius
361 592 399 646 ad
436 606 565 648 coronam
599 592 727 664 martyrii
764 593 971 665 acquirendam.
998 602 1079 649 rator
1097 595 1199 650 Arsiam
1221 594 1252 648 iu
1280 593 1497 648 communiorem
1524 593 1652 666 recipere
1677 596 1837 662 4444444444,

132 683 160 734 o.
178 677 279 734 Testes
295 684 363 734 suut
380 676 527 747 hbtorise,
555 676 675 733 subditis
700 679 772 734 male
791 679 921 748 cessisee,
948 679 971 735 44
998 680 1164 736 Alexander
1181 678 1510 749 Constantinopolitanae
1532 678 1680 750 epicopus'
1698 681 1741 734 nd
1756 679 1838 736 basis

132 763 248 836 qnando
273 768 371 819 444444
396 763 540 835 proprium
563 763 757 834 magistratum
782 764 926 836 insurgere
943 770 972 821 et
1000 768 1104 822 4144444
1119 767 1275 838 proeium
1292 773 1378 821 totam
1395 772 1502 820 uectem
1515 782 1627 835 pronas
1643 764 1722 820 44444
1733 767 1837 836 Juesrss

132 848 294 906 ramalibus
324 849 408 905 armis
444 849 606 922 religionem
636 848 787 907 defendere
818 856 970 908 voluerunt
1002 855 1095 908 Deum
1112 852 1191 931 seire
1205 852 1359 922 prosulas,
1378 858 1408 905 ut
1426 852 1562 920 sesses,
1585 851 1836 922 quammultos

132 935 302 992 Mattbesius
323 936 360 992 ltu
386 936 532 1006 444444ήῴ4
554 951 628 991 anno
653 942 727 992 1542.
756 936 822 991 edit.
851 936 900 992 tols
925 937 971 1007 4444
998 948 1042 993 tae
1059 938 1223 994 444144444νί4·
1239 940 1282 993 ad
1299 939 1401 992 44414444
1412 938 1646 1007 perdsemutar,
1665 937 1836 1008 impensuri,

132 1023 316 1093 uutmluueu
344 1036 391 1092 sur
413 1023 475 1094 8444
491 1022 536 1079 ber
552 1023 720 1093 4444444444
733 1024 868 1093 4444444444
886 1024 973 1092 luiso,
998 1031 1028 1078 ae
1043 1026 1137 1090 foeda
1153 1031 1241 1080 444444
1261 1023 1398 1080 interiret.
1436 1026 1461 1080 s.
1482 1023 1571 1078 lidae·
1593 1023 1735 1089 4444444414
1752 1039 1837 1094 eupo-

132 1119 188 1166 trsr
216 1109 280 1166 lber
305 1110 350 1181 44)
375 1111 467 1180 bouet,
501 1110 558 1166 teu
585 1110 667 1177 felleo
690 1109 731 1165 tis
749 1109 868 1177 64444444
886 1108 916 1166 iu
933 1109 973 1167 tls
998 1112 1106 1180 4444444,
1132 1109 1287 1167 salumias
1311 1109 1534 1166 advenauorum
1555 1107 1704 1166 4144444444
1725 1114 1755 1164 et
1771 1126 1837 1180 sup

131 1198 239 1266 lautu,
262 1211 327 1252 4444
350 1211 406 1267 quo
431 1194 563 1266 congruit
578 1193 648 1250 illud
666 1194 815 1267 scaligeri:
835 1195 972 1250 114444444-
999 1196 1119 1267 plicibus
1137 1195 1239 1253 libellis
1257 1194 1428 1268 mitigandus
1441 1192 1624 1266 persecutoris
1643 1195 1760 1252 animus.
1777 1193 1838 1253 ’844

130 1292 176 1338 ter
193 1282 281 1350 lule,
299 1298 368 1352 quos
384 1281 483 1351 superi
499 1283 571 1335 daut
587 1283 757 1350 ruperim
793 1281 830 1336 In
847 1297 877 1336 se
894 1282 971 1352 spuit
999 1282 1127 1339 lustinus
1152 1282 1334 1355 philosopbue
1359 1288 1388 1338 et
1410 1286 1516 1354 martyr
1538 1281 1649 1352 scripsit
1674 1280 1834 1354 apologista

131 1371 168 1438 is,
185 1359 386 1439 qai'aduersus
404 1367 561 1436 olmera.
585 1367 667 1439 Ergo.
694 1371 721 1422 3.
741 1367 969 1438 Supplicaudum
1000 1385 1050 1440 pro
1068 1368 1233 1425 Christianis
1250 1369 1288 1425 ad
1309 1368 1463 1424 Antonium
1487 1367 1696 1438 imperatorem,
1725 1365 1837 1423 Tertul-

130 1454 195 1510 Deo
214 1453 267 1524 piis
286 1451 430 1524 precibus,
448 1458 481 1507 ut
498 1452 635 1508 saniorem
654 1458 775 1508 mentem
794 1452 972 1524 magistr-atui
1000 1455 1091 1510 liunus
1116 1454 1323 1526 apologeticum
1348 1454 1482 1509 adversus
1502 1459 1614 1526 gentes,
1640 1451 1838 1525 Athenagoras

132 1539 272 1597 eonoeiat
291 1543 319 1594 st
334 1537 469 1593 salutaria
485 1537 737 1609 oonsiliaipsorum
756 1539 888 1595 cordibus
907 1556 972 1610 sup
1000 1540 1152 1597 orationem
1179 1557 1228 1612 pro
1260 1538 1423 1596 Christianis
1450 1543 1503 1596 etc.
1539 1545 1564 1595 5.
1595 1537 1625 1595 si
1656 1538 1838 1611 magistratu

133 1630 224 1698 geret
259 1622 339 1680 astu
361 1630 393 1688 4,
419 1641 446 1678 4.
468 1629 508 1681 14.
532 1640 596 1680 cnm
615 1624 774 1680 Abasrerus
794 1625 917 1682 edietum
937 1625 972 1680 de
999 1627 1219 1699 persecutionem
1244 1626 1366 1682 inferens
1398 1625 1567 1697 superiorem
1591 1623 1713 1696 aliquem
1739 1618 1836 1697 reoogc

130 1711 304 1768 ludaeorum
323 1710 511 1767 internecione
527 1710 727 1783 proposuisset,
744 1711 799 1782 ipsi
817 1712 859 1765 ad
870 1727 972 1784 preces
999 1712 1097 1780 noscit,
1116 1714 1152 1771 ad
1170 1714 1245 1770 illius
1265 1712 1388 1768 tribunal
1402 1713 1627 1783 provocandum.
1665 1711 1713 1768 Sic
1728 1710 1836 1769 Paulus

132 1796 290 1867 sejejaota
307 1796 457 1852 mandante
474 1801 504 1852 et
521 1802 674 1868 praeeunte
692 1795 810 1852 Esthera
828 1812 889 1852 sese
907 1813 972 1852 oon·
1000 1815 1017 1854 a
1041 1798 1175 1855 4444444414
1200 1797 1331 1854 inferiore
1355 1798 1392 1853 ad
1417 1798 1544 1870 superius
1566 1797 1691 1855 tribuual
1713 1796 1836 1854 44444444

132 1888 253 1940 rueme.
291 1881 367 1940 Dan
385 1887 410 1951 3,
429 1900 455 1939 v.
475 1888 517 1939 24.
535 1883 677 1949 Sadraoh,
696 1883 810 1938 Mesach
830 1888 859 1938 et
876 1882 971 1939 Abed·
1000 1891 1139 1956 provocat.
1166 1888 1192 1941 6.
1206 1885 1336 1940 Aliorum
1354 1884 1597 1939 iutereeessbuibas
1613 1885 1755 1940 4444444444.
1787 1878 1836 1938 sle

131 1984 208 2043 nego
225 1968 254 2024 iu
271 1966 411 2024 iomanem
425 1969 537 2042 igneam
549 1975 664 2041 propter
675 1969 845 2042 denegatum
863 1973 972 2024 statuae
1000 1971 1185 2041 1444444414οή
1208 1969 1367 2039 eunuchus,
1394 1970 1444 2042 qui
1463 1975 1523 2026 erat
1547 1969 1576 2024 iu
1596 1969 1677 2025 domo
1695 1968 1769 2041 regis
1788 1966 1837 2025 es

131 2054 339 2111 idololatricum
363 2053 470 2109 cultum
487 2055 608 2125 conjecti
631 2056 673 2109 ud
695 2071 793 2125 preces
809 2059 972 2111 convertun-
1000 2056 1103 2121 (444444,
1122 2056 1269 2112 intercedit
1286 2073 1338 2128 pro
1355 2055 1492 2125 Jeremia,
1510 2060 1593 2112 ntea
1611 2069 1721 2111 4444444
1737 2051 1837 2108 libere·

131 2147 189 2197 tur.
209 2141 271 2196 Act
292 2146 316 2196 4.
333 2158 359 2196 v.
379 2145 421 2198 24.
438 2140 558 2212 apostoli
576 2140 611 2196 de
625 2139 735 2196 Christo
753 2141 834 2196 silere
848 2141 922 2213 J'ussi
936 2141 972 2196 sd
1000 2150 1053 2213 tur,
1072 2141 1174 2198 Jerem.
1194 2147 1236 2212 38,
1253 2160 1277 2198 r.
1297 2147 1321 2198 8.
1341 2157 1413 2213 quae
1424 2141 1586 2197 intercessio
1603 2157 1658 2196 non
1676 2138 1767 2195 caruit
1785 2152 1838 2194 sao

61 2238 65 2243 ·
130 2226 226 2282 Deum
237 2243 293 2299 per
307 2241 407 2298 4444444
428 2225 637 2282 444444444444.
672 2224 822 2281 ”Pharao
839 2225 973 2282 Isra'elitis
1000 2229 1099 2284 fructu
1135 2229 1241 2283 Esther
1261 2228 1401 2299 supplicat
1411 2226 1554 2283 Aharnam
1567 2242 1618 2298 pro
1631 2226 1735 2298 populo
1748 2224 1838 2292 Issai-
1938 2248 1942 2255 ·

131 2311 287 2370 concedere
305 2311 403 2382 noluit,
423 2319 455 2367 ut
473 2311 560 2368 cultui
579 2311 673 2367 divino
690 2311 862 2377 inservirent,
878 2312 969 2369 Exod.
999 2315 1075 2370 litico
1103 2312 1181 2369 lietb.
1209 2320 1233 2371 4.
1255 2314 1422 2384 praefectus
1447 2314 1611 2368 Edcseeuae
1631 2315 1727 2385 jussus
1744 2329 1762 2368 a
1778 2311 1835 2369 Va·

55 2463 60 2479 ν
92 2434 96 2445 ·
123 2407 161 2457 e.
180 2417 208 2455 r.
229 2404 256 2457 2.
272 2415 297 2455 4.
317 2405 341 2455 l.
366 2414 392 2453 r.
418 2405 459 2456 13.
478 2405 520 2455 22.
540 2414 603 2469 cap.
630 2404 655 2456 e.
675 2417 701 2454 v.
725 2405 764 2455 15.
786 2405 825 2456 19.
844 2405 885 2456 32.
906 2416 930 2455 o.
949 2404 972 2454 9.
1000 2402 1074 2457 14444
1097 2401 1263 2472 imperatore
1285 2399 1391 2455 Ariauo
1419 2397 1636 2454 Christianorum
1653 2403 1749 2454 444444
1767 2395 1836 2468 deii·

132 2504 162 2542 v.
182 2491 207 2540 l.
228 2490 265 2541 12.
285 2489 327 2541 34.
348 2489 391 2544 35.
409 2500 434 2539 c.
458 2490 498 2540 to.
519 2502 543 2541 v.
563 2489 587 2541 3.
600 2485 650 2540 sed
668 2490 817 2555 propterea
833 2501 889 2541 non
907 2485 975 2540 arri·
1000 2503 1063 2543 oere
1088 2503 1144 2542 non
1172 2490 1282 2542 4444414
1309 2485 1344 2540 de
1368 2484 1528 2540 imminente
1554 2483 1677 2554 periculo
1703 2483 1836 2555 populun

133 2576 260 2642 puerunt
282 2562 360 2624 sr'nu
387 2582 439 2625 nee
465 2571 668 2625 constituerunt
684 2569 839 2641 praefectos
858 2569 975 2642 imperii.
1000 2574 1188 2645 praemonuit,
1216 2576 1248 2627 ut
1269 2570 1388 2644 quilibet
1410 2569 1504 2626 locum
1522 2569 1691 2626 destinatum
1706 2568 1838 2626 lanienae

133 2657 172 2719 lu
188 2655 352 2728 capivitate
368 2654 544 2727 Babylonica
559 2673 610 2727 pro
635 2674 702 2728 rege
718 2655 975 2712 Nabuchodonosor
1000 2661 1114 2724 ritaret,
1143 2659 1194 2715 sed
1223 2657 1307 2714 etlam
1340 2656 1525 2713 numnam
1552 2655 1770 2714 Christianorum
1797 2653 1836 2711 ati

133 2747 263 2809 4444444,
290 2741 392 2797 leram.
417 2746 458 2798 aa.
493 2746 619 2813 tempore
644 2741 780 2798 Abasveri
805 2757 862 2821 nou
890 2740 974 2796 armis
1000 2745 1164 2817 martyrium
1182 2742 1390 2814 properantium
1417 2742 1639 2799 mmsdsertens
1664 2741 1701 2797 ad
1719 2740 1837 2813 impera·

133 2825 338 2898 corporalibus,
364 2825 415 2882 sed
438 2825 639 2898 spiritualibus,
658 2828 789 2898 precihus
810 2827 918 2883 seilicet
944 2831 975 2883 44
1000 2838 1088 2888 torem
1106 2830 1189 2886 dixit:
1215 2831 1337 2885 Frustra
1363 2828 1432 2883 ineo
1448 2829 1549 2883 caedes
1561 2828 1783 2899 perpetrabitur,
1800 2843 1835 2881 es

128 2913 249 2985 jejuniis
259 2911 438 2985 pugnabant,
473 2911 549 2967 Esto
567 2917 589 2969 l.
627 2913 656 2967 in
675 2913 770 2982 primis
784 2912 885 2969 seculis
897 2911 976 2970 chri-
1000 2934 1056 2990 quu
1074 2916 1226 2980 iufamium
1244 2933 1295 2971 roe
1313 2914 1425 2986 44444444
1450 2906 1648 2983 deceptorias,
1666 2929 1720 2968 esec
1742 2920 1836 2968 44444444

135 3000 222 3056 atiani
245 2998 389 3055 horribiles
413 2998 620 3070 persecutiones
651 2999 727 3071 passi
744 3004 823 3064 eunt,
849 2999 974 3055 sednon
995 3003 1231 3074 promritude'sem
1258 3001 1375 3057 44444444
1402 2999 1634 3071 eaprupaobimus,
1664 3014 1721 3071 qua
1751 2992 1840 3054 intes)

133 3084 298 3142 metunt
322 3077 550 3157 imperatoribus,
576 3082 769 3142 Nazianzenus
797 3090 867 3141 orat.
890 3091 915 3142 2.
943 3085 973 3140 in
1000 3090 1122 3146 44444444
1140 3086 1477 3159 luroremimperatorisa
1493 3084 1718 3158 populeasartlt,
1744 3083 1839 3141 ‘ihes-

132 3171 239 3229 Julian
273 3171 364 3226 Nobis
389 3189 446 3225 uos
472 3179 536 3224 44444
564 3170 626 3225 sliu
656 3188 738 3225 orma
760 3188 846 3240 queam
864 3188 972 3241 precer,
1000 3178 1112 3233 (4444444
1132 3175 1180 3232 lib.
1200 3181 1225 3232 4.
1241 3174 1338 3232 histor.
1357 3190 1419 3244 cap.
1448 3169 1641 3229 ll.'Rniiinue
1664 3169 1710 3227 lib
1730 3175 1793 3228 20.
1812 3176 1840 3227 5.

134 3254 258 3314 Basilius
270 3258 351 3329 epist
371 3263 413 3313 21.
436 3255 591 3327 Imperator
604 3256 749 3313 Gallienus
762 3257 889 3329 permisit
904 3257 973 3314 libe·
1000 3263 1083 3318 Anno
1111 3266 1184 3319 1441.
1220 3259 1444 3316 Ρ44144144414444
1470 3259 1586 3314 ordines
1610 3255 1686 3328 apud
1708 3254 1839 3312 Francis-

133 3342 385 3400 rumchnietianse
395 3342 538 3415 religionis
549 3343 718 3413 exeroitium,
736 3342 874 3399 Eusebius
885 3343 932 3400 lib.
948 3351 972 3401 l.
1001 3366 1064 3405 cum
1087 3348 1110 3405 L
1136 3346 1247 3404 Galliae
1271 3363 1365 3420 regem
1390 3345 1481 3400 missis
1505 3336 1661 3401 Ratisbona
1681 3341 1770 3398 literis
1786 3354 1841 3414 pre

133 3430 231 3486 histor.
250 3428 347 3486 444444.
364 3445 425 3500 oap.
447 3434 486 3485 12.
500 3422 533 3500 p.
547 3434 590 3486 31.
613 3444 785 3485 summotas
802 3429 875 3485 hanc
892 3430 973 3486 liber·
1000 3435 1043 3505 iis,
1072 3434 1120 3507 qui
1139 3433 1178 3490 ch
1195 3433 1339 3489 doctrinae
1356 3430 1557 3487 confessionem
1570 3429 1676 3500 'partim
1691 3426 1722 3484 444
1740 3427 1837 3484 unau-

134 3522 224 3573 tstem
241 3512 421 3581 sustulerunt,
440 3515 491 3570 sed
504 3515 656 3571 Christiani
672 3515 699 3569 ri
719 3521 747 3570 et
764 3520 872 3570 4444444
889 3531 974 3571 manu
1000 3520 1043 3589 444,
1062 3521 1163 3592 partim
1179 3519 1210 3574 in
1227 3517 1322 3574 exsilio
1341 3523 1428 3586 eram,
1444 3516 1667 3580 intercesserant,
1686 3512 1837 3570 bleidanns

134 3602 267 3659 resistere
288 3602 444 3659 noluemut
486 3600 684 3656 Constantinus
712 3616 829 3672 magnas
846 3601 973 3657 44444444·
1000 3606 1047 3662 1444.
1079 3611 1120 3662 13.
1145 3620 1244 3660 comm.
1269 3622 1296 3675 p.
1325 3608 1384 3660 341.
1418 3601 1505 3657 Plura
1521 3601 1648 3672 exempla
1672 3599 1838 3656 adduximus

134 3696 210 3744 tates
227 3695 256 3744 44
271 3686 420 3760 privilegia
436 3686 601 3743 Christiania
624 3688 770 3753 concessit,
795 3686 973 3746 constamine
1001 3691 1129 3764 superius
1155 3697 1179 3758 4.
1198 3694 1256 3746 214.
1296 3696 1322 3745 2.
1345 3687 1376 3746 Si
1400 3685 1530 3759 precibus
1547 3692 1576 3742 et
1593 3684 1838 3742 intercessionibus

134 3790 281 3831 444444444-
303 3773 415 3830 eosdem
437 3779 602 3848 persecutus
619 3779 674 3842 est,
700 3790 791 3845 neque
806 3781 900 3829 tamen
919 3775 975 3829 rim
1001 3776 1071 3832 nihil
1097 3775 1216 3833 obtineri
1240 3773 1532 3847 perstrepentium,
1551 3770 1658 3827 41444444
1673 3776 1720 3839 to,
1744 3788 1763 3826 v
1788 3775 1842 3828 234·

80 3878 84 3887 ·
135 3861 314 3934 magistratui
336 3859 536 3916 intulerunt.*⁸
571 3858 730 3931 Cyprianus
755 3858 829 3931 epist
855 3866 902 3916 56:
925 3863 975 3915 Iu·
1003 3864 1038 3918 Si
1054 3881 1103 3918 uos
1117 3863 1384 3937 persentiscerent
1408 3861 1439 3914 in
1462 3877 1522 3913 44444
1542 3858 1669 3928 ciuitate,
1692 3858 1785 3926 4444444
1803 3856 1839 3912 'is

134 3949 297 4004 mecm
331 3946 477 4016 yemitibas
512 3948 637 4000 assiduis
673 3953 699 3999 et
731 3946 974 4016 deprecationibus
1002 3950 1097 4005 ulium.
1133 3947 1290 4019 Cyprianus
1308 3945 1388 4018 epist
1416 3951 1463 4001 544
1495 3943 1631 3999 Gaudere
1645 3951 1671 3998 et
1697 3943 1839 3999 4444444444

135 4034 252 4090 miris.
287 4033 369 4088 Haec
389 4033 462 4087 enim
486 4040 550 4085 44444
571 4033 743 4086 munimento
762 4032 932 4103 spiritualis
949 4041 975 4087 et
1001 4054 1051 4091 uos
1068 4034 1158 4091 uoluit
1177 4035 1206 4087 iu
1216 4029 1456 4103 persecutionibus
1469 4029 1620 4097 Dominus,
1637 4029 1707 4100 euin
1721 4028 1838 4100 quaese
1957 4080 1961 4085 .

134 4120 196 4177 tela
221 4112 329 4184 dieirsa,
352 4134 425 4189 quae
447 4126 608 4191 prorepunt.
650 4117 710 4175 Nec
738 4117 876 4174 carebunt
903 4117 974 4173 tales
997 4121 1205 4192 parentiores
1218 4121 1308 4188 fluet,
1325 4124 1390 4171 tuac
1409 4117 1517 4172 duntur
1535 4131 1657 4171 coronae
1666 4115 1755 4186 fidei,
1770 4121 1838 4169 4444

134 4200 250 4280 prauos,
276 4206 301 4260 si
318 4221 352 4262 ex
368 4203 529 4274 poenitente
553 4209 583 4259 et
601 4202 679 4260 fideli
696 4204 781 4260 corde
797 4203 973 4275 proficiscan·
997 4208 1159 4278 prolaatur
1177 4203 1281 4259 milites
1300 4203 1366 4268 Dei,
1384 4209 1449 4256 tuso
1461 4201 1632 4271 444444ιί4444
1644 4196 1744 4270 puteis
1763 4198 1838 4254 soels'

134 4301 191 4358 tur,
208 4306 260 4346 eno
276 4289 380 4360 444444,
397 4289 474 4346 Deus
486 4290 560 4345 enim
580 4295 612 4346 ut
624 4290 747 4346 omnium
764 4289 915 4358 hominnm,
934 4289 975 4346 ita
1001 4298 1055 4349 ete.
1092 4292 1178 4347 Solus
1195 4305 1252 4344 uon
1265 4296 1315 4354 est,
1335 4289 1383 4342 sui
1395 4285 1525 4347 Christus
1542 4287 1573 4341 is
1589 4288 1663 4354 44494
1681 4300 1774 4339 eomes
1788 4291 1836 4351 eet,

134 4392 250 4452 qnoque
271 4393 369 4447 repam
393 4377 486 4432 corda
512 4377 543 4429 iu
567 4394 653 4431 mauu
675 4395 729 4430 suu
751 4375 900 4432 14454414.
933 4381 975 4446 33,
1000 4380 1078 4435 solus
1092 4396 1149 4434 44444
1168 4384 1218 4444 est,
1236 4376 1287 4445 qui
1304 4374 1439 4445 templana
1459 4373 1518 4428 Dei
1534 4388 1664 4437 serenus,
1681 4371 1839 4441 aliumque

133 4482 163 4523 v.
186 4469 227 4522 15.
246 4460 329 4518 Pror.
349 4467 391 4530 21,
413 4479 438 4517 r.
463 4468 492 4517 1:
519 4461 599 4517 Siout
617 4462 674 4515 risi
691 4478 844 4532 cumeum,
865 4464 907 4515 itu
925 4478 974 4516 eor
1000 4466 1107 4532 fusa,
1129 4463 1190 4517 siue
1215 4463 1281 4516 Deo
1305 4477 1362 4514 nors
1385 4467 1434 4513 est.
1478 4457 1673 4515 Nazianzenus
1697 4456 1727 4512 in
1756 4473 1838 4515 serm.

134 4550 213 4618 repis
227 4548 258 4603 444
270 4564 356 4602 mssa
373 4547 503 4614 Domini,
523 4564 686 4617 9444444444
702 4548 832 4616 solueret,
853 4547 975 4602 inclino·
1002 4551 1037 4607 de
1058 4567 1090 4606 ee
1112 4549 1173 4619 ipso
1191 4547 1220 4601 in
1237 4562 1335 4619 agrum
1352 4560 1477 4600 reserem
1505 4542 1540 4598 ss·
1557 4544 1593 4598 de
1610 4543 1725 4598 csbitete
1742 4542 1839 4615 depel-

138 4637 182 4693 hit
197 4636 282 4692 illud.
318 4632 448 4690 Rufinus
465 4632 513 4690 lib.
531 4639 555 4690 2.
580 4648 640 4704 cap.
662 4638 715 4689 li:
739 4633 906 4688 Ambrosius
924 4632 976 4687 ad·
1001 4637 1056 4691 lent
1074 4642 1100 4689 et
1117 4634 1285 4705 effupabaat,
1302 4629 1440 4700 4444444444
1456 4636 1482 4682 et
1499 4630 1536 4684 de
1553 4628 1666 4683 coelssts‘
1684 4629 1752 4683 arie
1769 4629 1840 4684 His·

139 4738 251 4778 serssm
267 4721 385 4792 44944444
408 4719 540 4788 (Arianae
556 4718 695 4787 lustinae)
711 4720 847 4787 surowm
868 4736 930 4773 aon·
945 4735 977 4774 se
1003 4720 1134 4787 4444414444,
1153 4735 1225 4789 quse
1243 4725 1284 4772 ert
1300 4723 1390 4770 muter
1406 4715 1528 4769 omnium
1545 4720 1680 4784 4444444444,
1696 4714 1840 4785 depellere

139 4824 229 4864 essm
247 4807 415 4872 defensabat
432 4813 484 4860 aest
502 4806 567 4870 telo,
592 4807 644 4861 sed
655 4806 778 4876 jejuniis
796 4805 976 4860 continuatis·
1001 4825 1053 4863 rsos
1073 4812 1206 4878 poterunt
1228 4803 1272 4857 eet
1293 4803 1421 4874 effosum.
1455 4798 1627 4857 Athanasius
1649 4799 1680 4855 in
1701 4798 1840 4871 apohin-

136 4911 193 4966 qae
212 4892 321 4963 44444144
343 4893 395 4948 sat
421 4891 513 4946 ulturi
531 4892 658 4963 pasus,
686 4908 742 4962 per
772 4892 976 4947 obsessiones
1002 4909 1068 4967 garn
1090 4907 1169 4947 snam
1200 4905 1335 4946 44444444
1365 4886 1482 4943 adeum
1511 4886 1641 4967 exempla
1669 4885 1779 4958 piorum
1804 4899 1839 4943 se

136 4981 318 5046 4414444444
348 4979 405 5035 sibi
437 4987 521 5049 41444
553 4978 686 5032 scobem
717 4978 842 5048 parabat
874 4979 976 5036 Deum.
1003 4994 1167 5051 magnorum
1194 4976 1334 5043 virorum,
1367 4973 1416 5047 qui
1442 4972 1528 5045 fugae
1554 4970 1689 5029 4444444444
1713 4971 1787 5028 sitae
1804 4986 1839 5028 ss

138 5071 272 5138 Dumque
292 5069 361 5122 loeo
389 5066 421 5120 s's
447 5065 560 5133 loapum
584 5064 706 5118 diversis
729 5064 865 5119 4444444444
882 5072 910 5119 et
927 5082 976 5134 op·
1001 5063 1099 5120 salutis
1116 5077 1184 5119 suae
1200 5059 1412 5127 consuluerunt,
1430 5058 1549 5126 Jueoli,
1569 5056 1617 5128 qui
1634 5055 1709 5129 fugit
1727 5055 1841 5113 itanu

132 5154 359 5228 mantisailm
386 5153 503 5206 laetias
531 5151 694 5216 moliretur,
727 5152 874 5206 Mauimus
899 5152 976 5205 detis
1001 5150 1078 5207 Esau
1097 5147 1168 5206 Gen.
1184 5153 1226 5204 27.
1245 5164 1271 5201 4.
1288 5150 1330 5203 43.
1366 5145 1486 5215 Moysis,
1506 5144 1555 5216 qui
1571 5142 1729 5199 Pharaonis
1742 5142 1841 5215 potem

140 5236 235 5298 literis
252 5240 372 5313 implam·
380 5246 557 5310 protestatur
581 5237 728 5306 inceptura,
742 5238 831 5307 fidem
850 5238 910 5291 Dei
925 5238 975 5293 irs·
1001 5237 1070 5292 tiam
1086 5234 1222 5292 reveritus
1236 5232 1312 5304 sugit
1328 5232 1358 5286 in
1375 5230 1483 5289 Midian
1500 5229 1587 5285 Exeo.
1606 5234 1631 5298 2,
1649 5247 1678 5288 v.
1699 5234 1737 5285 15.
1772 5230 1840 5284 Da·

133 5326 267 5400 passuri
294 5334 320 5380 es
349 5333 459 5381 44444444
488 5323 644 5378 catolicae
662 5322 798 5378 4441444444
821 5324 927 5388 subrui
947 5331 974 5377 et
1001 5324 1091 5389 vidie,
1117 5320 1167 5391 qui
1197 5334 1216 5374 a
1242 5317 1317 5374 facie
1337 5315 1429 5375 Saulis
1453 5333 1483 5373 se
1501 5315 1611 5372 abdidit
1630 5315 1660 5370 in
1678 5314 1844 5387 4444444444-

137 5414 212 5469 s'eter
229 5414 300 5468 ause
319 5411 553 5485 appropinquare
578 5406 685 5463 Italiae
705 5408 804 5478 coepit.
841 5408 901 5473 Quo
919 5408 974 5463 14-
1006 5416 1026 5466 1.
1045 5407 1120 5465 Sam.
1139 5411 1188 5470 22,
1206 5422 1233 5462 v.
1253 5409 1276 5461 1.
1311 5403 1411 5472 Elius,
1430 5401 1479 5474 qni
1498 5400 1639 5458 israhelis
1656 5400 1747 5456 minas
1763 5399 1842 5474 fugi·⁴

136 5501 391 5570 stimumperto,
413 5499 492 5554 44444
517 5496 605 5552 444444
627 5502 711 5565 utute
734 5494 887 5564 impsum
912 5513 974 5551 cos·
1001 5511 1051 5551 eus
1075 5494 1105 5549 in
1124 5492 1263 5548 desertum
1275 5488 1346 5547 abiit
1362 5495 1383 5546 1.
1401 5487 1472 5560 Bag.
1487 5493 1534 5558 13,
1560 5505 1587 5543 ι.
1607 5492 1631 5545 3.
1647 5487 1737 5558 ipsias
1752 5487 1840 5543 elisas

55 5582 454 5661 erumpensque,
474 5583 802 5656 lamoncmacum
822 5580 974 5654 44444444·
1002 5577 1184 5656 Mani
1203 5570 1837 5648 Bmonelueseorantmomrustoneo
