4006 6022
148 211 153 217 ’
243 227 304 285 soe
818 220 940 279 maus
958 218 1162 280 1111111111
1181 220 1360 287 cusanus

243 374 314 430 alias
334 372 543 445 distrahendas,
572 392 655 448 quam
679 376 885 446 responsionem
901 393 957 431 non
975 377 1076 446 impro·
1099 378 1231 445 periculo
1248 376 1435 431 cassandas
1450 383 1479 429 et
1496 376 1557 429 sine
1571 382 1704 445 peceato,
1730 374 1775 427 itu
1800 380 1894 426 tarsen
1908 376 1938 423 st
1948 384 1997 429 111.

114 459 293 516 Μ11111111
316 459 490 516 Chemnicius
512 470 583 533 part.
608 469 632 519 2.
659 464 740 519 locor.
772 482 800 532 p.
818 468 878 519 439.
908 465 934 519 6.
948 464 1078 516 Mntnssm
1100 444 1197 531 pirena
1222 464 1295 517 bona
1323 462 1474 517 intentione
1504 463 1542 516 sit
1565 461 1700 532 importes
1724 469 1752 516 et
1781 461 1937 514 accelerata.

116 513 220 605 {burdii}
243 547 310 602 inde
329 550 443 618 dicitur,
464 552 542 618 qrsod
560 552 596 602 dc
615 566 674 603 meo
687 551 743 620 fiat
760 551 1077 616 1111111111ὼωί11·-
1104 549 1209 612 Quodsi
1235 566 1303 621 ergo
1327 549 1357 604 iu
1384 556 1428 603 tot
1455 548 1565 604 casibus
1598 548 1704 602 licitum
1726 545 1837 619 aliquid
1869 545 1939 599 ultra

116 617 187 657 ‘¹⁰⁰⁰'
244 652 328 704 qnam
348 643 401 700 est,
419 636 447 688 si
461 634 612 689 venderem
630 636 683 688 tibi
701 636 742 703 id,
763 638 840 704 quaed
858 644 936 689 trram
955 644 1008 701 eet,
1036 636 1078 688 ita
1103 640 1205 689 sortem
1224 636 1363 706 accipere,
1391 635 1488 707 utique
1505 650 1560 689 non
1580 639 1675 704 potest
1692 640 1828 704 tanquam
1847 646 1939 685 usura·

239 739 297 791 pro
315 738 368 773 mu
384 722 530 790 pemnicc,
551 738 623 791 piae
640 722 700 789 iam
720 723 838 774 alterins
856 722 1076 787 1211111111ἰί-
1102 722 1175 775 rium
1194 726 1222 774 et
1241 720 1369 775 illicitum
1387 720 1514 775 absolute
1531 725 1560 776 et
1584 719 1748 789 simpliciter
1773 735 1875 773 census
1894 733 1938 786 pe-

243 808 314 876 ‹psid
332 807 442 874 ccipere
460 809 585 877 im‘pnnm
604 817 651 861 est.
679 808 833 878 Responsio
845 814 922 878 patet
940 825 973 862 ex
988 807 1201 869 dictiscuniae
1220 823 1329 862 anunm
1347 806 1479 862 damnari.
1524 805 1598 870 Quid
1616 805 1692 877 quod
1717 809 1805 877 pacta
1824 807 1861 857 ds
1879 804 1938 868 soe

243 893 318 950 Usus
336 894 473 965 pecuniae
491 893 592 963 duplex
610 901 661 961 est,
679 896 854 948 necessarias
874 902 900 947 et
916 876 1171 957 lucrationelnore
1188 895 1302 948 anatim
1322 893 1431 964 injure
1448 894 1582 948 canonico
1601 892 1793 963 approbantur
1813 906 1838 945 c.
1856 888 1939 943 lissi·

244 980 423 1036 Necessariae
442 980 576 1050 pecuniae
594 998 661 1033 usus
679 981 792 1051 respicit
816 997 935 1052 egenos,
964 980 1011 1051 qui
1030 962 1242 1053 pelgentibus.
1269 979 1298 1034 X
1326 980 1361 1033 de
1378 980 1477 1034 usuris.
1512 978 1697 1035 Cosanuviss
1723 978 1772 1033 lib.
1806 982 1832 1032 3.
1861 975 1939 1029 resol.

244 1068 327 1121 cunia
342 1072 437 1121 mutuo
456 1066 508 1120 sibi
528 1066 595 1121 deta
614 1073 763 1121 extremam
783 1084 860 1121 suam
879 1065 1000 1136 inopiam
1013 1066 1078 1121 sub·
1102 1084 1125 1120 c.
1157 1073 1178 1123 1.
1203 1085 1250 1121 nu.
1276 1072 1300 1122 3.
1324 1072 1354 1122 et
1377 1082 1477 1121 murae
1499 1082 1517 1120 a
1541 1066 1705 1135 fidejussore
1722 1082 1774 1135 pro
1792 1061 1940 1134 principali

244 1154 350 1222 levant3
370 1153 520 1207 lucrativus
541 1154 654 1223 respicit
671 1153 792 1215 ditiores,
814 1154 861 1224 qui
882 1152 1001 1223 pecunia
1020 1171 1078 1207 mu·
1090 1218 1092 1239 1
1102 1153 1209 1208 solutae
1227 1152 1323 1208 eodem
1330 1153 1395 1222 jure
1408 1151 1534 1208 similiter
1545 1157 1703 1224 exagitatur
1718 1166 1745 1207 c.
1759 1148 1940 1204 Constitutus.
1954 1204 1959 1213 ,

244 1244 293 1293 tuo
308 1247 423 1309 accepta
442 1240 621 1311 negotiantur
639 1248 667 1294 et
684 1240 835 1297 lucrantur.
855 1256 873 1294 a
892 1239 993 1310 quibus
1014 1257 1077 1310 par-
1090 1260 1092 1295 t
1104 1239 1133 1294 X
1151 1240 1185 1293 dc
1202 1238 1326 1308 fidejuss.

54 1387 60 1399 ἱ
243 1334 299 1380 tem
331 1327 400 1381 lucri
431 1328 553 1397 recipere
584 1327 708 1398 iniquum
737 1342 792 1381 non
827 1331 869 1379 est
899 1302 1092 1381 censenduml
1139 1331 1196 1381 251.
1246 1332 1269 1381 5.
1299 1324 1430 1395 Denique
1458 1332 1562 1397 urgent
1590 1325 1789 1380 auctoritatem
1816 1322 2001 1383 Laches-itu

115 1405 135 1449 ⁷·
148 1407 182 1448 Ab
195 1408 230 1498 Ἥ
247 1416 268 1464 7.
290 1413 475 1484 deperientia
493 1414 664 1482 comprobat,
684 1413 809 1465 censibus
828 1413 890 1465 illis
909 1413 1012 1466 annam
1031 1386 1151 1483 deiqui
1177 1410 1342 1480 simpliciter
1364 1411 1509 1466 damnavit
1531 1426 1638 1467 annuos
1666 1411 1728 1465 illos
1753 1426 1856 1465 census
1879 1414 1937 1463 tan·
1951 1378 2001 1418 ω

116 1469 204 1550 3⁰:2⁰
243 1500 346 1552 bitures
364 1499 522 1561 exhauriri,
541 1500 696 1551 creditores
713 1515 778 1551 raro
797 1499 982 1568 locupletari,
999 1507 1076 1551 artes
1089 1484 1091 1607 ἱ
1104 1513 1187 1568 quam
1204 1496 1353 1552 usurarios.
1378 1496 1434 1552 Sed
1454 1496 1541 1569 rigori
1553 1497 1676 1567 priorum
1692 1494 1856 1566 cumprimis
1875 1492 1938 1549 scri·

91 1632 94 1638 .
116 1563 210 1653 ime-⁸
242 1587 326 1638 etiam
343 1587 473 1640 honestas
490 1603 524 1637 ac
543 1586 617 1637 uitae
637 1585 813 1638 necessariae
827 1585 941 1653 neplipi,
962 1593 987 1637 ct
1005 1585 1077 1638 issac
1104 1591 1214 1653 ptorum
1234 1584 1398 1654 opponimus
1416 1582 1640 1643 moderationem,
1655 1599 1741 1654 quam
1762 1580 1892 1636 adhibuit
1907 1581 1936 1634 in

116 1667 214 1708 ΝΟΜ·
242 1673 354 1724 modeim
372 1678 505 1739 tenariam
523 1673 650 1725 tutiorem
667 1686 702 1723 ae
724 1671 901 1735 faciliorem,
928 1689 982 1740 pao
1006 1671 1077 1725 diui·
1103 1671 1213 1739 scripto.
1235 1670 1404 1725 enititulus:
1424 1670 1613 1738 illtrmubututg
1630 1668 1939 1738 1111111111111111111

241 1757 600 1827 supereminentique
621 1757 773 1810 laboriosis
787 1759 950 1826 praeferri,
972 1775 1004 1811 ea
1022 1776 1076 1826 erto
1104 1759 1154 1812 bttt
1170 1758 1277 1825 11111111
1304 1771 1334 1825 tu
1358 1758 1496 1826 pttbigtu,
1522 1763 1587 1814 tom.
1609 1762 1634 1814 6.
1655 1756 1755 1812 Witcb.
1774 1754 1871 1811 Germ.
1891 1755 1938 1808 fol.

242 1843 415 1912 reipublicae
445 1861 577 1912 mapnnm
609 1842 733 1895 imminet
763 1845 975 1898 incommodum.
1022 1843 1075 1898 Re-
1088 1866 1091 1877 ·
1104 1847 1164 1898 325.
1187 1842 1214 1898 b.
1233 1843 1281 1898 ubi
1299 1843 1384 1899 hosce
1401 1843 1525 1899 invenies
1543 1842 1728 1912 aphorismos:
1750 1847 1774 1898 l.
1791 1841 1881 1895 stricti
1893 1842 1938 1911 ju·

244 1928 426 1998 spondemus:
446 1930 549 1983 abusus
569 1929 772 1983 accidentarius
787 1929 823 1983 ab
845 1930 907 1999 ipso
932 1936 1077 1984 contractu
1102 1929 1140 1983 ris
1158 1928 1187 1982 in
1204 1928 1389 1999 prohibitione
1408 1945 1554 1984 usurarum
1576 1929 1717 2000 quandam
1736 1927 1937 1998 mitigetioun

241 2012 272 2066 in
299 2031 329 2068 se
355 2031 388 2068 ac
415 2033 466 2085 per
492 2032 521 2070 se
540 2015 614 2068 licite
634 2015 846 2085 distinguendus
862 2022 918 2075 est.
950 2016 1077 2070 usuraria
1102 2014 1131 2069 in
1154 2015 1236 2070 certis
1272 2015 1383 2071 casibus
1407 2015 1607 2077 adhibendam
1632 2020 1656 2070 2.
1680 2012 1787 2078 viduis,
1818 2013 1938 2085 pupillis,

242 2100 366 2169 pravitas
386 2102 540 2156 contractui
560 2100 713 2156 adhaerens
737 2118 792 2155 non
813 2100 888 2156 tollit
905 2102 992 2171 ipsius
1010 2119 1075 2157 con·
1102 2101 1215 2155 senibus
1235 2108 1287 2155 etc
1310 2101 1358 2171 qui
1371 2118 1427 2155 non
1447 2106 1565 2171 possunt
1575 2099 1780 2170 negotiationes
1798 2115 1933 2161 exerooeo,

244 2191 350 2240 mactus
367 2186 505 2257 justitiam
524 2192 552 2241 et
568 2187 744 2257 aequitatem.
771 2187 799 2242 si
818 2188 999 2242 observentur
1010 2205 1074 2242 con·
1102 2189 1217 2243 concedi
1239 2204 1328 2258 posse,
1346 2194 1378 2241 ut
1396 2203 1429 2243 ex
1447 2187 1568 2257 pecunia
1584 2194 1680 2240 mutuo
1699 2186 1767 2240 dats
1783 2186 1936 2257 anegatis·

242 2270 360 2327 ditiones
380 2272 507 2343 superius
527 2274 694 2343 propositae,
714 2273 821 2326 nullum
846 2289 931 2329 exeo
950 2278 1074 2329 metuen-
1101 2274 1208 2329 toribus
1233 2291 1333 2328 census
1356 2274 1503 2344 accipiant.
1548 2273 1632 2328 Illum
1653 2278 1829 2328 contractum
1856 2277 1935 2326 vocat

240 2358 307 2413 dum
327 2360 379 2413 erit
395 2359 563 2431 periculum,
590 2376 624 2413 ac
642 2358 698 2414 fine
716 2375 750 2414 eo
768 2360 832 2429 pius
851 2364 880 2413 et
899 2359 1073 2415 Christianus
1101 2360 1144 2416 cin
1179 2361 1416 2431 ilotbtotttbttleim
1452 2366 1475 2416 3.
1506 2360 1690 2415 conscientiae
1716 2375 1800 2429 posse
1823 2358 1937 2423 consuli,

241 2445 422 2516 magistratus
450 2445 579 2500 censibus
602 2445 658 2498 illis
684 2451 787 2499 certam
820 2446 1074 2501 determinationem
1102 2448 1125 2500 si
1141 2448 1323 2517 magistratus
1340 2447 1466 2502 adhibito
1492 2446 1682 2517 theologorum
1708 2449 1738 2499 et
1757 2445 1935 2514 jurisconsul-

241 2531 358 2601 adjecit,
389 2548 425 2586 ne
444 2532 473 2585 in
492 2547 591 2586 usuras
610 2529 722 2584 illicitas
739 2539 931 2585 excrescerent
948 2539 978 2587 et
994 2534 1191 2645 justi-{torum
1209 2533 1324 2589 consilio
1347 2534 1488 2604 qumdam
1507 2534 1656 2587 insessam
1676 2531 1705 2585 in
1729 2531 1774 2585 his
1790 2531 1935 2586 contracti-

240 2616 310 2671 tiam
328 2618 594 2687 rerumpublictuum
610 2617 804 2673 fulcimentum
822 2626 985 2673 everterent.
1099 2619 1152 2672 bus
1169 2619 1318 2679 adhibeat:
1355 2626 1381 2676 4.
1400 2619 1627 2691 distinguendum
1651 2633 1711 2674 esso
1729 2634 1826 2673 casum
1844 2635 1933 2674 neem·

112 2706 229 2756 tntum
276 2709 335 2760 215.
369 2710 393 2759 4.
419 2702 569 2758 Proferunt
588 2704 668 2772 juris
698 2704 829 2756 canonici
854 2704 1072 2773 dispositionem,
1100 2704 1189 2758 sitatis
1220 2720 1239 2759 a
1263 2706 1434 2775 temporibus
1462 2711 1492 2760 et
1519 2705 1657 2776 personis,
1688 2721 1762 2775 quae
1789 2722 1846 2760 non
1872 2711 1935 2758 sunt

114 2769 184 2851 11ἓὲ
240 2805 314 2860 quae
332 2788 460 2845 absolute
478 2795 506 2842 et
526 2789 687 2859 simpliciter
711 2805 806 2843 omnes
834 2806 931 2844 usuras
951 2791 1072 2845 damnat.
1099 2791 1258 2860 hujusmodi
1276 2790 1433 2847 necessitati
1453 2790 1611 2861 subjectam
1636 2798 1660 2846 5.
1677 2807 1776 2847 senon
1786 2791 1934 2846 admodum

240 2875 463 2947 Respondemus:
488 2875 681 2944 accipiendum
707 2875 737 2928 id
756 2875 792 2930 de
811 2876 903 2930 usuris
921 2876 1025 2931 illicitis
1044 2884 1072 2931 et
1100 2892 1270 2948 repugnare,
1297 2878 1321 2931 si
1348 2877 1385 2931 ed
1410 2894 1510 2932 11111111
1540 2877 1653 2931 illicitas
1684 2881 1714 2933 ot
1741 2877 1935 2932 immoderatas

239 2962 444 3031 immoderatis,
474 2979 529 3016 non
546 2967 640 3017 autem
658 2961 694 3015 de
712 2961 900 3016 contractibus
916 2963 974 3032 juri
992 2969 1073 3018 netu·
1084 2970 1088 3093 ι
1099 2963 1271 3018 cohibendas
1290 2963 1459 3018 coucedatur
1474 2961 1561 3018 nobili
1580 2967 1612 3016 ut
1631 2968 1764 3034 quatuor,
1790 2962 1935 3019 111111111ῐί

239 3050 306 3115 rali,
325 3048 448 3121 gentium
467 3055 496 3103 et
511 3036 588 3103 civili
608 3048 838 3119 congruentibus,
865 3050 937 3103 sicut
953 3049 1073 3120 pruden·
1099 3052 1132 3103 ut'
1146 3055 1226 3117 octo,
1258 3050 1374 3119 reliquis
1393 3053 1426 3103 ut
1448 3065 1496 3104 sex
1522 3049 1818 3120 florenosaocipisnt3
1854 3056 1935 3106 1111

239 3142 282 3191 ter
299 3142 394 3191 monet
411 3133 533 3203 (lemen,
559 3152 615 3186 non
631 3135 721 3200 facile
752 3143 939 3203 connectam,
971 3137 1001 3189 in
1019 3154 1074 3206 qno
1096 3137 1157 3206 jam
1175 3152 1236 3190 esse
1253 3141 1393 3206 tempora,
1416 3143 1449 3190 ut
1465 3153 1513 3191 sex
1531 3135 1642 3190 florenis
1659 3152 1693 3190 ex
1710 3143 1822 3190 centum
1839 3152 1934 3191 aureo

238 3222 388 3276 mediocris
400 3220 747 3289 aequaliuscompicitur,
757 3223 1003 3290 pronuntiandam
1017 3239 1075 3276 esse
1101 3240 1162 3277 rum
1189 3222 1341 3277 elocutione
1367 3221 1488 3292 acceptis
1510 3223 1628 3276 multum
1652 3220 1755 3277 lucrari
1783 3223 1933 3292 possimust

175 3357 177 3362 .
238 3308 411 3362 usurariam.
447 3306 481 3359 Iu
504 3307 568 3375 jure
595 3307 668 3361 enim
687 3307 820 3361 canonico
840 3314 953 3378 propter
970 3324 1074 3362 moram
1101 3316 1125 3363 1.
1143 3309 1282 3363 ministros
1313 3309 1448 3364 ecclesiae
1476 3309 1526 3362 has
1552 3308 1751 3380 disputationes
1776 3308 1878 3365 debere
1894 3327 1933 3366 re·

239 3392 383 3449 solutionis
411 3408 466 3447 non
485 3392 573 3446 solum
591 3392 624 3444 id
650 3393 728 3460 qaod
737 3392 858 3446 interest
882 3394 992 3464 exigere
1011 3411 1073 3465 per·
1099 3395 1209 3450 mittere
1225 3395 1261 3448 ad
1277 3394 1490 3464 jurisconsultos
1511 3399 1540 3450 et
1557 3395 1630 3449 siros
1648 3394 1736 3449 bonos
1754 3402 1808 3451 etc.
1832 3394 1933 3451 Hacte

239 3479 352 3534 missurn
379 3479 464 3551 (quod
487 3484 563 3533 certe
590 3495 688 3549 pamm
716 3477 801 3532 distat
828 3481 1005 3534 emodereto
1024 3481 1073 3535 illo
1100 3499 1152 3536 nus
1179 3482 1318 3536 Lutherus
1345 3482 1520 3552 magistratui
1540 3481 1587 3551 pio
1622 3485 1651 3535 et
1682 3479 1842 3536 Christiano
1859 3483 1933 3553 judi-

241 3581 341 3630 cenrn,
370 3566 407 3619 de
425 3583 479 3636 quo
496 3566 556 3635 jam
576 3565 695 3635 egimus)
714 3582 736 3618 c.
757 3565 891 3633 pervenit.
911 3566 945 3620 de
961 3565 1073 3637 fidejus·
1099 3568 1173 3621 cium
1202 3569 1376 3637 permittens,
1407 3567 1476 3638 quid
1503 3565 1659 3637 prohibitae
1689 3583 1792 3621 usurae
1821 3571 1930 3625 nomine

240 3653 366 3718 soribus3
385 3653 433 3707 sed
453 3651 536 3706 etiam
555 3652 624 3705 certi
641 3668 722 3704 casus
741 3659 948 3721 proponuntur,
966 3652 994 3707 in
1014 3652 1073 3724 qui·
1099 3654 1267 3708 censendum
1287 3654 1333 3723 sit,
1350 3670 1385 3709 ac
1403 3654 1476 3709 inter
1492 3669 1577 3724 opera
1590 3652 1794 3708 misericordiae
1810 3655 1933 3724 proximo

238 3737 293 3793 bus
311 3738 386 3792 ultra
403 3744 432 3793 et
449 3743 559 3807 praeter
577 3742 678 3791 sortem
692 3737 798 3806 aliquid
816 3753 835 3790 a
852 3737 975 3794 debitore
992 3738 1076 3794 liceat
1101 3739 1210 3794 debitae
1227 3756 1260 3793 ac
1279 3745 1437 3795 contractus
1454 3739 1549 3794 civiles
1566 3739 1676 3809 legibus
1691 3739 1843 3808 permissos
1859 3747 1933 3797 recte

240 3824 388 3894 accipere,
412 3830 508 3894 utpote
529 3841 591 3876 cnm
610 3824 643 3877 oh
662 3825 755 3876 dotem
773 3842 828 3876 non
853 3826 976 3878 solutam
995 3844 1013 3878 a
1031 3843 1072 3879 so·
1102 3827 1283 3896 distinguens.
1331 3826 1467 3882 Videatur
1498 3827 1582 3880 etiem
1610 3825 1740 3881 Brentius
1776 3827 1806 3879 in
1839 3828 1932 3898 script.

240 3927 305 3964 cero
327 3911 502 3979 permittitur
528 3925 645 3980 persero,
672 3917 701 3962 ut
728 3925 761 3962 es
785 3927 816 3963 re
841 3912 898 3963 eibi
917 3912 1195 3979 pipnorata'Germ.
1209 3924 1261 3968 oon
1274 3912 1449 3982 toudtttlltbcu
1462 3914 1637 3980 &affectem
1657 3911 1933 3981 Aepinusinoomm.

239 3997 588 4064 fractnscapiatpraeter
604 4003 717 4064 sertem,
731 3997 774 4049 uel
786 3997 954 4064 paciscatur
970 4005 1074 4051 certam
1102 3999 1202 4053 Psalm.
1237 4005 1274 4053 15.
1302 3997 1459 4068 Chytraeus
1489 4000 1518 4052 in
1547 4015 1645 4052 comm.
1677 4013 1737 4067 cap
1770 4003 1813 4056 23.
1850 3999 1931 4055 Dent

246 4084 427 4152 quantitatem
446 4083 502 4135 sibi
521 4083 671 4150 quotannis
689 4084 771 4152 clari,
795 4084 931 4151 quamdin
950 4085 1002 4138 dos
1020 4102 1075 4138 non
1087 4116 1089 4141 t
1102 4084 1301 4140 Heerbraudus
1323 4090 1352 4139 ct
1369 4083 1547 4155 Scbnepffius
1564 4085 1593 4139 in
1611 4100 1687 4139 cons.
1711 4082 1796 4139 theol.
1816 4085 1931 4141 Bidenb.

242 4171 372 4223 solvitur.
398 4169 480 4234 Quod
501 4169 751 4238 applicaturetiam
769 4173 810 4223 ad
827 4171 950 4236 viduum,
969 4171 1015 4223 cai
1033 4146 1197 4261 so-idecad.
1229 4178 1251 4227 1.
1277 4187 1352 4226 cous.
1382 4177 1407 4226 1.
1441 4178 1470 4225 ot
1496 4171 1592 4225 decad.
1619 4177 1644 4226 11.
1678 4169 1775 4225 consil
1804 4176 1829 4228 8.
1855 4171 1931 4227 Hun-

241 4256 300 4310 luto
328 4256 507 4309 matrimonio
532 4257 585 4308 dos
606 4274 663 4309 non
689 4256 853 4312 restituitur.
880 4272 903 4310 c.
928 4256 1164 4317 salubriterlnius
1193 4257 1221 4310 in
1248 4263 1273 4314 2.
1303 4256 1427 4312 Corinth.
1453 4262 1478 4312 8.
1513 4255 1654 4311 desuetus
1690 4255 1720 4309 iu
1758 4256 1862 4313 Psalm.
1895 4264 1931 4314 lb.

239 4342 269 4398 X
296 4343 330 4398 de
358 4342 463 4410 usuris3
499 4341 566 4396 item
598 4343 640 4394 ad
666 4342 809 4395 dmaiaum
833 4342 930 4402 fetidi,
958 4343 1006 4395 cai
1027 4358 1075 4397 res
1101 4343 1162 4397 Ηοὲ
1191 4344 1220 4397 in
1250 4343 1352 4413 scripto
1380 4342 1473 4398 Germ.
1496 4341 1574 4411 Lips.
1606 4346 1680 4398 tort.
1706 4341 1782 4397 odito
1805 4343 1866 4399 sub.
1891 4344 1931 4399 tit

238 4431 368 4496 feuriuls'a
386 4431 492 4482 utenda
508 4429 635 4498 fmseuda
654 4429 724 4480 data
741 4436 783 4481 est
796 4429 916 4497 interim,
935 4431 1003 4480 (ium
1021 4446 1074 4483 susa
1099 4429 1260 4497 untasidtt,
1292 4429 1323 4484 ob
1350 4430 1394 4486 ein
1418 4428 1505 4498 librili
1527 4427 1577 4483 mit
1599 4426 1931 4498 perseuerauerunt

234 4519 358 4586 pecunia
379 4518 468 4569 daret.
488 4532 510 4571 c.
534 4518 707 4584 Conqueetus
726 4514 762 4568 de
780 4514 879 4585 usuris,
899 4514 948 4567 ubi
967 4515 1074 4586 aliquot
1086 4516 1089 4525 '
1101 4517 1184 4585 11111111
1203 4516 1310 4585 arbutea
1326 4515 1428 4570 linat?
1445 4512 1622 4569 Manbachius
1639 4513 1668 4568 in
1686 4529 1787 4571 comm.
1807 4532 1872 4586 cap.
1892 4521 1931 4571 22.

238 4618 319 4657 casus
336 4610 461 4658 recenset
477 4600 580 4673 glossa,
598 4600 742 4670 inquibus
757 4608 901 4668 acceptum
919 4617 1004 4670 supra
1015 4618 1071 4657 sor·
1099 4603 1198 4665 Exodi,
1215 4617 1331 4673 quorum
1349 4601 1487 4657 sententia
1505 4598 1569 4653 huic
1588 4606 1699 4654 nostrae
1714 4605 1759 4654 est
1775 4601 1932 4657 conformis

238 4695 294 4744 tem
313 4705 369 4743 non
388 4689 476 4758 possit
492 4686 629 4742 nominari
649 4701 741 4740 usura.
779 4689 802 4740 1.
829 4686 863 4739 ss·
879 4689 1018 4757 sendum,
1036 4676 1088 4745 del
1135 4694 1193 4743 251.
1226 4686 1373 4750 Quaeritur
1394 4692 1417 4743 3.
1455 4688 1502 4740 An
1528 4693 1686 4739 murmura
1711 4686 1743 4739 in
1767 4684 2001 4743 Garumnam

1945 4747 2001 4781 mord

237 4794 293 4846 qao
310 4779 422 4842 fricatus
436 4774 566 4844 percepti
581 4779 656 4838 runt,
674 4773 712 4825 sit
729 4772 895 4827 monasterii
917 4781 968 4826 aut
986 4774 1071 4827 eccle·
1098 4774 1246 4841 republica
1271 4775 1308 4827 sit
1327 4774 1500 4827 toleranda!
1519 4772 1632 4842 Negant
1649 4769 1863 4842 Annbeptistrc
1884 4772 1933 4830 sod
1945 4794 1967 4832 n
1978 4798 2001 4830 rs

238 4865 317 4928 siae;
336 4866 363 4915 2.
381 4863 409 4915 si
429 4863 584 4928 praedium
601 4859 743 4913 aersditnm
755 4867 794 4911 est
806 4867 831 4912 et
848 4861 985 4912 mucidum
1004 4880 1072 4915 aon-
1098 4861 1263 4929 opponimus
1280 4859 1335 4914 illis
1360 4859 1531 4926 1111111111
1555 4857 1727 4924 yemalem,
1756 4858 1833 4928 quod
1849 4875 1933 4915 evau-
1945 4841 2001 4937 {11⁵2

238 4952 305 5002 deam
324 4951 406 5014 fucta
425 4948 570 5009 salamone,
591 4948 633 5000 ibi
650 4947 723 4999 enim
740 4947 854 5009 fructas
868 4948 999 5014 percepti
1016 4966 1072 5001 non
1099 4946 1204 5016 gelium
1227 4962 1283 5000 uon
1304 4944 1399 5001 abolet
1422 4944 1533 5015 politius
1560 4950 1588 4999 et
1618 4948 1777 4998 contractus
1801 4943 2001 5000 honestosrffl

237 5043 432 5104 computantur
460 5035 490 5085 in
516 5042 635 5100 sortem,·
659 5037 686 5087 3.
713 5035 820 5085 damna
843 5034 938 5085 amnia
960 5035 991 5085 in
1008 5051 1072 5087 con·
1099 5031 1210 5102 legibus
1228 5030 1348 5101 politicis
1366 5029 1503 5085 definitos.
1528 5029 1606 5087 Deus
1618 5030 1678 5100 ipse
1695 5029 1785 5087 Exod.
1807 5035 1850 5087 21.
1871 5049 1900 5087 v.
1911 5037 1933 5087 2.

237 5123 372 5177 tractibus
389 5123 476 5174 bonne
496 5121 577 5187 fidei,
599 5121 770 5187 praesertim
798 5135 830 5170 ca
855 5136 935 5171 mora
957 5121 1073 5174 11111111-
1099 5126 1128 5173 et
1149 5134 1209 5187 cap.
1234 5124 1277 5177 22,
1302 5136 1327 5170 r.
1354 5124 1377 5172 t.
1404 5117 1480 5188 leges
1502 5117 1568 5171 tulit
1593 5118 1629 5170 de
1653 5117 1790 5185 deposito,
1815 5134 1935 5173 omnmo·

235 5212 347 5275 aiente,·
370 5213 394 5262 4.
411 5211 443 5261 in
466 5215 610 5262 contractu
633 5206 825 5271 redemtionis,
854 5207 903 5257 u-bi
922 5223 1013 5259 emens
1031 5209 1072 5260 iu·
1086 5206 1176 5270 idota,
1195 5212 1289 5257 maturo
1306 5210 1359 5258 etc.
1383 5203 1484 5275 quibus
1503 5203 1641 5275 legitimus
1663 5202 1766 5257 formas
1783 5205 1936 5259 communi·

238 5305 337 5351 cratem
363 5299 492 5362 fuscina·
524 5298 549 5347 5.
568 5294 617 5346 ubi
630 5295 753 5362 pecunia
770 5293 917 5361 daturas]
930 5308 1072 5360 pompam,
1085 5286 1216 5347 laesionis
1243 5291 1268 5344 ei
1293 5297 1485 5346 contractuum
1518 5290 1692 5347 deterruisset.
1740 5286 1864 5348 “From
1899 5297 1938 5358 16,

234 5392 327 5452 potest
341 5383 570 5452 resipiscerem,
593 5383 620 5433 6.
646 5381 695 5433 nbi
711 5378 863 5448 apponitur
889 5378 1004 5446 aliquid
1024 5398 1072 5435 no-
1099 5393 1125 5431 v.
1149 5383 1192 5430 tl:
1211 5378 1329 5431 Pondus
1351 5385 1379 5430 et
1401 5385 1509 5433 staura
1524 5377 1641 5444 judicia
1664 5376 1784 5431 Domini
1806 5385 1887 5436 onst.
1913 5387 1938 5433 et

238 5470 313 5525 mine
319 5485 438 5541 poenae,
454 5475 549 5539 potest
561 5467 652 5538 recipi
664 5482 759 5536 poena
776 5463 996 5519 convmttomtn
1012 5463 1073 5516 stirs
1100 5479 1187 5533 opera
1212 5464 1272 5533 qiua
1307 5480 1402 5517 mnes
1431 5463 1545 5532 lapides
1579 5463 1732 5521 sacasiif*
1766 5457 1866 5520 'Insit
1897 5472 1939 5535 11,
