4020 6014
251 340 311 396 sss
827 332 1371 412 mcuevscnsruueausarue

250 484 445 540 adeccleeiam
457 487 613 543 redundare
626 489 710 544 debet
720 489 836 553 fructus,
857 488 953 558 utique
971 487 1006 540 ad
1021 486 1083 540 illos
1096 486 1099 539 l
1113 487 1201 542 solum
1226 489 1261 541 de
1286 488 1362 541 victu
1389 495 1418 542 et
1441 488 1544 543 amictu
1569 480 1739 557 prospicere,
1765 488 1813 542 sed
1841 488 1951 544 wedam

250 571 333 626 etiam
361 580 469 642 spectat
495 581 660 643 potestatem
689 593 768 630 suam
796 575 832 629 ad
855 559 1196 645 propagationem'etiam
1234 576 1265 627 tu
1295 573 1411 642 παιδείᾳ
1443 578 1489 626 καὶ
1526 578 1662 640 νουθεσίᾳ
1695 578 1792 644 κυρίου
1833 573 1951 626 educare

250 656 387 727 evangelii
414 674 447 711 ac
471 660 549 730 regni
574 660 676 716 Christi
701 667 872 716 4444441444.
912 660 966 715 Sed
990 676 1085 713 verum
1113 660 1184 730 Eph.
1205 666 1235 728 6,
1259 677 1285 715 v.
1310 665 1335 716 4.
1356 658 1397 714 ita
1413 674 1525 730 quoque
1544 658 1718 729 magistratui
1741 658 1881 713 incumbit
1899 675 1952 712 non

252 744 341 812 prius,
370 761 436 814 ergo
455 750 484 798 et
500 747 644 815 posterius.
684 746 825 801 Connexio
842 746 991 816 probatur,
1021 727 1101 839 quisi
1116 747 1204 800 solum
1232 746 1266 799 de
1292 751 1406 799 externe
1423 744 1625 815 tranquillitate
1642 751 1669 799 et
1687 760 1773 814 pace,
1799 743 1951 799 sedetiam

251 827 372 898 ductus,
396 831 443 900 qui
461 848 494 886 ex
514 833 693 888 conversione
712 850 808 905 regum
826 839 854 887 et
871 838 1032 902 magnatum
1050 830 1086 884 ad
1099 850 1100 890 Τ
1114 831 1149 885 de
1174 830 1347 885 subditorum
1375 831 1404 885 in
1430 848 1496 886 vera
1524 830 1658 901 religione
1684 830 1859 885 institutione
1894 845 1951 883 esse

251 914 395 968 ecclesiam
420 916 507 984 redit,
539 935 594 972 non
618 919 707 973 solum
730 919 759 971 in
784 936 815 972 eo
841 917 982 985 consistit,
1012 916 1086 986 quod
1099 903 1100 918 ¹
1114 916 1261 971 solicitum.
1302 917 1331 971 Si
1348 917 1384 971 ad
1403 915 1526 971 officium
1547 916 1697 972 Christiani
1725 915 1850 985 parentis
1868 915 1952 985 perti-

147 1045 150 1050 .
251 1001 376 1068 esemplo
394 1018 444 1055 suo
462 1002 530 1056 alios
549 1003 585 1056 ad
604 1003 778 1074 evangelium
797 1002 899 1057 Christi
919 1003 1087 1071 amplecten·
1113 1007 1161 1056 net
1191 1019 1257 1056 cura
1280 1001 1421 1072 religionis
1441 1001 1469 1055 in
1487 1001 1596 1057 familia
1618 1009 1647 1055 et
1671 1001 1753 1056 domo
1771 1018 1824 1055 sua
1841 1000 1950 1054 institn-

252 1085 488 1155 dumprovocant,
507 1087 654 1143 sedetiam
669 1088 882 1158 quodenbditos
900 1087 1086 1142 suosChristo
1113 1088 1217 1151 endec,
1237 1087 1335 1159 utique
1354 1087 1437 1142 etiam
1456 1087 1491 1140 ad
1511 1086 1722 1157 magistratum,
1741 1085 1790 1156 qui
1810 1090 1853 1140 eet
1872 1094 1952 1154 pater

242 1170 400 1244 adducunt,
417 1172 550 1228 ecclesiae
569 1174 719 1242 hospitium
739 1175 769 1228 in
786 1174 844 1229 suis
863 1174 1016 1229 ditionibus
1036 1190 1087 1244 pa·
1111 1172 1227 1242 patriae,
1247 1172 1367 1242 pertinet
1386 1173 1415 1226 in
1429 1189 1479 1226 suo
1496 1187 1583 1241 regno
1601 1171 1761 1242 religionem
1779 1187 1950 1241 promovere.

136 1250 192 1291 ΧΠ·
204 1249 237 1292 2⁸·
251 1263 313 1310 rent
334 1262 363 1310 et
381 1258 609 1328 propagationem
628 1260 765 1330 evangelii
792 1275 844 1314 sua
869 1264 1007 1330 potestate
1025 1276 1086 1329 pro·
1112 1257 1259 1313 Vocantur
1277 1266 1357 1311 scuta
1375 1266 1468 1311 terrae
1488 1256 1590 1311 Psalm.
1607 1263 1648 1319 41,
1670 1273 1694 1308 v.
1720 1264 1845 1327 litargo
1866 1258 1950 1326 perti·

251 1349 370 1398 movent.
410 1344 576 1412 Cumprimis
597 1363 661 1400 vero
679 1346 733 1399 huc
752 1346 874 1416 pertinet
891 1346 997 1400 illustre
1016 1345 1085 1399 vati·
1112 1350 1159 1397 net
1183 1344 1220 1397 ad
1246 1343 1369 1398 officium
1398 1343 1576 1414 magistratus
1600 1342 1735 1396 ecclesiae
1760 1341 1949 1396 defensionem

121 1417 236 1515 3⁸2¹&
250 1429 351 1483 ciuium
376 1429 441 1482 Esa
466 1435 514 1492 49,
539 1448 564 1483 v.
585 1437 630 1486 2³:
646 1434 756 1486 »Erunt
774 1449 852 1500 repes
872 1433 985 1486 nutritii
1001 1431 1043 1484 tui
1061 1440 1085 1483 et
1111 1429 1251 1499 suscipere
1279 1435 1307 1483 et
1329 1446 1347 1483 a
1368 1436 1575 1499 persecutorum
1604 1427 1735 1482 violentia
1761 1427 1880 1482 eandem
1900 1445 1950 1480 sua

121 1520 194 1562 arunt
250 1516 362 1582 repiuae
389 1533 483 1568 sorum
508 1517 631 1569 esurisse
655 1525 727 1570 tuae.
769 1517 972 1572 Antecedentia
996 1522 1085 1571 osten·
1110 1515 1276 1571 auctoritate
1295 1532 1329 1570 ac
1347 1520 1488 1586 potestate
1507 1514 1586 1567 tueri.

122 1582 210 1664 iiiii„
250 1600 334 1662 dunt,
366 1599 483 1669 proponi
508 1601 672 1656 vaticinium
705 1604 739 1658 de
763 1602 941 1658 conversione
959 1602 1085 1673 gentium
1148 1608 1205 1658 ttl.
1242 1606 1267 1654 4.
1301 1604 1347 1655 Es
1375 1602 1504 1670 probetis
1536 1617 1632 1666 repam
1662 1615 1695 1651 ac
1729 1599 1947 1664 ruapistratuum
1961 1585 2008 1684 ᾖξ’

121 1675 163 1714 ‘¹¹¹’
250 1685 286 1740 ed
306 1702 423 1757 regnum
436 1685 549 1754 Christi,
570 1687 613 1740 cui
626 1688 751 1758 generali
764 1688 894 1742 vaticinio
907 1688 1086 1758 subjungitur
1111 1687 1252 1754 coemptis.
1290 1688 1420 1753 Moyses,
1444 1685 1656 1755 dequoDeut.
1677 1690 1722 1746 33,
1745 1702 1772 1737 v.
1792 1683 2008 1750 §.dicimurxre

248 1771 369 1842 speciale
388 1773 423 1825 de
441 1773 620 1829 conversione
641 1791 737 1845 regum
756 1792 790 1829 ac
808 1779 971 1845 magnatum
988 1773 1084 1828 addito
1109 1772 1184 1842 quod
1203 1773 1329 1841 officium
1346 1773 1420 1839 repis
1438 1771 1467 1824 in
1484 1771 1588 1841 populo
1602 1770 1755 1825 Israiilitico
1772 1769 1948 1823 administra·

249 1857 381 1927 peculiari
398 1857 500 1925 fructu,
521 1860 569 1930 qui
588 1878 621 1914 ex
640 1860 748 1915 illorum
770 1860 949 1915 conversione
968 1861 1003 1913 eit
1023 1861 1083 1914 red·
1109 1859 1188 1923 verit,
1208 1858 1303 1913 divina
1322 1858 1485 1912 auctoritate
1503 1856 1666 1928 religionem
1683 1856 1712 1909 in
1733 1855 1837 1925 populo
1855 1855 1945 1910 tarse-

250 1943 404 1996 undaturus
438 1944 475 1998 ad
509 1944 667 2013 ecclesiam,
698 1948 771 2016 quod
791 1946 873 1999 videl.
899 1962 979 2016 reges
998 1946 1083 1999 futuri
1111 1944 1185 1998 litico
1205 1944 1367 2011 consdtuit,
1396 1943 1486 2014 legem
1505 1942 1637 1996 divinitus
1662 1946 1808 2010 acceptam
1827 1940 1947 2010 promul·

249 2027 305 2080 sint
324 2027 410 2097 ipsius
430 2031 546 2084 nutritii.
578 2023 639 2101 tigit
665 2031 804 2103 significat
833 2032 1013 2098 nutritorem,
1042 2031 1082 2084 al·
1109 2029 1199 2099 gavit,
1229 2029 1369 2084 Aaronem
1389 2029 1559 2084 sacerdotem
1577 2033 1606 2082 et
1622 2026 1709 2096 ipsius
1727 2025 1799 2080 filios
1818 2025 1946 2091 initiavit,

250 2122 350 2179 turem,
379 2113 445 2169 item
464 2126 629 2181 curatorem,
652 2126 768 2171 tutorem
792 2135 826 2171 ae
852 2119 1082 2186 dispensatorem,
1108 2114 1183 2185 leges
1201 2120 1261 2169 tum
1281 2115 1333 2168 toti
1354 2115 1466 2185 populo,
1485 2121 1544 2170 tum
1564 2113 1738 2168 sacerdotum
1758 2112 1848 2167 ordini
1867 2129 1947 2182 prae·

248 2201 341 2254 arad.
362 2201 422 2272 tlibi,
445 2203 539 2264 tidelis
554 2203 621 2271 fuit,
640 2202 707 2275 quia
726 2208 802 2258 tutor
825 2220 858 2258 ac
877 2203 996 2258 nutritor
1014 2204 1082 2257 alte-
1108 2200 1230 2270 scripsit.
1269 2200 1358 2257 Exod.
1380 2206 1419 2256 20.
1458 2200 1590 2255 Levita.
1611 2205 1640 2253 et
1668 2205 1705 2252 16.
1745 2198 1828 2254 Num.
1849 2204 1873 2251 3.
1893 2204 1945 2252 etc.

248 2285 305 2339 rius
335 2285 421 2340 filium
452 2286 481 2341 in
515 2304 593 2342 suam
623 2288 706 2343 fidem
736 2295 764 2345 et
794 2288 953 2344 clientelam
984 2288 1082 2358 recipit
1109 2287 1153 2339 De
1178 2288 1304 2358 Joeepbo
1328 2287 1452 2357 Aegypti
1478 2302 1595 2356 prorege
1621 2285 1724 2339 dicitur
1756 2284 1859 2340 Paalm.
1890 2290 1944 2351 166,

248 2372 329 2428 Num.
353 2377 397 2437 11,
427 2389 453 2424 v.
477 2377 515 2428 12.
544 2378 568 2427 2.
586 2372 657 2444 Reg.
679 2381 726 2437 10,
757 2393 781 2430 v.
816 2382 837 2429 1.
867 2374 943 2429 Esth.
965 2381 992 2437 2,
1012 2393 1037 2427 v.
1057 2382 1080 2428 t.
1107 2391 1132 2425 v.
1153 2379 1194 2428 22.
1213 2373 1288 2442 quod
1301 2374 1449 2444 principes
1467 2372 1629 2425 Ptaraouie
1659 2371 1796 2424 erudierit
1819 2370 1891 2422 aime
1916 2386 1946 2421 se

248 2459 333 2532 Terg.
359 2459 481 2514 reddidit
504 2460 645 2532 dilatati,
657 2459 739 2514 LXX
759 2459 871 2530 interpr.
885 2466 1002 2528 τίθηνυί,
1038 2461 1082 2516 Ι)4
1109 2460 1199 2527 ipsum
1223 2467 1250 2513 et
1272 2476 1351 2513 senes
1376 2460 1437 2525 ejus
1462 2459 1632 2527 sapientiam
1659 2456 1803 2522 docuerit,
1837 2471 1870 2509 er
1891 2473 1945 2526 quo

247 2546 351 2616 reginis
361 2544 470 2612 dicitur,
489 2544 563 2615 quod
572 2543 749 2599 futuraeeint
760 2535 873 2612 niam,
900 2548 1021 2600 nutrices
1047 2563 1081 2600 ac
1108 2550 1183 2599 recte
1200 2543 1308 2615 colligit
1326 2544 1501 2614 Augustinus
1521 2543 1550 2596 in
1568 2559 1665 2599 comm.
1692 2542 1767 2613 quod
1785 2540 1945 2613 Aegyptios

251 2632 412 2685 lactatrioes
424 2632 566 2694 molesios,
578 2630 661 2685 Lxx
671 2631 785 2701 interpr.
798 2638 909 2704 τροφοί.
932 2631 1080 2703 Compara·
1108 2629 1137 2682 in
1156 2646 1222 2684 vera
1238 2628 1373 2701 religione
1390 2627 1496 2683 institui
1515 2627 1659 2683 curaverit.
1699 2629 1778 2682 Unde
1801 2629 1865 2691 fieri
1878 2644 1945 2694 pos·
1958 2624 2003 2666 ¹1l'·

248 2723 293 2772 tur
307 2717 426 2772 ecclesia
437 2717 570 2787 orphanis
584 2723 612 2772 et
623 2716 746 2787 pupillis,
759 2735 876 2788 quornm
892 2735 993 2785 curam,
1010 2724 1080 2773 tnta·
1108 2715 1144 2768 eit
1161 2714 1284 2786 (inquit),
1309 2723 1340 2768 ut
1364 2716 1407 2769 uir
1430 2722 1524 2768 14444444
1549 2714 1632 2767 unius
1652 2715 1714 2768 ueri
1729 2715 1788 2768 Dei
1805 2714 1896 2767 cultor
1914 2713 1945 2764 is

247 2804 302 2858 lam
321 2809 349 2857 et
367 2803 551 2873 patrocinium
567 2803 630 2872 pius
643 2803 821 2874 magistratus
832 2803 916 2860 debet
933 2804 1081 2874 suscipere,
1108 2801 1235 2870 Aegypto
1257 2801 1369 2856 alendis
1394 2801 1586 2855 tautummodo
1620 2798 1786 2868 carpemus
1811 2807 1837 2851 st
1862 2799 1944 2852 rebus

248 2889 378 2944 ministris
400 2889 534 2945 ecclesiae
561 2888 597 2943 de
621 2890 823 2945 smtentatione
847 2895 875 2946 et
895 2890 1003 2945 salariis
1020 2907 1082 2960 pro·
1109 2892 1215 2939 tautum
1234 2887 1432 2955 corporalibus
1460 2885 1652 2954 pubermuudir
1675 2893 1746 2938 esset
1771 2885 1892 2938 interitus
1918 2891 1945 2936 st

249 2975 363 3046 spicere,
381 2979 413 3029 ut
430 2975 579 3045 impleatur
592 2975 754 3030 vaticinium
765 2976 830 3031 huic
846 2976 900 3047 ipsi
918 2976 1082 3047 parallelum
1108 2990 1163 3041 quo
1182 2988 1229 3026 444
1249 2972 1377 3026 meliores
1397 2973 1543 3039 redderet,
1565 2988 1662 3025 mmam
1681 2988 1737 3023 mou
1750 2970 1866 3023 41464444
1884 2970 1945 3021 asi·

247 3061 309 3115 Eae.
330 3067 371 3125 66,
391 3078 416 3112 v.
438 3066 482 3115 tc:
504 3061 595 3130 aspa
607 3061 801 3115 ministrabunt
819 3063 878 3128 tibi,
897 3081 921 3115 v.
944 3068 982 3117 16.
1000 3078 1082 3129 aupes
1109 3061 1237 3113 morum!
1253 3060 1348 3112 Josuu
1367 3075 1508 3114 successor
1526 3058 1633 3129 Moysis
1650 3057 1847 3112 deductionem
1865 3072 1945 3110 arcae

249 3149 295 3201 iac
307 3148 428 3216 peritiam
440 3153 467 3199 et
479 3148 635 3201 mammilla
652 3163 747 3215 rapum
772 3149 930 3202 lactaberis.
968 3149 1084 3205 Noverit
1108 3144 1214 3200 Levitis
1243 3145 1401 3216 praecepit,
1432 3144 1574 3199 renovavit
1598 3144 1697 3200 foedus
1715 3143 1787 3197 inter
1804 3143 1896 3198 Deum
1916 3149 1944 3196 st

248 3232 333 3304 igitur
353 3233 542 3305 magistratus,
560 3232 695 3288 ccclesiae
713 3233 787 3287 omni
804 3234 925 3289 humano
944 3234 1082 3305 praesidio
1108 3231 1242 3302 populum
1270 3248 1302 3287 ac
1327 3231 1459 3302 plurima,
1488 3247 1561 3301 quae
1577 3231 1614 3285 ad
1639 3229 1781 3300 religionis
1805 3236 1835 3284 et
1851 3228 1944 3284 cultus

248 3328 280 3374 ut
309 3319 459 3390 plurimum
485 3319 634 3375 destitutae
660 3335 756 3373 cruam
784 3336 819 3374 ac
849 3319 1005 3375 clientelam
1029 3320 1083 3375 sibi
1108 3318 1193 3372 divini
1213 3317 1439 3372 constitutionem
1465 3317 1621 3386 pertinent,
1651 3316 1775 3385 suscepit
1792 3316 1853 3374 Jos.
1874 3324 1898 3371 i.
1919 3321 1942 3370 8.

247 3406 323 3461 velut
342 3404 481 3459 tutoribus
500 3405 586 3475 ipsius
607 3404 661 3458 Dei
688 3421 755 3458 voce
774 3404 905 3460 hocloco
930 3422 991 3460 esse
1009 3422 1082 3462 com·
1109 3411 1150 3460 24.
1196 3403 1268 3458 sau
1297 3403 1412 3457 abdutit
1443 3419 1541 3469 mapos
1570 3410 1596 3455 et
1636 3402 1764 3456 buriates
1796 3404 1833 3456 ds
1865 3410 1944 3455 terra

247 3490 415 3553 mandatam.
1111 3498 1132 3546 1.
1153 3491 1226 3546 Sam.
1246 3494 1287 3551 26,
1302 3506 1326 3542 v.
1341 3494 1364 3543 9.
1382 3490 1464 3557 jnxta
1475 3492 1655 3558 praeceptum
1672 3486 1797 3542 divinum
1814 3487 1883 3542 Les.
1902 3493 1944 3548 26,

285 3582 341 3633 tvo.
378 3580 406 3631 3.
428 3579 473 3630 Ea
490 3576 727 3647 appellationibus
746 3584 771 3628 et
790 3576 920 3629 ermomiis
940 3577 1082 3648 magistra-
1108 3594 1133 3631 v.
1160 3580 1200 3631 21.
1220 3575 1303 3630 Dent.
1333 3580 1377 3642 16,
1405 3591 1430 3628 v.
1462 3580 1500 3629 11.
1538 3574 1638 3626 Dauid
1666 3589 1759 3627 arcam
1778 3573 1892 3629 Domini
1910 3591 1944 3628 ex

144 3694 157 3719 υ
247 3662 288 3717 tui
322 3661 472 3717 attributis.
500 3662 680 3733 Magistratus
716 3662 846 3717 dicuntur
878 3664 1005 3732 Elolim,
1039 3665 1083 3718 dii
1107 3661 1223 3717 aedibus
1236 3659 1398 3716 Obededom
1411 3658 1521 3713 reduxit
1534 3663 1558 3713 2.
1570 3657 1641 3713 Sam.
1655 3665 1680 3721 6,
1692 3677 1715 3713 v.
1734 3665 1772 3715 12.
1788 3665 1811 3715 1.
1824 3660 1888 3715 Par.
1904 3667 1945 3726 13,

136 3794 151 3821 ,
182 3812 187 3824 .
247 3747 334 3803 Exod.
354 3752 396 3815 21,
412 3764 439 3799 v.
460 3752 484 3803 6.
502 3746 604 3802 Pealm.
624 3753 665 3813 82,
685 3765 710 3799 v.
731 3755 755 3803 6.
791 3748 867 3819 Ergo
886 3756 918 3803 ut
935 3749 988 3803 Dei
1008 3750 1081 3804 vica·
1108 3767 1133 3804 v.
1152 3755 1175 3802 2.
1196 3764 1263 3816 vasa
1280 3763 1381 3813 aurea,
1401 3752 1536 3817 argentea
1553 3752 1582 3800 et
1600 3762 1683 3801 44444
1699 3745 1828 3800 hostibus
1846 3753 1943 3817 erepta

247 3834 303 3887 rios
321 3850 382 3888 sese
405 3838 506 3905 gerant
528 3840 557 3887 et
580 3833 694 3900 gloriam
711 3832 765 3887 Dei
790 3833 870 3888 unice
893 3841 1080 3904 promoveant,
1108 3832 1152 3887 vel
1170 3833 1198 3885 in
1216 3833 1326 3902 signum
1349 3830 1530 3901 subjectionis
1549 3830 1585 3885 ab
1610 3830 1677 3902 ipris
1695 3831 1800 3886 donata
1819 3831 1940 3885 Domino

248 3920 277 3973 id
295 3935 359 3974 vero
379 3919 551 3974 commodius
570 3918 746 3990 fierinequit,
765 3937 848 3992 quam
870 3921 894 3975 si
919 3921 1080 3993 diligentem
1106 3917 1289 3973 sanctificavit
1312 3907 1338 3976 2.
1358 3916 1430 3972 Sam.
1450 3922 1474 3983 8,
1504 3935 1530 3970 v.
1551 3923 1591 3972 tt.
1609 3917 1764 3986 exemplum
1784 3934 1943 3987 proponens

249 4005 390 4076 religionis
410 4011 439 4059 et
457 4005 590 4060 ecclesiae
609 4021 704 4060 curam
728 4013 835 4076 gerant.
872 3999 1013 4061 Dicuntur
1028 4026 1079 4076 pu·
1106 4005 1233 4061 omnibus
1251 4002 1493 4076 gubernatoribus,
1517 4010 1550 4059 ut
1569 4003 1605 4058 de
1626 4003 1683 4058 suis
1702 4003 1885 4059 facultatibus
1905 4004 1943 4057 ad

247 4099 337 4146 stores
355 4091 418 4145 Esa.
438 4097 485 4158 44,
505 4108 532 4142 v.
552 4096 592 4145 28.
624 4091 683 4145 Jcr.
704 4096 745 4153 49,
765 4110 789 4144 v.
813 4098 851 4147 te.
881 4091 957 4162 Ergo
975 4100 1080 4158 curent,
1107 4090 1343 4146 conservationem
1375 4087 1519 4143 ministerii
1546 4096 1574 4144 ct
1603 4087 1834 4159 propagationem
1851 4089 1942 4143 cultus

248 4183 280 4230 ut
300 4176 405 4232 subditi
421 4176 458 4230 ad
475 4193 581 4247 pascua
600 4175 730 4231 edutaris
748 4192 781 4231 ac
801 4177 962 4232 salutiferae
981 4178 1080 4234 doctri·
1106 4177 1192 4231 divini
1210 4175 1317 4246 aliquid
1338 4175 1491 4243 conferant,
1509 4176 1652 4230 coustituit
1674 4192 1769 4228 rmum
1789 4193 1860 4227 arce
1884 4178 1942 4227 Do-

247 4279 299 4318 nae
317 4261 498 4318 deducantur.
532 4261 589 4327 Qui
612 4262 796 4330 magistratui,
826 4268 855 4315 et
872 4262 986 4333 quidem
1003 4263 1080 4319 chri-
1106 4264 1175 4318 mini
1194 4265 1229 4317 de
1250 4262 1367 4329 baritis,
1391 4262 1441 4330 qui
1459 4261 1653 4315 ministrarent
1671 4268 1697 4314 et
1722 4263 1942 4317 recordarentur

248 4348 339 4402 stiano
367 4348 481 4402 unicum
509 4347 586 4402 illum
605 4355 689 4418 atque
713 4348 840 4402 ultimum
858 4346 941 4403 finem
958 4350 1080 4419 proposi·
1105 4367 1220 4418 opertum
1238 4350 1298 4416 ejus
1318 4356 1344 4402 et
1360 4348 1552 4417 plurificareut
1572 4355 1598 4400 et
1616 4347 1768 4401 laudarent
1790 4351 1943 4402 Dominum

248 4441 307 4490 tum
328 4450 389 4489 esec
408 4433 510 4489 debere
529 4434 700 4499 existimant,
726 4442 757 4488 ut
783 4441 924 4489 externam
943 4435 1082 4491 duntaxat
1107 4438 1199 4489 Deum
1218 4434 1339 4488 44444244
1362 4440 1383 4488 1.
1401 4432 1494 4487 Paral.
1519 4437 1564 4498 16,
1592 4449 1618 4487 v.
1643 4438 1668 4487 4.
1693 4433 1872 4502 praeparavit
1895 4451 1942 4487 ne·

250 4519 411 4575 felicitatem
429 4525 514 4590 atque
532 4519 764 4590 tranquillitatem
775 4519 804 4573 in
814 4520 868 4574 hac
887 4520 945 4575 vita
962 4521 1001 4576 eis
1019 4539 1080 4591 pro·
1106 4520 1227 4576 cessaria
1252 4520 1288 4574 ad
1316 4518 1413 4588 templi
1441 4523 1607 4572 snucmram
1635 4525 1656 4573 1.
1682 4518 1772 4572 Parui.
1794 4523 1841 4579 22,
1871 4536 1895 4573 v.
1919 4525 1942 4575 2.

246 4612 337 4672 curet,
370 4604 479 4659 illorum
508 4621 603 4660 vocem
632 4621 686 4659 non
717 4604 798 4658 aliter
823 4605 920 4660 audire
939 4605 1080 4677 debemus,
1106 4605 1199 4661 officia
1212 4606 1372 4662 levitarum
1387 4621 1436 4672 per
1448 4609 1539 4658 certas
1548 4604 1622 4679 vices
1636 4603 1777 4658 distribuit
1791 4611 1811 4659 1.
1825 4604 1886 4658 Par.
1900 4610 1941 4668 23,

247 4708 330 4761 quam
348 4692 372 4744 si
389 4691 583 4762 magistratum
596 4689 748 4745 bubulcum
766 4696 850 4762 atque
868 4691 1016 4761 opilionem
1032 4709 1080 4763 ap·
1106 4709 1131 4744 v.
1153 4699 1177 4747 4.
1207 4699 1235 4747 41
1265 4709 1341 4761 seqq.
1385 4691 1520 4744 84144444
1542 4690 1578 4744 ab
1603 4689 1696 4744 officio
1718 4691 1835 4744 removit
1855 4691 1941 4746 Abia-

245 4776 390 4846 pellarent.
426 4775 664 4840 Quemadmodum
683 4775 755 4830 enim
785 4782 969 4831 armentorum
995 4785 1080 4850 atque
1105 4777 1211 4832 tharam
1237 4792 1373 4831 summum
1402 4775 1573 4830 sacerdotem
1598 4792 1631 4829 ac
1658 4774 1795 4830 Sedocum
1822 4775 1851 4829 in
1869 4776 1943 4829 illius

247 4878 363 4934 gregum
388 4863 544 4932 praefectus
568 4880 619 4916 suo
649 4862 717 4916 satis
734 4861 896 4931 perfunctus
915 4869 958 4917 441
977 4863 1079 4933 officio,
1103 4865 1195 4922 locum
1212 4861 1356 4916 substituit
1377 4867 1396 4916 t.
1414 4860 1485 4932 Reg.
1506 4867 1529 4929 2,
1550 4880 1575 4916 v.
1595 4868 1635 4917 21.
1654 4862 1790 4915 emunxit
1808 4862 1942 4932 templum

245 4949 268 5003 si
289 4948 323 5003 de
341 4947 492 5003 commodis
512 4948 622 5018 pascuis
640 4947 694 5001 illis
712 4947 879 5018 prospiciat,
908 4949 1016 5003 etiamsi
1035 4965 1078 5003 ca·
1104 4948 1385 5018 Hierosolymitanum
1395 4948 1493 5018 tReg.
1503 4953 1527 5016 6,
1538 4966 1563 5005 v.
1575 4953 1632 5003 tet
1641 4964 1717 5018 seqq.
1725 4962 1820 5002 arcam
1830 4947 1943 5002 Domini

245 5034 373 5089 tervatim
394 5040 492 5104 postea
508 5033 546 5088 ad
562 5033 700 5088 lanienam
723 5032 914 5100 abducantur;
938 5033 978 5088 sic
1006 5035 1078 5104 ejus-
1104 5051 1206 5105 magna
1230 5032 1395 5088 solennitate
1420 5033 1448 5086 in
1474 5033 1543 5086 illud
1568 5033 1683 5089 deduxit
1708 5049 1741 5087 ac
1765 5033 1896 5103 precibus
1915 5039 1944 5087 et

229 5118 319 5174 'modi
343 5118 468 5173 homines
493 5118 686 5189 magistratum
708 5116 793 5172 officii
828 5117 870 5172 sui
898 5125 991 5187 partes
1018 5135 1078 5189 per·
1105 5118 1247 5175 sacrificiis
1266 5118 1335 5172 illud
1355 5118 1541 5173 sanctificavit
1575 5126 1596 5174 t.
1613 5120 1684 5189 Reg.
1707 5125 1731 5175 6.
1763 5125 1783 5173 1.
1802 5119 1896 5174 Paral.
1918 5128 1942 5174 6.

245 5204 336 5275 egisse
362 5221 457 5259 omnes
484 5203 655 5271 exmtimant,
684 5204 707 5256 si
738 5203 773 5257 de
796 5219 941 5272 corporum
960 5220 1027 5259 cura
1044 5221 1078 5260 ac
1103 5206 1166 5260 Aea
1188 5221 1235 5258 rex
1265 5204 1342 5259 duda
1351 5204 1445 5270 fecit,
1470 5207 1546 5273 quod
1565 5206 1664 5258 borium
1682 5215 1707 5257 41
1722 5204 1862 5274 placitum
1881 5214 1944 5259 erut

245 5290 333 5345 tutela
353 5288 473 5345 subditis
492 5295 566 5343 recte
581 5296 686 5352 caveat,
706 5278 815 5344 etiamsi
827 5287 936 5344 animm
955 5289 1076 5358 ipsorum
1103 5292 1133 5344 iu
1163 5299 1311 5359 conspectu
1340 5290 1472 5359 Domini,
1501 5291 1633 5344 subuertit
1660 5292 1769 5344 4444444
1796 5293 1945 5360 peregrini

245 5376 344 5431 misere
360 5376 514 5447 langueant
530 5381 560 5429 et
576 5374 605 5429 in
625 5376 760 5445 languore
786 5375 838 5429 isto
856 5379 999 5430 nemmem
1016 5392 1076 5445 per·
1104 5376 1194 5430 4444444
1213 5385 1238 5429 41
1258 5376 1366 5431 mestre
1388 5384 1413 5428 et
1433 5378 1573 5445 cousrepit
1598 5383 1709 5429 statuas
1734 5377 1866 5444 14444444
1880 5395 1944 5431 msc·

245 5466 318 5516 eant
354 5460 498 5517 Vocantiu
518 5468 620 5529 patres
652 5468 672 5515 1.
694 5462 769 5518 Sam.
795 5465 836 5528 12,
855 5477 880 5512 v.
903 5465 941 5514 15.
976 5459 1076 5525 Quem·
1101 5462 1188 5531 cidit,
1214 5463 1328 5517 abstulit
1355 5464 1528 5531 effemsautoe
1559 5464 1595 5514 de
1634 5470 1712 5514 terra
1750 5462 1945 5531 purpaoitqu

244 5547 394 5604 admodum
420 5546 508 5618 igini
536 5546 698 5617 puentibus
726 5543 863 5601 incumbit
891 5543 987 5603 literis
1017 5529 1246 5612 noniuaiuereas
1272 5549 1371 5604 sordes
1400 5546 1555 5615 idolorum,
1587 5563 1660 5615 qaue
1686 5549 1818 5612 14444441
1841 5556 1944 5617 patrer
