4020 6014
653 294 944 354 neminemne
965 295 1264 355 eocmemsmco
1438 260 1441 265 ⁴
1761 308 1796 364 ιι

105 442 241 506 melariae
262 451 475 507 necessitatibus
498 467 596 522 preces
621 450 750 507 fundunt.
786 457 810 506 t.
830 450 941 522 Nequa·
967 451 1075 520 offerat.
1114 450 1184 514 Quis
1200 468 1266 523 erpo
1278 456 1383 522 cresim,
1403 453 1577 509 doctissimos
1588 461 1685 524 potres
1701 469 1799 506 nomes

106 551 189 605 qnam
207 551 274 590 vero
292 553 375 592 sensu
401 552 435 591 eo
459 537 610 593 sacerdotis
634 537 785 609 appellatio
809 535 942 592 ministris
967 537 1123 590 sacerdotis
1147 538 1275 593 tribuisse
1293 540 1342 605 iis,
1373 540 1423 610 qui
1441 540 1531 593 solum
1557 532 1800 609 docentpopulos

107 621 241 677 ecclesiae
255 621 341 677 tribui
352 627 446 693 potest
461 624 506 678 vel
523 623 614 692 debet,
633 623 713 695 qnasi
731 628 873 678 externum
892 622 941 676 ali·
968 622 1039 676 otiis
1048 632 1227 679 sacramenta
1235 625 1404 691 ministrant,
1424 627 1477 680 sed
1485 627 1549 680 Deo
1559 625 1668 679 necdum
1680 625 1799 695 offerunt

107 706 182 777 qnod
199 722 234 760 ec
263 707 374 778 proprio
397 709 503 763 dictum
531 708 696 764 sacrificium
726 708 763 763 ed
786 684 1391 795 exemplumisacrstciemsssespendemm:
1410 712 1507 767 eadem
1519 709 1727 783 rationecolligi
1735 726 1797 782 pos-

108 791 295 848 Iscvitioorum
317 793 492 849 sacerdotum
520 792 581 851 Deo
605 794 696 849 adhuc
719 794 851 861 offerant,
879 797 1020 928 cum‘sct,
1037 793 1120 849 ctiam
1131 795 1264 866 Spiritum
1276 797 1305 854 S.
1319 797 1366 869 qni
1380 799 1409 852 in
1421 796 1569 868 Scriptmis
1590 797 1702 868 saepius
1713 797 1801 852 utitur

107 877 164 932 tale
179 878 343 932 mandatum
363 879 536 935 sacrificandi
562 880 690 951 nuspiam
718 879 847 952 legantur
864 895 941 934 ecce·
968 879 1202 949 appellationibus
1218 881 1382 954 impropriis,
1403 882 1598 953 metaphoricis
1615 899 1649 936 ac
1666 880 1800 953 figuratis,

108 963 189 1034 pisse,
201 981 266 1019 cum
278 965 343 1021 talis
357 967 486 1022 sacerdos
499 966 528 1021 in
542 966 576 1022 N.
588 967 622 1022 T.
642 967 739 1021 unicus
752 966 888 1021 dunmxat
898 965 942 1032 sit,
968 964 1024 1017 rim
1045 980 1143 1019 vocum
1161 965 1297 1037 ignorare,
1312 967 1358 1022 vel
1372 968 1406 1023 de
1418 967 1554 1022 industria
1565 967 1619 1022 illis
1630 967 1708 1023 abuti
1721 964 1800 1023 velle.

107 1047 232 1104 Christus
245 1051 304 1108 scil.
320 1052 367 1123 qui
381 1053 456 1108 solus
466 1052 653 1108 dicitnrNooi
668 1053 839 1106 Testamenti
849 1067 942 1105 sucer-
970 1050 1074 1121 Negari
1084 1055 1159 1106 certe
1170 1053 1275 1124 nequit,
1294 1060 1322 1108 ct
1333 1053 1518 1109 Bellarminus
1528 1054 1587 1125 ipsc
1598 1054 1653 1111 b.l.
1665 1051 1799 1119 concedit,

109 1138 170 1206 dos,
186 1136 273 1192 Hebr.
297 1146 326 1200 6,
350 1155 375 1193 v.
394 1144 419 1194 6.
449 1156 472 1194 ι,
495 1144 525 1208 t,
550 1157 575 1194 v.
595 1144 618 1194 3.
649 1158 671 1192 o.
691 1145 721 1204 9,
738 1155 764 1192 ι.
787 1143 827 1194 16.
847 1137 943 1208 quise
969 1136 1143 1192 sacerdotnm
1166 1155 1267 1194 nomon
1289 1139 1416 1195 omnibus
1439 1138 1602 1195 Christianis
1628 1140 1656 1194 in
1679 1138 1714 1197 N.
1732 1138 1765 1194 T.
1783 1156 1801 1193 a

108 1223 198 1292 ipsum
216 1224 304 1279 sonet
321 1226 459 1279 damasus
476 1222 574 1279 obtulit
590 1242 641 1296 pro
657 1224 779 1296 peccatis
793 1223 943 1293 bominum,
969 1218 1075 1290 Spiritu
1087 1220 1113 1278 S.
1133 1222 1225 1291 tribui,
1245 1224 1344 1295 quodsi
1361 1225 1446 1297 igitur
1463 1241 1496 1280 ex
1511 1225 1695 1297 appellatione
1712 1240 1800 1280 sacer-

108 1306 193 1364 Hebr.
213 1315 238 1378 t,
255 1326 282 1367 ι.
303 1315 344 1366 tr.
376 1328 398 1365 c.
419 1317 453 1380 9,
477 1329 502 1364 ι.
521 1315 562 1367 28.
587 1317 671 1382 atque
696 1311 780 1364 unica
803 1309 943 1365 oblatione
970 1306 1042 1361 dotis
1060 1307 1175 1365 tirmiter
1200 1309 1293 1381 colligi
1316 1315 1411 1380 posset
1433 1311 1537 1365 externi
1554 1327 1587 1364 ac
1604 1310 1715 1381 proprie
1733 1309 1800 1366 dicti

108 1396 307 1448 ocummmueit
332 1397 362 1449 in
393 1405 536 1450 aetenum
564 1413 623 1466 eos,
650 1398 700 1466 qui
723 1397 943 1464 sanctificantur,
970 1393 1117 1462 cujusdam
1141 1393 1270 1449 sacrificii
1296 1394 1414 1456 oblatio,
1443 1412 1614 1466 consequens
1645 1395 1729 1464 foret,
1756 1395 1800 1450 vel

108 1477 194 1535 Hebr.
216 1487 262 1547 10,
288 1498 314 1534 v.
339 1488 378 1537 14.
398 1499 461 1537 cum
481 1484 509 1537 in
527 1484 733 1540 enumeratione
751 1482 889 1555 graduum
909 1497 942 1536 ac
970 1475 1103 1547 Spiritum
1123 1479 1150 1536 S.
1171 1480 1313 1551 ignorasse
1331 1480 1388 1533 vim
1402 1480 1486 1551 hujus
1504 1481 1578 1535 vocis
1597 1482 1679 1552 juxta
1697 1480 1800 1536 Beller-

108 1566 235 1620 ordinum
267 1567 340 1623 inter
371 1568 510 1625 ministros
542 1571 577 1626 N.
610 1569 642 1624 T.
673 1588 727 1624 non
759 1568 809 1624 fiat
839 1568 942 1624 mentio
969 1562 1036 1617 mini
1059 1564 1263 1633 collectionem,
1290 1566 1334 1621 vel
1360 1565 1524 1621 Christianis
1547 1566 1674 1622 omnibus
1697 1568 1799 1622 externi

108 1650 205 1706 talium
226 1652 581 1726 sacerdotiumque.
603 1662 643 1711 11.
674 1662 693 1711 l.
713 1654 775 1710 Cor.
797 1661 837 1723 12,
854 1673 878 1708 v.
900 1659 941 1710 28.
970 1664 1004 1703 ac
1022 1651 1135 1720 proprie
1154 1649 1221 1706 dicti
1241 1652 1385 1725 cujusdam
1405 1650 1532 1705 sacrificii
1544 1651 1711 1708 oblationem
1728 1669 1800 1708 com-

109 1737 229 1810 deniqne
256 1755 319 1793 cum
345 1755 397 1795 nec
424 1742 577 1796 secundum
603 1742 727 1797 ordinem
751 1743 860 1807 Aaron,
890 1756 941 1795 nec
966 1740 1069 1806 petere.
1105 1735 1183 1800 Qut&
1202 1754 1236 1792 0¹
1255 1736 1334 1807 epist
1352 1737 1389 1791 td
1414 1735 1500 1791 fltbr·
1517 1736 1678 1807 ssffsruntur,
1697 1739 1734 1794 ab
1748 1739 1802 1794 hot

108 1825 262 1879 secundum
279 1825 404 1881 ordinem
423 1826 624 1883 Melchisedech
652 1827 701 1883 illo
724 1827 836 1898 quidem
859 1842 942 1882 sensu
966 1819 1026 1874 loco
1045 1819 1129 1891 plane
1140 1822 1233 1877 aliena
1248 1828 1321 1891 sunt,
1339 1822 1444 1893 qnippe
1458 1838 1522 1876 cum
1533 1838 1567 1878 ex
1578 1822 1702 1893 proierso
1716 1831 1802 1896 spent

107 1911 267 1965 sacerdotes
285 1927 346 1966 esse
368 1913 488 1983 pomint;
512 1919 673 1985 sequeretur
698 1913 770 1969 enim
793 1931 825 1969 ιχ
843 1913 941 1984 priore,
967 1906 1003 1960 de
1031 1906 1162 1977 pontifice
1192 1908 1301 1964 Veteris
1331 1908 1502 1963 Testamenti
1539 1915 1624 1980 atque
1646 1910 1801 1975 ostendent,

109 1996 183 2067 quod
195 1997 322 2052 victimas
335 2002 463 2053 cruentes
477 2000 596 2054 debeant
609 1998 771 2069 offerre;ex
783 2000 941 2071 posteriore,
968 1990 1090 2048 offitium
1115 1995 1175 2065 ejus
1197 1994 1284 2050 fuisse
1307 1993 1443 2049 sscs'ifitia
1468 2000 1582 2051 externa
1607 1995 1668 2051 Deo
1693 1996 1799 2052 offerre.

108 2083 183 2155 qnod
204 2098 261 2137 non
278 2083 352 2138 solus
371 2083 495 2140 Christus
514 2085 552 2140 sit
571 2086 699 2141 sacerdos
723 2086 874 2141 secundum
899 2101 941 2140 or·
969 2075 1024 2132 Sed
1047 2078 1093 2133 hit
1119 2086 1204 2151 typus
1225 2079 1412 2136 leviticorum
1440 2081 1614 2138 sacerdotum
1642 2081 1672 2136 in
1693 2081 1802 2138 Christo

109 2169 202 2224 dinem
229 2168 446 2238 Melchisedech,
482 2173 563 2241 cuju.
597 2172 765 2227 eontrarium
793 2171 873 2241 epiet,
905 2170 941 2225 ud
969 2164 1052 2219 unico
1071 2165 1144 2220 Novi
1153 2165 1326 2223 Testamenti
1342 2167 1485 2223 sacerdote
1495 2166 1623 2238 jamdum
1642 2169 1802 2240 completus,

110 2254 197 2309 Hebr.
218 2255 317 2311 uomit
335 2273 360 2312 e,
379 2263 403 2324 7,
424 2263 445 2313 1.
482 2257 638 2313 15,me
657 2263 712 2327 eet,
731 2257 869 2329 apostolor
887 2272 942 2312 non
968 2251 991 2305 is
1012 2251 1083 2305 enim
1103 2254 1223 2323 offerens
1240 2271 1270 2308 se
1296 2255 1387 2324 ipsum
1400 2254 1507 2308 Deos'u
1527 2271 1581 2308 aru
1593 2257 1694 2318 erucis,
1714 2257 1799 2310 unico

112 2341 197 2397 fuuse
216 2358 283 2396 usos
302 2341 459 2397 nominibus
484 2342 645 2411 sacerdotii,
670 2342 810 2408 sacrificii,
836 2342 942 2413 templi,
968 2337 1022 2392 illu
1039 2338 1179 2394 oblatione
1197 2341 1396 2395 consummarit
1416 2340 1447 2393 irs
1466 2347 1609 2394 ιιιιοιιιιιιιι
1625 2342 1802 2406 sanctifican-

112 2427 205 2482 altaris
227 2432 257 2482 et
280 2426 410 2481 similium
434 2444 524 2483 rerum
549 2428 660 2500 vigente
678 2427 942 2484 adbucosacerdotio
969 2425 1029 2490 dos,
1048 2423 1134 2480 Hebr.
1154 2430 1199 2494 10,
1217 2444 1244 2484 v.
1266 2432 1305 2483 ts.
1325 2442 1502 2500 nequaquam
1521 2426 1608 2499 igitur
1624 2427 1653 2482 in
1671 2427 1803 2483 ministris

112 2512 244 2581 Judsioo,
267 2512 435 2567 contrarium
464 2514 537 2569 enim
561 2532 593 2570 ex
623 2515 733 2586 scriptis
755 2515 877 2585 ipsorum
900 2520 942 2569 est
968 2510 1103 2566 ecclesiae
1119 2510 1193 2567 Novi
1213 2512 1289 2571 Test.
1307 2513 1357 2569 sed
1380 2513 1410 2567 in
1430 2514 1488 2568 solo
1513 2510 1623 2568 Christo
1641 2512 1724 2585 hujus
1743 2515 1803 2584 typi

113 2597 373 2668 manifestissimum,
390 2600 419 2654 in
435 2599 538 2671 quibus
556 2601 599 2656 his
616 2609 647 2657 et
663 2601 800 2657 similibus
820 2600 941 2674 appella·
968 2594 1092 2667 implet-io
1110 2598 1269 2671 quaerenda
1286 2606 1336 2656 stt·
1373 2598 1478 2663 Qu⁰d⁸i
1504 2615 1552 2668 0⁸,
1579 2614 1651 2669 (11186
1678 2598 1714 2653 (10
1735 2616 1803 2669 pon·

112 2686 233 2741 tionibus
253 2702 336 2741 sensu
357 2685 494 2756 spirituali
514 2692 543 2741 et
561 2687 679 2758 mystico
697 2687 807 2758 saepius
825 2693 942 2742 utuntur
967 2680 1805 2756 tificcVeterisTestamsntiinspistadHebraeosdicuntur,

113 2787 144 2828 so
161 2771 224 2843 ipso
241 2771 380 2837 docentes,
396 2771 502 2828 cultum
520 2772 681 2835 Lenticum,
702 2772 736 2829 V.
747 2771 781 2828 T.
800 2777 941 2828 externum
967 2767 1005 2823 sd
1028 2768 1167 2824 ministros
1190 2768 1261 2827 Novi
1284 2768 1358 2826 Tsst
1383 2769 1586 2826 accommodari
1609 2769 1743 2827 deberent
1759 2771 1804 2828 rol

112 2857 192 2915 inN
213 2856 247 2914 T.
264 2858 296 2913 in
315 2858 485 2928 spiritualem
498 2876 558 2915 esse
570 2875 739 2927 conversum,
759 2859 834 2930 quod
850 2859 942 2929 ipsum
967 2860 1094 2925 possent,
1120 2861 1295 2928 sequeretur,
1324 2856 1466 2911 ministros
1500 2855 1572 2912 Nori
1603 2856 1679 2914 Test.
1707 2856 1804 2915 itidem

113 2960 174 2998 enm
194 2943 306 3000 disertis
323 2943 416 3000 verbis
428 2943 546 3015 apostoli
558 2945 696 3010 docerent,
716 2945 868 3015 periculum
879 2945 941 3000 nul
968 2941 1123 3010 exemplari
1150 2950 1176 2995 et
1205 2943 1326 2997 umbrae
1348 2943 1442 2997 ediec
1472 2944 1628 3012 desereire,
1662 2944 1737 3014 qnod
1768 2943 1805 3001 ds

39 3037 102 3086 tati.
112 3030 166 3085 lum
187 3029 256 3098 fuit,
279 3046 315 3085 ne
334 3047 388 3085 usu
406 3030 515 3104 illarum
538 3047 639 3086 vocum
660 3032 727 3086 ritus
745 3031 909 3088 Leviticos
901 3049 940 3086 ιιι·
968 3026 1076 3082 Veteris
1099 3027 1175 3082 Test.
1199 3027 1391 3084 sacerdotibus
1414 3027 1513 3083 eadem
1531 3028 1671 3084 asserite.
1691 3033 1759 3098 8,v.
1732 3035 1804 3086 vt.

112 3131 213 3172 novare
239 3121 290 3171 aut
311 3115 475 3173 confirmare
498 3117 664 3173 riderentur.
704 3123 729 3174 6.
756 3117 830 3173 Illud
858 3119 940 3173 etiam
967 3117 1142 3185 sequeretur,
1167 3113 1305 3170 ministros
1334 3114 1407 3172 Novi
1438 3112 1515 3169 Test.
1544 3119 1673 3171 cruentas
1699 3114 1804 3171 hostias

112 3209 185 3259 recte
201 3202 405 3274 explicandum,
424 3204 500 3274 quod
516 3203 701 3260 Bellarminus
722 3205 802 3274 dicit,
820 3213 942 3275 tempore
967 3198 1066 3255 offerre
1083 3199 1184 3256 debere
1203 3206 1232 3256 et
1255 3217 1288 3256 ex
1307 3199 1437 3256 levitica
1453 3201 1588 3256 duntaxat
1604 3201 1679 3257 tribu
1697 3191 1734 3255 ad
1754 3202 1804 3256 mi·

111 3289 303 3360 apostolorum
315 3291 408 3344 adius
428 3290 750 3358 eipubseeocerdctium
768 3291 940 3359 ludoicum
966 3285 1109 3341 nisterium
1126 3287 1269 3359 eligendos
1294 3304 1370 3356 esse,
1401 3304 1436 3343 ea
1460 3287 1533 3343 enim
1552 3288 1587 3343 de
1611 3288 1802 3344 sacerdotibus

112 3375 145 3431 de
166 3374 244 3432 iacto
268 3374 298 3429 id
316 3375 488 3431 verissimum
506 3381 555 3444 est,
573 3374 623 3431 sed
648 3375 814 3430 sidicinum
832 3376 940 3431 consili·
967 3370 1077 3428 Veteris
1093 3372 1166 3428 Test
1187 3372 1331 3444 Scriptura
1342 3374 1444 3444 passim
1457 3378 1583 3430 testatur.
1612 3381 1637 3430 t.
1649 3376 1760 3428 Docere
1777 3383 1805 3428 st

112 3478 156 3517 nm
179 3461 217 3517 ad
248 3460 377 3518 εὐδοκίαν
402 3462 539 3532 respicere
563 3461 694 3531 velimus,
720 3469 807 3518 morte
835 3461 938 3517 Christi
965 3467 1143 3513 sacramenta
1162 3459 1322 3514 ministrare
1340 3477 1395 3514 ιοιι
1412 3459 1504 3513 solum
1521 3446 1646 3515 consent
1664 3461 1804 3533 episeopis

112 3549 238 3604 omnibns
255 3547 399 3604 sacrificiis
418 3547 607 3619 corporalibus
628 3553 656 3602 et
675 3549 795 3604 externis
813 3550 939 3621 adeoque
966 3552 992 3599 st
1006 3546 1189 3614 presbyteris,
1216 3547 1268 3600 sed
1283 3545 1366 3599 etiam
1383 3545 1520 3608 diaconia
1540 3553 1566 3599 et
1582 3553 1675 3599 ιιιιιιιιι
1688 3546 1806 3600 diuoooi

111 3634 158 3690 toti
175 3633 265 3690 cultui
287 3633 411 3690 Levitico
428 3633 491 3688 finis
508 3632 564 3688 init
579 3633 738 3704 impositus,
763 3642 795 3689 ut
820 3653 875 3689 non
894 3635 940 3690 de·
967 3649 986 3685 a
1006 3633 1142 3686 semibus
1166 3650 1221 3687 non
1245 3631 1377 3686 dicautur
1399 3631 1574 3701 socndotes,
1593 3638 1624 3685 ut
1643 3639 1751 3687 coortat
1770 3649 1803 3687 ιι

110 3718 219 3776 tuerint
236 3719 357 3789 amplius
380 3719 481 3792 sigere.
517 3717 645 3775 ”Ratio
662 3719 837 3789 Bellarmini,
864 3723 942 3790 quod
968 3717 1124 3787 despectius
1150 3718 1199 3774 lib.
1224 3718 1271 3774 20.
1297 3719 1333 3771 de
1359 3717 1410 3770 cio.
1435 3717 1497 3771 Dei
1520 3734 1543 3773 e.
1566 3721 1611 3774 10.
1631 3725 1658 3770 et
1681 3718 1803 3774 concilio

107 3807 195 3876 primi
210 3805 370 3862 Circeium·
382 3813 501 3876 propter
518 3813 654 3860 recentem
672 3808 834 3861 memoriam
849 3824 941 3862 sucer-
970 3805 1102 3874 Curttop.
1125 3805 1178 3858 IV.
1204 3821 1265 3858 cao.
1290 3808 1315 3857 4.
1333 3804 1382 3858 ubi
1399 3803 1511 3869 detes,
1528 3805 1665 3860 diaconos
1687 3822 1744 3859 ιιοιι
1762 3807 1805 3859 ud

111 3893 180 3947 dotis'
190 3892 330 3946 Auroaios‘
341 3909 360 3945 α
377 3890 511 3946 uocabulo
528 3893 684 3946 sacerdotii
698 3893 889 3960 abstinuerint,
907 3910 941 3948 uc
968 3890 1276 3953 sacerdotium,eedod
1284 3890 1470 3944 ministerium
1481 3891 1620 3946 ordinari.
1645 3890 1803 3962 Responde·

108 3985 259 4048 propterea
282 3977 426 4047 apostoles
446 3977 506 4031 suis
529 3977 561 4031 ιἰι
583 3978 709 4047 epistolis
729 3996 785 4047 pro
808 3980 940 4033 socerdo-
969 3993 1041 4031 mus:
1055 3978 1137 4046 juxte
1146 3975 1261 4046 phrasin
1270 3976 1428 4047 Scripturas
1441 3977 1599 4032 nonsolam
1617 3976 1735 4046 diaconi,
1753 3978 1802 4034 sed

111 4063 180 4118 tibus
203 4064 351 4134 episcopos
378 4071 404 4117 st
425 4063 604 4132 presbyteros
629 4064 748 4132 (imissa,
775 4063 822 4120 lib.
857 4071 878 4121 1.
905 4066 940 4120 de
968 4060 1051 4118 etiam
1087 4062 1179 4133 quivis
1215 4060 1365 4118 Christiani
1401 4063 1456 4118 dici
1485 4068 1603 4134 possunt
1638 4062 1803 4120 sacerdotes

111 4151 192 4205 missa
207 4167 232 4207 c
255 4155 294 4206 te.
313 4155 343 4206 et
359 4149 407 4205 lib.
427 4154 453 4206 3.
471 4149 506 4204 de
524 4149 602 4204 cultu
620 4156 706 4205 sanct.
724 4168 748 4207 c.
765 4156 789 4206 4.
816 4149 885 4206 haec
901 4151 940 4205 in-
968 4147 1151 4220 Temporibus
1170 4148 1322 4221 Augustini
1342 4151 1372 4205 in
1392 4150 1510 4207 ecclesis
1525 4149 1659 4205 usitatum
1677 4149 1745 4216 init,
1770 4156 1805 4206 ut

111 4253 191 4307 qnam
219 4235 393 4292 rationulis
417 4242 473 4304 est,
496 4237 545 4291 sed
570 4236 638 4308 quia
663 4236 780 4306 apostoli
804 4236 940 4306 sciebant,
968 4252 1018 4305 per
1040 4234 1114 4290 solos
1133 4235 1313 4306 presbyteros
1342 4235 1525 4291 eucharistias
1547 4235 1697 4292 celebratio
1723 4253 1801 4306 pera·

111 4321 214 4376 nullum
243 4322 321 4377 alind
342 4338 402 4378 esse
423 4321 458 4378 N.
486 4321 521 4376 T.
548 4320 725 4388 sacrificium,
756 4339 840 4394 quam
867 4324 940 4394 quod
969 4326 1093 4391 geretur,
1112 4321 1178 4377 inde
1194 4320 1313 4384 iectrrm,
1340 4330 1373 4377 ut
1393 4321 1434 4376 illi
1460 4322 1512 4378 soli
1536 4322 1693 4378 dicerentur
1711 4338 1800 4377 sacer·

112 4406 233 4465 Christus
252 4410 312 4480 ipse
339 4408 368 4463 in
390 4424 439 4463 ara
452 4407 542 4463 crucis
553 4406 666 4475 obtulit,
684 4407 757 4462 sicut
768 4408 886 4478 epistola
903 4410 940 4464 ad
971 4406 1058 4474 dotes,
1076 4406 1127 4462 scd
1145 4406 1201 4461 tale
1219 4406 1366 4463 discrimen
1392 4407 1465 4462 inter
1483 4407 1677 4479 presbyterum
1695 4412 1725 4462 et
1742 4407 1801 4461 dia·

111 4492 194 4550 Hebr.
210 4510 245 4550 ex
265 4492 389 4564 professo
407 4494 502 4557 docet,
527 4493 591 4551 ideo
609 4496 784 4549 sacerdotum
810 4501 838 4548 et
857 4495 941 4550 meri·
968 4509 1067 4549 conum
1095 4493 1222 4564 ignotum
1248 4493 1303 4547 tuit
1329 4493 1474 4563 apostolis,
1502 4494 1606 4566 quippe
1631 4493 1679 4564 qni
1707 4509 1803 4548 omnes

111 4578 233 4636 liciorum
251 4580 356 4636 nnllam
374 4579 464 4637 fecere
482 4581 658 4637 mentionem.
694 4579 848 4635 Deficiente
867 4582 939 4637 enim
968 4579 1101 4634 ecclesiae
1129 4578 1282 4646 ministros,
1309 4580 1367 4634 sive
1392 4580 1530 4650 episcopi,
1558 4580 1617 4634 sive
1640 4578 1804 4650 presbyteri,

111 4684 139 4724 re
154 4666 216 4737 ipsa
231 4683 300 4723 nsua
311 4683 423 4739 qnoque
434 4667 508 4722 vocis
521 4667 651 4738 exspiret,
669 4666 713 4722 vel
727 4687 840 4740 καταχρ
833 4669 942 4734 ,σηκοῖς
967 4666 1026 4720 sive
1048 4665 1158 4720 diaconi
1177 4665 1240 4729 sint,
1263 4671 1346 4720 vocat
1370 4665 1535 4739 οἰκονόμους
1555 4670 1715 4736 μυστηρίων
1734 4671 1804 4720 θεοῦ
1818 4682 1864 4724 ιιι
1869 4681 1925 4725 ιιι

112 4752 243 4811 duntaxat
259 4751 401 4809 retinetur.
407 4751 444 4788 θ’
972 4758 993 4808 1.
1014 4751 1078 4807 eor.
1100 4759 1125 4819 t,
1142 4770 1167 4807 v.
1189 4758 1211 4808 1.
1230 4752 1356 4850 ignotum
1375 4752 1458 4808 etiam
1481 4751 1536 4806 fuit
1558 4749 1693 4807 ecclesiae
1710 4751 1802 4822 primi·

39 4836 90 4880 ’ω’
145 4845 185 4898 16.
201 4839 301 4911 Neque
323 4838 475 4911 quidquam
498 4838 604 4895 roboris
630 4839 702 4894 inest
720 4838 909 4894 Bellarmini'
901 4857 941 4893 ιιι-
967 4838 1042 4893 tiras
1060 4838 1192 4909 apostolis
1210 4838 1334 4906 vicinae,
1359 4839 1434 4909 quod
1461 4838 1523 4907 ipsa
1544 4835 1697 4907 Augustini
1715 4837 1803 4893 verba

39 4890 82 4980 ²¹3
111 4925 225 4983 mutis.
263 4932 286 4981 l
304 4924 472 4994 &quereus
489 4925 611 5025 (inquit),
630 4943 723 4980 omncs
732 4933 834 4995 patres
851 4925 940 4980 Grae·
968 4925 1093 4994 innuunt,
1118 4941 1190 4996 quae
1216 4923 1256 4979 sic
1274 4924 1392 4980 babent:
1419 4922 1483 4978 Soli
1501 4923 1627 4992 episcopi
1643 4931 1671 4976 at
1687 4923 1802 4996 presby·

110 5029 154 5067 coe
169 5011 323 5066 emines
339 5011 410 5064 vel
398 5027 543 5080 spectasse
562 5012 619 5065 uim
635 5010 718 5078 iupus
736 5012 824 5079 υοιιι,
843 5011 887 5065 uel
904 5013 978 5064 det
968 5013 1023 5065 teri
1032 5012 1099 5079 jam
1116 5018 1251 5065 uocantur
1268 5013 1443 5075 sacerdotes,
1468 5024 1502 5063 ex
1525 5009 1724 5065 consuetudine
1742 5009 1801 5065 scil

110 5096 249 5151 indensis
265 5095 320 5151 illu
339 5096 418 5150 abidi
432 5097 560 5151 semisse.
588 5097 717 5167 Namque
738 5100 779 5151 uit
796 5097 941 5168 apostolus
967 5102 1030 5169 post
1051 5094 1238 5167 apostolorum
1262 5102 1386 5165 tempora
1410 5095 1440 5149 in
1463 5094 1610 5150 ecclesiam
1636 5095 1801 5161 introducta,

110 5183 149 5236 ud
161 5183 308 5237 Hebraeos
325 5185 361 5236 5:
386 5183 483 5236 Omnis
501 5183 632 5251 perstises
650 5184 825 5238 comtituitur
845 5185 875 5237 iu
894 5184 939 5253 iis,
967 5183 1095 5254 quesolis
1110 5181 1280 5253 presbyteris
1293 5181 1476 5236 eucharistiae
1488 5180 1639 5238 celebratio
1651 5181 1705 5236 fuit
1715 5181 1802 5252 assig-

110 5286 180 5338 qrsue
194 5278 261 5324 suat
277 5271 320 5323 ud
337 5271 445 5337 Deum,
465 5277 496 5323 ut
513 5271 615 5339 offerat
633 5271 711 5323 dona
733 5277 760 5323 et
778 5269 938 5338 sacrificia;
967 5277 1040 5325 nata
1060 5274 1084 5324 3.
1094 5268 1249 5327 Concilium
1257 5269 1414 5322 Nicatorem
1423 5285 1484 5322 cao.
1500 5273 1539 5324 lt.
1551 5270 1648 5323 reddit
1658 5269 1800 5321 benecau-

109 5363 136 5410 et
152 5374 176 5414 c.
194 5362 224 5414 t:
253 5356 352 5410 Omnis
371 5357 501 5425 pestifer
524 5357 566 5411 ed
585 5358 758 5426 offerendum
776 5372 894 5409 munera
913 5364 938 5409 et
964 5375 1040 5425 som,
1056 5357 1134 5425 quod
1145 5355 1262 5408 diesem
1275 5372 1330 5409 eon
1344 5355 1463 5409 babeant
1472 5362 1637 5424 potestatem
1656 5354 1801 5422 sacrificiu

108 5444 211 5498 boetius
229 5442 416 5499 ιοιιιιίιιιίιιιι.
452 5444 492 5497 Et
503 5443 569 5497 iude
576 5443 681 5513 probat
698 5443 773 5496 idem
784 5442 938 5512 apostolus,
964 5440 1798 5513 offerendi,sedeolssminsacrificiosacerdotibusmissistrcsr-

109 5528 248 5587 cirtem
263 5546 322 5586 nos
333 5529 587 5594 mercurialem,
602 5527 631 5583 si
646 5527 717 5583 nitet
735 5528 844 5599 tubsot,
863 5529 940 5598 quod
965 5530 1005 5582 di.
1034 5525 1258 5601 Respondemusz
1278 5525 1365 5585 verbe
1377 5526 1491 5587 canonis
1505 5524 1613 5584 Graeca
1627 5524 1668 5582 sic
1685 5524 1801 5583 babent:
