4020 6014
214 272 275 331 286
787 263 909 322 LOCUS
928 261 1132 320 vlcasuffls
1151 262 1330 328 QUARTUS

165 475 168 480 .
214 437 270 476 uon
302 438 362 476 esse
391 421 493 477 bonam
524 440 558 478 ac
594 429 717 476 sanctam
746 419 801 474 Dei
836 418 1044 480 ordinationem,
1058 416 1061 483 l
1075 416 1173 487 fuerit,
1191 416 1308 472 Canum
1326 418 1405 490 regia
1425 426 1453 473 et
1470 418 1646 474 monarchica
1665 426 1802 490 potestne
1822 419 1852 473 in
1870 421 1909 474 ci·

214 507 323 577 potiora
353 509 422 563 haec
453 516 525 563 sunt.
573 508 666 562 Prima
695 506 790 560 classis
824 505 912 575 petita
942 511 984 559 est
1014 492 1061 583 ex!
1074 503 1160 558 vitate
1177 521 1195 559 a
1212 521 1242 560 se
1262 513 1400 559 exstructa
1416 504 1502 559 fuisse
1525 511 1677 573 umatum,
1703 513 1786 576 prout
1813 514 1910 560 censet

88 609 106 650 1.
123 609 158 649 ex
216 593 375 664 Scripturas
395 594 487 649 dietis:
505 600 528 648 1.
548 594 663 646 Primae
677 592 803 645 interris
816 591 968 644 monarcho
989 588 1247 662 fait'Augustinus
1266 591 1329 648 libr.
1353 598 1394 648 15.
1418 593 1454 646 de
1475 592 1527 648 civ.
1550 592 1604 647 Dei
1624 610 1685 663 cap.
1705 599 1752 648 20:
1792 594 1905 647 Eadem

88 663 187 753 Ἥρω
216 679 386 744 Ns'mrodcs,
414 683 523 749 dequo
541 696 668 747 expresse
687 679 806 742 dicator,
830 678 908 746 qaod
925 674 1048 743 coeperit
1073 677 1172 730 ciuitas
1190 677 1348 748 (inquiens),
1367 695 1452 746 qaam
1474 680 1545 733 (loia
1563 680 1593 731 io
1610 680 1833 734 nornineEnoch
1845 680 1908 746 fitis·

90 763 107 804 ¹·
122 764 179 805 ⁰⁶¹¹·
215 783 274 820 esse
287 775 388 835 potens
408 768 438 819 in
458 776 535 820 terra
555 775 581 819 et
597 766 675 833 qaod
692 764 865 833 primitium
885 761 967 830 regni
984 760 1046 828 ejus
1074 764 1120 815 sai
1138 765 1274 828 condidit,
1293 765 1374 831 longe
1393 765 1503 832 lateque
1524 781 1644 832 regnare
1662 766 1757 833 potuit
1783 774 1810 819 et
1829 784 1909 834 repes

87 813 201 909 lindisi*
213 853 303 917 suerit
321 853 412 906 Babcl
431 851 532 907 Genea.
556 857 603 918 10,
629 869 654 903 v.
677 856 716 905 10.
742 856 764 904 1.
784 847 876 903 Paral.
898 853 926 909 l,
954 864 979 901 v.
1007 851 1045 899 10.
1072 849 1173 901 haben
1190 867 1246 903 oon
1264 849 1465 919 simclplurea,
1482 852 1534 903 scd
1546 849 1755 904 miscentibus
1772 851 1909 919 singulm,

88 920 189 1020 22:330.
216 940 306 1006 Atqcs'
330 940 356 992 is
380 939 440 1002 suit
467 937 579 991 rebellis
604 943 631 988 et
655 935 819 1001 seditiosus,
850 936 914 986 Deo
934 931 1047 984 minime
1072 951 1141 1003 quos
1162 935 1321 1003 cenchreae
1343 936 1401 988 siti
1416 952 1595 989 mecessuros
1618 937 1773 1005 quassaque
1791 953 1909 1005 regnos·

87 1029 147 1062 ¹⁰²¹·
213 1025 337 1092 placens,
356 1026 432 1092 quod
450 1023 545 1090 arguit
562 1022 655 1090 speum
669 1039 768 1074 nomen
782 1020 930 1072 deductum
949 1017 1047 1088 “77⁷3
1072 1029 1146 1088 seat,
1174 1021 1272 1074 horam
1296 1038 1394 1090 regum
1411 1023 1524 1091 privam
1549 1038 1607 1075 esse
1628 1024 1722 1089 potuit
1739 1024 1801 1092 ipsc
1821 1021 1904 1087 Cloio,

213 1111 365 1177 rebellare,
385 1111 518 1173 deficere,
548 1110 623 1161 ande
641 1108 746 1160 dicitnr
762 1106 852 1171 fortas
868 1111 983 1157 venator
1002 1120 1045 1156 oo·
1072 1108 1208 1159 secundas
1233 1108 1314 1176 filios
1343 1108 1406 1176 ejas
1437 1109 1535 1162 Enocb
1569 1113 1621 1161 eto.
1665 1107 1904 1180 Distinguendum

213 1216 275 1251 rom
288 1197 421 1260 Domino,
441 1196 509 1264 quio
526 1203 557 1248 ot
573 1193 823 1250 oenaloroewleol
834 1192 914 1252 serm
936 1205 1046 1258 capere,
1072 1199 1165 1247 umen
1190 1192 1274 1247 hrerit
1297 1193 1371 1248 inter
1391 1193 1516 1248 latiorem
1546 1202 1575 1249 et
1603 1193 1769 1248 strictiorem
1796 1213 1905 1250 monar-

214 1283 255 1336 sic
274 1283 335 1352 ipse
352 1282 476 1335 homines
497 1281 644 1352 oppresm.
669 1277 711 1330 Ex
723 1294 777 1348 quo
797 1275 858 1330 tale·
869 1275 989 1329 formant
1004 1291 1046 1329 ar·
1072 1278 1151 1333 chiae
1177 1276 1415 1349 significationem.
1460 1279 1556 1334 Priore
1583 1280 1665 1334 modo
1695 1281 1831 1351 accipitur
1857 1300 1908 1351 pro

213 1376 389 1441 gumentum:
409 1366 550 1437 Quidquid
571 1381 589 1417 a
604 1363 725 1418 violenta
739 1370 767 1417 et
784 1361 887 1431 injusta
905 1361 1046 1416 hominum
1073 1363 1199 1434 qnalibet
1210 1364 1379 1434 reipublicae
1391 1364 1637 1430 administratione,
1656 1366 1701 1419 cui
1713 1383 1784 1421 unus
1804 1367 1906 1438 aliquis

216 1454 393 1524 oppressione
412 1453 547 1523 originem
563 1449 649 1504 trahit
673 1466 706 1503 ac
730 1449 802 1502 malo
831 1447 929 1501 nititur
946 1447 1046 1516 princi·
1073 1466 1135 1502 cum
1160 1449 1276 1519 imperio
1300 1457 1424 1519 praeest;
1456 1451 1607 1520 posteriore
1630 1452 1712 1507 modo
1730 1469 1782 1521 pro
1800 1470 1856 1507 uno
1875 1471 1908 1509 ex

213 1541 276 1610 pio,
296 1539 365 1594 illud
381 1556 438 1593 non
457 1542 549 1609 potest
568 1553 627 1592 esse
647 1551 665 1589 a
682 1534 743 1589 Deo
762 1533 951 1588 constitutum.
990 1530 1046 1587 Sed
1073 1541 1192 1605 quatuor
1217 1535 1270 1589 illis
1295 1535 1408 1590 summis
1430 1536 1460 1589 in
1479 1536 1622 1607 Scriptura
1648 1538 1798 1592 numeratis
1822 1540 1908 1610 impe-

216 1627 363 1696 imperium
383 1623 588 1678 monarchicum
614 1639 632 1676 a
655 1620 777 1676 violenta
796 1626 825 1676 et
841 1619 944 1689 injusta
960 1618 1047 1674 homi·
1075 1621 1130 1675 riis.
1168 1620 1319 1676 Nimrodus
1341 1622 1396 1676 fuit
1417 1622 1522 1692 primus
1544 1623 1693 1677 monarcha
1712 1641 1796 1678 sensu
1816 1635 1907 1695 poste-

216 1728 282 1766 nnm
310 1711 488 1781 oppressione
515 1707 649 1778 originem
679 1706 765 1760 trahit
791 1723 824 1760 ac
852 1705 924 1759 malo
953 1705 1049 1758 nititur
1075 1707 1155 1771 riore,
1179 1707 1246 1777 quia
1262 1707 1435 1777 Babylonica
1454 1707 1614 1762 monarchia
1638 1709 1667 1761 in
1692 1709 1753 1778 ipso
1771 1710 1907 1782 originem

217 1799 361 1868 principio,
378 1803 411 1849 ut
428 1812 461 1849 ax
480 1794 604 1849 Nimrodi
623 1792 738 1847 historia
756 1799 873 1846 constat.
906 1791 981 1863 Ergo
994 1798 1046 1845 ete.
1074 1793 1182 1847 habuit
1211 1792 1309 1864 Neque
1332 1799 1425 1846 tamen
1451 1809 1485 1847 ex
1504 1809 1537 1846 oo
1558 1793 1652 1848 inferri
1675 1803 1778 1864 potest,
1809 1798 1905 1849 omnio

216 1884 439 1955 Respondemus:
458 1888 480 1937 l.
499 1880 612 1952 quidam
631 1880 666 1933 de
679 1878 799 1934 ferarum
813 1879 948 1933 duntaxat
965 1895 1047 1933 vena·
1074 1879 1195 1946 imperio
1221 1880 1345 1947 primum
1367 1880 1397 1932 vi
1417 1878 1568 1942 conicient,
1602 1880 1676 1949 quod
1697 1882 1758 1935 vult
1779 1882 1906 1936 Bodinns

215 1971 291 2026 tione
308 1970 424 2039 Moysen
437 1966 512 2037 loqui
529 1966 694 2031 existimant,
713 1965 762 2018 sed
775 1965 944 2019 conharium
956 1974 1046 2019 osten·
1074 1964 1122 2020 lib.
1144 1971 1166 2020 1.
1189 1963 1223 2018 de
1237 1962 1344 2033 republ.
1365 1981 1388 2018 c.
1407 1971 1430 2019 b'.
1450 1965 1537 2018 multo
1557 1965 1661 2029 minus,
1680 1984 1714 2021 ea
1732 1985 1749 2022 a
1766 1968 1828 2023 Deo
1848 1986 1904 2023 nou

89 2068 145 2109 a111.
157 2066 202 2107 uo.
217 2057 307 2110 dimus
324 2054 449 2124 nuperius
466 2049 494 2125 ξ.
515 2057 555 2107 21.
592 2056 615 2106 2.
629 2049 746 2114 Quidam
759 2050 884 2105 Nimrodi
902 2050 1046 2120 imperinm
1074 2067 1133 2105 esse
1161 2051 1323 2113 constituta,
1353 2065 1387 2104 ao
1414 2050 1530 2119 proinde
1557 2052 1679 2106 tollenda
1703 2062 1732 2108 et
1759 2054 1907 2121 abolenda,

218 2141 326 2196 laudari
344 2140 517 2207 enisumant,
535 2155 598 2192 cum
616 2137 749 2200 addatur,
773 2136 847 2206 quod
864 2134 950 2190 fuerit
968 2134 1047 2188 fortis
1074 2136 1149 2208 quod
1173 2138 1271 2191 volunt
1297 2136 1509 2206 Anabaptistae.
1544 2138 1616 2194 Nam
1634 2140 1721 2206 primo
1745 2148 1810 2195 ante
1829 2142 1906 2197 Nim-

215 2235 330 2282 veuator
362 2244 459 2280 corum
485 2226 609 2279 Domino
632 2224 690 2277 sive
712 2223 742 2275 in
759 2230 910 2292 conspectu
927 2220 1047 2287 Domini,
1073 2223 1171 2277 rodum
1193 2227 1318 2293 potestas
1335 2223 1448 2292 politica
1465 2225 1562 2291 gladii
1584 2226 1694 2279 nomine
1712 2227 1870 2298 significata
1889 2247 1907 2283 a

178 2314 180 2318 ‘
216 2314 268 2369 hoe
294 2322 337 2368 est
356 2313 430 2383 quod
449 2311 502 2366 Dei
518 2313 599 2382 jussu
616 2327 649 2364 ac
670 2310 800 2364 mandato
824 2307 973 2362 instituerit
992 2324 1049 2362 eer-
1073 2308 1135 2363 Deo
1152 2308 1206 2362 fuit
1222 2308 1351 2362 instituta
1368 2308 1437 2363 Gen
1457 2316 1481 2372 9,
1498 2327 1524 2364 v.
1537 2315 1561 2365 6.
1574 2310 1801 2382 distinguendum
1820 2315 1906 2385 igitur

216 2407 273 2454 tam
288 2399 400 2469 politiae
413 2398 536 2463 formam,
555 2395 765 2466 praescripserit
781 2394 909 2449 honestas
930 2393 1006 2464 leges
1024 2403 1053 2447 et
1073 2398 1146 2451 inter
1169 2400 1334 2465 potestatam
1362 2402 1391 2449 et
1413 2395 1531 2450 abusum
1564 2397 1718 2467 potestatis.
1765 2399 1906 2470 Tyrannio

216 2486 245 2540 iu
264 2484 358 2540 allicio
385 2483 551 2538 continuerit
572 2481 696 2536 homines
722 2480 759 2533 ad
785 2481 915 2534 tuendam
939 2498 1048 2551 rempu·
1074 2499 1130 2536 non
1148 2490 1190 2538 est
1208 2482 1269 2551 ipsa
1286 2487 1410 2551 potestas
1427 2481 1549 2551 politica,
1570 2482 1619 2537 sed
1630 2482 1734 2537 abusus
1745 2487 1906 2554 potestatis3

216 2571 319 2626 blicam
344 2576 373 2624 et
389 2569 545 2634 ecclesiam,
566 2569 691 2638 adeoque
714 2567 751 2621 ad
768 2566 821 2621 Dei
840 2567 971 2638 gloriam3
999 2567 1048 2622 sed
1074 2571 1103 2623 in
1115 2568 1249 2624 Nimrodo
1267 2567 1394 2638 mannis
1406 2568 1515 2623 initium
1535 2570 1643 2638 hahuit,
1661 2588 1716 2624 non
1734 2577 1827 2627 autem
1845 2574 1908 2645 ipsa

217 2658 384 2713 conuarium
403 2655 521 2710 suadent
537 2654 627 2724 ipsum
646 2653 772 2710 Nimrodi
788 2670 888 2708 nomen
914 2654 1048 2723 ejusdem·
1074 2662 1206 2726 potestas,
1226 2671 1260 2708 ea
1277 2655 1397 2709 animer
1410 2655 1504 2709 divina
1516 2654 1688 2710 institutione
1700 2666 1770 2714 orta.
1796 2658 1907 2715 Deinde

216 2761 271 2814 que
296 2742 481 2813 periphrasis,
512 2740 587 2813 quod
611 2740 696 2795 fuerit
711 2742 798 2802 fortis
816 2746 945 2809 venator,
977 2757 1048 2811 quae
1073 2760 1091 2796 a
1120 2740 1282 2812 particulari
1309 2757 1364 2795 non
1392 2749 1484 2811 potest
1510 2742 1606 2812 colligi
1631 2743 1796 2800 universale.
1845 2747 1906 2802 Etsi

216 2829 366 2902 appellatio
391 2829 461 2882 solet
490 2828 574 2883 tribui
598 2825 806 2897 oppressoribus
824 2832 853 2880 et
867 2825 1046 2896 persecutori·
1074 2828 1147 2884 enim
1164 2826 1368 2898 Babylonicum
1386 2827 1533 2898 imperium
1551 2845 1568 2881 a
1586 2828 1708 2883 violenta
1729 2834 1906 2901 oppressione

169 2905 172 2917 ¹
215 2916 277 2972 bns.
313 2914 415 2970 leram
439 2919 483 2981 16,
511 2931 537 2968 v.
563 2918 599 2968 16,
618 2912 721 2967 Thren.
741 2918 771 2979 3,
794 2931 818 2966 v.
845 2919 868 2966 5.
887 2911 987 2966 Erech.
1006 2918 1047 2980 32,
1074 2914 1213 2984 coeperit,
1242 2930 1276 2967 ex
1296 2928 1327 2968 eo
1352 2921 1446 2968 tamen
1471 2914 1568 2983 nequit
1585 2912 1693 2982 inferri,
1715 2917 1790 2987 quod
1814 2923 1907 2976 omnia

214 3021 240 3060 v.
263 3008 304 3058 20.
328 2999 512 3071 expositiones
534 2998 720 3069 Targumicae
749 2997 876 3068 superius
901 2997 1048 3053 adductae.
1073 2999 1188 3070 imperia
1204 2999 1232 3051 vi
1249 2997 1398 3068 coeperint,
1416 2998 1553 3069 siquidem
1570 3005 1599 3054 et
1618 3008 1684 3054 ante
1702 3008 1730 3055 et
1747 3008 1812 3072 post
1829 3005 1904 3060 Nim·
1958 3013 1960 3017 ‘

215 3089 287 3144 Item
313 3086 387 3157 quod
404 3093 495 3140 turres
512 3101 545 3138 ae
572 3083 737 3139 munitiones
757 3082 900 3148 aedificat,
928 3101 960 3138 ac
985 3101 1047 3137 cum
1073 3085 1170 3141 rodum
1188 3090 1311 3154 potestas
1328 3083 1443 3153 politica
1465 3085 1501 3139 ab
1526 3084 1587 3138 aliis
1614 3087 1697 3139 etiam
1719 3087 1772 3143 fuit
1790 3091 1905 3144 admini-

213 3175 389 3245 prs'ncipiom
407 3169 490 3238 regni
506 3171 567 3238 ejas
584 3169 694 3224 dicatur
716 3168 802 3222 husae
826 3170 929 3239 Babel,
953 3172 1049 3240 procul
1073 3177 1176 3237 strata,
1194 3170 1242 3241 qui
1259 3169 1305 3242 vel
1320 3169 1482 3223 immediata
1500 3170 1595 3224 divina
1611 3173 1768 3242 vocatione,
1794 3174 1839 3230 vel
1858 3194 1906 3246 po-

194 3261 302 3315 ·dubio
329 3257 411 3313 turris
431 3255 620 3325 Babylonicae
648 3255 830 3309 exstruendae
857 3255 911 3310 fuit
938 3265 1049 3325 auctor3
1073 3257 1132 3329 puli
1152 3256 1286 3311 electione
1304 3271 1365 3309 eam
1386 3256 1511 3326 primitus
1523 3257 1708 3314 obtinuerunt
1745 3260 1906 3317 Herodotus

216 3345 324 3401 accedit
351 3342 426 3414 quod
452 3341 537 3396 fuerit
563 3358 596 3395 ex
621 3339 707 3409 impia
732 3348 761 3394 et
784 3339 934 3395 maledicta
952 3341 1049 3397 Chami
1074 3344 1122 3400 lib.
1146 3351 1167 3399 1.
1185 3343 1263 3396 hist:
1281 3343 1373 3411 Rspes
1387 3344 1511 3411 primam
1530 3362 1548 3397 a
1563 3346 1681 3413 populis
1694 3347 1776 3400 electi
1792 3359 1858 3402 sunt
1879 3361 1904 3404 st

215 3431 340 3497 familia,
356 3429 432 3483 unde
452 3443 546 3482 omnes
565 3426 699 3494 Hebraei,
717 3442 772 3480 uno
789 3425 954 3481 Aban-Este
970 3444 1048 3483 exce·
1074 3432 1185 3501 quidem
1212 3430 1249 3496 ii,
1278 3430 1326 3498 qui
1344 3428 1474 3500 opinione
1497 3438 1523 3482 st
1549 3431 1634 3484 leode
1652 3440 1708 3485 tarn
1725 3436 1905 3507 prudentiae,

216 3526 274 3590 pto,
293 3516 457 3570 Nimrodum
476 3514 580 3569 habeut
591 3529 640 3581 pro
661 3520 789 3582 tyranno.
815 3511 932 3566 Phrasin
950 3532 1047 3567 coram
1073 3526 1130 3572 tam
1138 3517 1459 3585 jmtitiosprsestorent
1471 3518 1578 3573 cetero.
1601 3516 1696 3572 Cicero
1709 3517 1756 3573 lib.
1772 3525 1795 3574 2.
1812 3521 1899 3578 offic:

216 3605 343 3657 Domino
370 3600 545 3670 exposuimus
571 3599 706 3668 superius.
742 3603 765 3653 3.
786 3596 906 3661 Quidam
933 3607 1046 3672 negant,
1074 3604 1150 3658 Malui
1158 3603 1416 3671 qoidemoonopad
1426 3603 1528 3655 Medos
1537 3603 1904 3672 solersqutas'tHcrodotns,

216 3687 379 3746 Nimrodum
406 3686 492 3740 fuisse
521 3685 640 3755 primum
670 3684 855 3738 monarcham.
892 3685 1046 3740 Tolosanus
1072 3692 1125 3744 sed
1146 3690 1230 3742 urbm
1256 3690 1336 3757 apud
1363 3690 1488 3756 majores
1511 3698 1623 3744 nostros
1649 3692 1780 3758 justitiae
1804 3696 1902 3757 froen·
1995 3717 1996 3720 ¹

216 3775 263 3829 lib.
286 3781 325 3828 19.
350 3774 385 3827 de
402 3772 509 3842 republ.
529 3788 588 3841 cap.
611 3779 632 3825 1.
657 3778 723 3825 sect
744 3777 768 3826 2.
806 3772 948 3826 Adamana
965 3782 1048 3843 putat
1074 3779 1129 3830 dne
1147 3793 1234 3828 causo
1253 3776 1384 3827 videntur
1403 3775 1470 3828 olim
1486 3777 1551 3829 bene
1577 3779 1682 3830 morati
1706 3795 1786 3844 repes
1802 3783 1902 3834 conmi-

215 3861 335 3933 primum
354 3858 440 3912 luisse
457 3874 475 3912 a
493 3857 554 3912 Deo
572 3856 751 3912 coustitutum
771 3858 970 3928 magistratum,
987 3867 1046 3914 tum
1072 3863 1132 3917 tuti.
1167 3859 1235 3913 Com
1252 3868 1428 3927 premeretur
1452 3862 1534 3914 initio
1556 3863 1705 3918 oscltitado
1724 3866 1760 3916 ab
1777 3864 1836 3935 s's's,¹
1856 3870 1906 3935 qai

216 3947 283 4019 quia
301 3946 337 4000 ad
356 3943 504 4014 imaginem
523 3942 577 3997 Dei
596 3943 722 3996 conditus
740 3941 806 4010 fuit,
823 3945 903 4014 cujus
921 3963 986 4015 pars
1002 3946 1047 4000 vel
1072 3950 1196 4017 majores
1216 3962 1282 4014 opes
1300 3947 1444 4010 habebant,
1464 3951 1506 4000 ad
1521 3967 1605 4001 acum
1618 3950 1740 4018 aliquem
1758 3954 1904 4023 consapie-
1919 3959 2000 4003 aaa*

218 4038 292 4089 certe
316 4045 485 4101 consequeus
512 4035 555 4083 est
573 4027 736 4092 dominium,
761 4033 820 4081 tum
845 4031 911 4100 quia
931 4031 1047 4101 jubetur
1072 4036 1138 4087 bont
1154 4034 1255 4085 vincte
1263 4041 1465 4101 praestantem,
1485 4034 1535 4101 qui
1552 4052 1614 4086 cum
1626 4035 1789 4104 prohiberet
1809 4041 1845 4091 ob
1863 4041 1905 4092 in·

214 4135 348 4189 proeesse
365 4115 489 4186 piscibus
506 4116 603 4183 maris,
629 4114 788 4170 volatilibus
811 4115 896 4184 coeli,
921 4117 1046 4189 adeoque
1066 4122 1151 4190 jeria
1167 4119 1315 4180 tmoiorcs,
1335 4121 1476 4188 acquitate
1489 4121 1687 4173 constituenda
1706 4140 1828 4176 mammos
1842 4144 1904 4178 cam

218 4204 354 4260 universis
374 4200 573 4262 animantibus,
595 4217 666 4272 quae
684 4208 828 4255 moventur
846 4213 1046 4271 superterram
1072 4206 1175 4276 infimis
1195 4206 1267 4274 pari
1285 4205 1355 4272 jore
1381 4206 1524 4260 soincbot.
1560 4205 1690 4260 lustinus
1709 4207 1755 4262 lib.
1783 4217 1804 4264 1.
1825 4209 1904 4267 hist:

215 4289 317 4347 Genea.
344 4295 372 4357 1,
405 4304 430 4341 v.
457 4292 498 4342 ts.
535 4286 590 4343 Sed
617 4286 844 4357 distinguendum
868 4287 941 4343 inter
961 4289 1046 4343 domi·
1072 4290 1221 4363 Psinospio
1245 4307 1356 4358 rerunt,
1383 4292 1505 4358 pontiam
1528 4293 1725 4361 notionemque
1757 4296 1905 4364 imperium

217 4391 284 4429 num
301 4377 331 4429 in
350 4380 489 4429 creaturas
506 4371 676 4426 irrationales
700 4379 728 4426 et
750 4372 895 4442 imperium
914 4375 943 4427 in
960 4375 1046 4429 homi·
1068 4395 1156 4448 penca
1174 4395 1253 4444 repes
1271 4385 1345 4439 erat,
1370 4394 1439 4444 quos
1464 4379 1506 4430 od
1531 4378 1616 4446 bojas
1640 4380 1797 4447 majestatis
1821 4384 1905 4442 fasti

217 4479 289 4529 nem,
310 4460 379 4515 illud
397 4460 480 4528 hujus
492 4457 667 4530 praeludium
679 4465 707 4512 et
724 4459 863 4527 specimen
879 4458 965 4515 fuisse
982 4478 1046 4515 con·
1072 4464 1149 4532 piam
1167 4481 1224 4516 oon
1243 4464 1357 4516 ambitio
1372 4464 1537 4531 populares,
1556 4465 1609 4516 ssd
1626 4473 1753 4532 spectata
1770 4468 1841 4521 inter
1859 4471 1904 4523 bo-

215 4548 350 4616 eedimus,
379 4546 498 4601 altarum
523 4552 615 4600 umen
641 4543 677 4598 ab
711 4545 797 4599 altero
822 4553 864 4599 est
896 4553 925 4602 et
955 4556 1048 4603 manet
1072 4568 1123 4604 nos
1147 4552 1306 4603 moderatio
1328 4549 1503 4618 provehebat.
1537 4548 1671 4620 Polybius
1697 4551 1757 4607 libr.
1784 4559 1807 4607 6.
1824 4554 1905 4610 hist:

169 4628 172 4634 ’
216 4634 391 4710 distinctum
423 4631 650 4704 distinguendum
679 4631 762 4686 etiam
786 4632 858 4686 inter
882 4641 1046 4703 potestatem
1073 4635 1177 4690 liliis
1194 4651 1274 4701 repes
1288 4634 1414 4701 primum
1432 4630 1513 4687 electi
1530 4652 1664 4689 consensu
1679 4639 1790 4709 populi,
1808 4643 1858 4708 qus·
1875 4642 1903 4693 in

215 4721 335 4789 patriam
364 4719 422 4773 sive
448 4717 658 4785 oeconomicam,
679 4734 762 4788 quam
787 4718 913 4773 Adamas
941 4722 970 4774 in
998 4738 1048 4776 sua
1073 4723 1147 4776 alios
1165 4723 1283 4786 fuerant
1300 4721 1428 4789 benefici,
1451 4722 1526 4775 velot
1543 4724 1593 4791 qai
1612 4739 1659 4775 cos
1676 4725 1711 4775 ot
1730 4725 1844 4779 incessu
1856 4730 1904 4792 fe-

218 4807 325 4862 familia
342 4806 478 4870 exercuit,
509 4812 538 4860 et
555 4804 710 4874 politicam,
746 4821 818 4876 quae
847 4805 876 4858 in
904 4809 1048 4877 republica
1072 4826 1170 4861 rorum
1189 4808 1233 4861 ool
1250 4808 1286 4860 ab
1313 4807 1422 4875 injurio
1445 4808 1568 4861 simmam
1593 4809 1733 4863 lominum
1752 4812 1905 4872 defendere

216 4892 413 4949 loeumhabet.
438 4891 591 4958 4.Quidam
600 4890 717 4946 Cainum
730 4889 1048 4962 diouutiuisseprimum
1073 4897 1102 4949 oi
1125 4895 1254 4965 corporis
1278 4904 1327 4948 aot
1342 4898 1495 4963 prudentia
1523 4898 1612 4950 animi
1629 4897 1756 4950 solebant
1778 4915 1812 4951 oc
1826 4910 1905 4969 pots·

219 4980 404 5042 monarcham,
423 4996 487 5033 cum
504 4981 642 5033 civitatem
653 4979 818 5032 astruxisse
827 4978 936 5033 dicatur
945 4979 1015 5034 Gen.
1024 4987 1048 5045 4,
1072 4989 1147 5035 rant.
1178 4987 1202 5037 6.
1222 4981 1369 5036 Praeterea
1386 4982 1408 5036 si
1426 4983 1471 5038 vel
1488 4985 1605 5039 maxime
1618 4985 1722 5053 demus,
1741 4983 1905 5041 Nimrodum

218 5086 243 5122 v.
267 5073 305 5123 17.
324 5066 373 5121 sed
391 5065 617 5135 distinguendum
634 5066 706 5121 inter
720 5065 889 5120 dominatum
905 5067 1048 5136 politicum
1073 5069 1159 5123 luisse
1183 5066 1304 5122 omnium
1329 5068 1462 5136 primum,
1493 5069 1540 5139 qni
1569 5069 1739 5123 dominatum
1762 5072 1905 5140 politicum

219 5154 248 5208 in
266 5170 367 5225 genere
384 5168 417 5204 ac
442 5167 559 5221 regnum
582 5150 695 5222 aliquod
720 5151 923 5206 monarchicum
940 5152 969 5206 in
988 5170 1047 5223 spo·
1073 5153 1239 5220 exercuerit,
1269 5169 1325 5206 non
1349 5163 1444 5208 umen
1466 5154 1606 5225 sequitur,
1633 5156 1826 5226 magistratum
1844 5176 1901 5213 non

217 5241 268 5295 cie.
302 5239 348 5293 Ab
366 5237 552 5292 exstructione
570 5237 642 5290 enim
661 5239 780 5293 civitatis
804 5238 922 5309 alicujus
941 5255 1047 5293 monar·
1074 5257 1133 5296 esse
1149 5257 1166 5294 a
1181 5240 1258 5307 Deo,
1283 5246 1431 5309 propterea
1451 5240 1525 5311 quod
1543 5238 1692 5295 Nimrodus
1716 5243 1840 5298 violenta
1858 5245 1904 5300 ho

218 5325 328 5379 chieum
346 5339 462 5396 regnum
481 5321 577 5376 inferri
597 5323 706 5392 nequit,
731 5341 795 5378 eum
815 5324 851 5379 ad
868 5324 937 5378 illud
955 5325 1048 5394 plures
1073 5328 1177 5381 minum
1192 5325 1369 5397 oppressione
1389 5341 1453 5379 eum
1467 5325 1593 5395 primitus
1604 5329 1788 5397 occupaverit,
1807 5331 1904 5387 dutin-

218 5412 329 5465 omnino
356 5412 482 5466 civitates
508 5409 696 5479 requirantur,
725 5428 798 5483 quae
826 5421 893 5464 tunc
916 5413 1048 5482 temporis
1073 5414 1214 5484 guendum
1236 5411 1309 5467 enim
1332 5409 1404 5462 inter
1427 5425 1485 5463 rem
1512 5409 1600 5479 ipsam
1634 5419 1663 5467 et
1690 5416 1816 5481 modum,
1848 5434 1903 5487 quo

214 5497 338 5553 nondum
361 5497 504 5553 *astitere
549 5494 656 5558 Quodsi
689 5497 800 5553 omnino
838 5498 1045 5555 mncsdsndum
1072 5500 1137 5573 quis
1153 5517 1211 5557 rem
1229 5493 1415 5563 comequitur.
1453 5495 1511 5550 Res
1526 5496 1587 5567 ipsa
1604 5501 1714 5569 saepius
1735 5511 1778 5556 est
1794 5520 1813 5557 a
1832 5503 1901 5574 Deo,

1608 5618 1628 5677 Ξ
