4020 6014
700 235 753 290 DE
773 234 1028 293 MAGISTRATU
1044 236 1236 294 ΡΟΙᾸΤῙΟΟ.
1755 250 1816 308 887
1910 269 1911 272 ’

112 387 288 442 seminariae
305 386 386 452 ferre,
406 386 509 459 quibus
526 372 651 443 homines
671 389 783 461 prodigi
803 391 949 447 991199111-
977 393 1061 445 stium
1087 393 1183 446 lunum
1202 393 1308 461 levibus
1327 393 1470 447 vestiariis
1488 399 1623 448 coercere.
1660 394 1694 448 In
1714 396 1817 452 vestitu

113 479 167 535 tur,
186 490 222 529 ne
241 473 389 529 facultates
409 492 475 529 suas
491 480 593 531 temere
626 475 782 548 dilapident
803 495 835 532 ac
853 484 951 548 postea
978 478 1073 531 multis
1092 477 1179 531 modis
1198 478 1308 547 peccari
1327 479 1404 547 solet,
1424 479 1544 547 imitate,
1563 481 1699 549 novitate,
1716 500 1813 554 eriper-

114 560 213 615 misere
231 577 312 632 egere
334 570 478 633 cogantur.
507 562 656 632 Corinthii,
678 564 799 633 siquem
819 564 965 646 videbant¹
973 565 1092 630 sinuata,
1113 567 1303 618 eumtrrositate
1320 571 1371 618 etc.
1401 564 1544 635 legislator
1558 567 1622 621 huic
1637 567 1719 622 etiam
1738 569 1811 623 malo

114 646 287 718 splendidius
307 649 451 718 opsonari,
482 648 555 703 hunc
573 650 792 720 interrogabant,
811 654 886 704 aride
906 651 965 703 iili
980 648 1169 712 obviam'cat‚
1195 652 1306 720 saepius
1335 652 1409 703 enim
1427 657 1565 721 coguntur
1585 653 1690 708 subditi
1709 654 1745 709 ob
1765 657 1814 709 im·

113 742 220 787 sumtus
238 735 297 803 ipsi
312 743 504 805 suppeterent,
527 738 656 805 quodque
675 737 828 799 artificium
847 744 951 790 tracta·
978 751 1078 806 pensas
1102 738 1131 790 in
1155 737 1295 805 superflua
1320 744 1369 789 aut
1401 738 1524 807 pretiosa
1550 739 1639 793 factas
1664 741 1818 797 immobilia

115 824 179 874 ret!
209 821 314 887 Quodsi
341 821 405 876 huic
431 823 505 877 vitae
524 824 618 893 generi
636 829 744 878 sumtus
763 829 952 894 suppeterent,
980 824 1115 886 vendere,
1145 824 1240 878 doloso
1260 825 1397 894 negotiari
1416 826 1546 879 ecmelis
1566 826 1672 880 artibus
1691 845 1750 882 sese
1768 827 1815 883 de·

115 908 169 961 frui
181 908 324 971 sinebant;
342 909 385 962 sin
403 926 468 965 vero
486 916 593 964 sumtus
612 910 778 965 excederent
794 910 952 979 facultates,
964 920 967 981 1
981 910 1060 970 (1919,
1095 910 1122 964 id
1143 910 1218 982 quod
1237 910 1345 980 legibus
1366 910 1502 963 vestiariis
1520 916 1693 967 antevertere
1713 931 1813 968 conve·

40 1001 43 1006 '
115 993 254 1063 jubebant
278 995 306 1047 in
334 1000 474 1065 posteurm
502 996 670 1050 moderatius
694 997 752 1065 uti,
787 997 816 1049 ni
834 1003 952 1066 pareret,
980 996 1028 1049 nit.
1059 997 1252 1049 Conviviarnm
1266 1005 1292 1047 et
1311 996 1424 1048 vestium
1438 996 1552 1050 bimur-ia
1571 1015 1675 1067 aeprae
1695 1000 1817 1054 civitatis

115 1079 246 1133 mulctam
261 1080 448 1151 imponebant.
472 1081 585 1150 Quodsi,
604 1081 672 1135 nihil
686 1098 749 1135 cum
767 1082 893 1150 haberet,
911 1082 1020 1181 91-,911
1038 1082 1186 1148 indivisim,
1216 1081 1323 1135 Seneca
1341 1081 1460 1150 epistola
1483 1087 1538 1137 115.
1564 1082 1637 1138 Huic
1655 1101 1722 1154 ergo
1742 1084 1815 1139 malo

114 1164 263 1219 hilominus
282 1173 374 1220 tamem
387 1167 532 1236 splendide
545 1172 573 1222 91
590 1168 705 1238 opipare
719 1169 834 1232 viveret,
852 1182 1030 1235 necea-iper
1072 1166 1164 1236 legum
1203 1167 1367 1220 medicinam
1405 1169 1613 1222 occurrendum.
1674 1171 1816 1228 Tiberium

116 1249 183 1304 dnm
202 1251 325 1305 carnifici
344 1253 505 1322 tradebant,
532 1255 598 1324 quia
615 1263 666 1307 ant
683 1257 755 1308 bunc
770 1256 867 1320 furem
886 1271 952 1319 esee,
979 1269 1118 1308 caesarem
1141 1253 1284 1307 vestiarios
1307 1254 1382 1324 leges
1408 1254 1503 1308 tulisse
1537 1262 1633 1309 arsctor
1666 1263 1708 1309 est
1731 1256 1815 1312 Dion.

116 1344 165 1389 aut
185 1339 311 1391 noctibus
330 1340 471 1407 spoliare,
489 1349 538 1393 unt
556 1359 619 1394 cum
634 1342 750 1406 furibus
764 1341 952 1412 participare,
979 1339 1051 1392 libro
1078 1346 1102 1394 1.
1128 1341 1221 1393 histor.
1246 1340 1361 1393 Reman.
1398 1341 1564 1410 Cumprimis
1589 1358 1653 1395 vero
1678 1342 1815 1398 femineus

116 1430 164 1475 aut
181 1424 262 1487 falsa
282 1426 380 1478 testari
399 1434 448 1478 aut
468 1443 603 1479 aemaare
621 1443 730 1480 necesse
748 1435 838 1490 esset,
867 1425 953 1480 Athe·
980 1443 1060 1479 serus
1092 1427 1127 1478 ad
1159 1426 1253 1478 luxum
1284 1427 1440 1480 vestiarium
1470 1427 1616 1496 proclivior
1647 1445 1707 1483 esse
1737 1428 1815 1498 solet,

117 1525 202 1563 naeus
220 1508 268 1563 lib.
288 1516 311 1565 6.
333 1527 357 1564 c.
385 1517 424 1566 12.
445 1511 596 1565 Oensorum
616 1515 696 1581 apud
720 1514 864 1565 Romanos
881 1512 954 1567 inter
980 1512 1052 1564 unde
1076 1512 1192 1580 apostoli
1216 1519 1238 1566 1.
1258 1511 1329 1566 Tim.
1356 1518 1388 1574 2,
1420 1531 1444 1564 1.
1476 1518 1499 1566 9.
1541 1519 1561 1565 1.
1582 1512 1658 1567 Petri
1684 1519 1714 1577 3,
1746 1521 1814 1570 13.

116 1601 209 1648 cetera
226 1595 278 1649 hoc
296 1601 357 1649 erat
373 1596 513 1660 officium,
533 1597 687 1667 providere,
717 1599 833 1668 nequis
853 1599 947 1651 sumti·
980 1596 1150 1666 superfluum
1169 1597 1247 1650 illum
1268 1597 1389 1667 corporis
1407 1603 1533 1651 ornatum
1556 1598 1584 1650 in
1605 1599 1671 1667 ipsis
1691 1601 1812 1655 nomina·

117 1679 168 1734 bus
189 1680 342 1735 immodicis
361 1682 497 1736 faciendis
514 1683 551 1735 ad
571 1690 723 1753 egestatem
736 1683 791 1737 sihi
811 1684 885 1737 viam
904 1701 952 1753 pa·
965 1688 967 1759 fl
979 1682 1028 1735 tim
1046 1688 1143 1736 taxant
1159 1691 1188 1737 et
1206 1684 1342 1738 interioris
1362 1683 1480 1737 hominis
1498 1684 1603 1737 cultum
1623 1684 1713 1739 eidem
1733 1701 1812 1755 prae·

115 1773 198 1820 reret.
233 1770 259 1820 2.
287 1769 507 1822 Dardanariam
527 1770 687 1837 probibere.
730 1770 896 1823 Dardansrii
924 1767 1123 1823 in¹ferendum
1142 1786 1202 1823 esse
1223 1770 1337 1836 docent,
1358 1786 1440 1840 quem
1458 1769 1645 1824 Tertullianus
1665 1771 1694 1824 in
1713 1770 1759 1826 lib.
1779 1771 1814 1827 de

113 1851 178 1919 jure
200 1852 273 1906 civili
292 1854 439 1922 dicuntur,
458 1856 508 1923 qui
525 1873 667 1909 annonam
685 1865 793 1911 verant.
814 1855 952 1926 Ulpianus
979 1855 1043 1908 cult.
1070 1853 1163 1909 femin.
1182 1855 1372 1925 pulcherrimis
1397 1856 1530 1910 describit
1549 1856 1649 1911 verbis.
1687 1858 1814 1921 Prodite,

15 1949 103 1991 1111
116 1936 650 1998 1911919111](1991119911911111111.
681 1942 782 1997 Graeci
794 1958 840 1996 eos
852 1947 953 1996 vocant
978 1940 1077 2010 inquit,
1094 1958 1143 1993 vos
1157 1942 1222 2009 jam
1240 1943 1449 1995 medicamentis
1474 1944 1689 1996 sternumentis
1708 1952 1813 1998 essem·

117 2024 311 2093 πανιοπώὶας,
330 2028 603 2099 παντομεταβόλους,
627 2025 844 2096 σιτοκατιήλους,
868 2045 951 2082 anno·
979 2033 1040 2078 ctae
1066 2027 1258 2094 apostolorum
1285 2034 1422 2080 sumentes
1446 2030 1482 2080 dc
1508 2028 1688 2096 simplicitate
1709 2031 1813 2083 cando·

116 2116 217 2185 necet
243 2111 360 2166 aliarum
387 2114 518 2168 mercium
536 2114 728 2168 acerbissimos
747 2114 906 2169 venditores
924 2117 952 2168 et
978 2128 1051 2179 rem,
1077 2114 1112 2164 de
1135 2113 1278 2182 prniieitia
1305 2114 1447 2176 nutrirem,
1477 2115 1606 2184 depietae
1625 2114 1813 2168 9911919911-

116 2202 269 2261 vexatores,
290 2201 339 2266 qui
349 2219 490 2253 annonam
506 2195 656 2254 incenderat
668 2210 694 2253 et
707 2199 951 2267 eacandesaciuat,
978 2200 1084 2251 91191119
1105 2206 1130 2250 91
1153 2199 1270 2267 spiritus
1288 2199 1488 2261 taciturnitate,
1509 2201 1661 2252 inserentes
1679 2201 1708 2253 in
1729 2217 1815 2255 aures

116 2288 148 2335 ut
165 2281 254 2337 Varro
273 2284 403 2354 loquitur,
421 2285 464 2339 vel
483 2291 515 2338 ut
530 2285 626 2340 Cicero
641 2285 690 2340 lib.
709 2294 733 2341 5.
754 2286 832 2356 epist.
853 2289 894 2340 21.
914 2282 952 2338 ad
977 2299 1131 2337 samonem
1153 2283 1224 2350 Dei,
1250 2292 1424 2336 annectentes
1444 2284 1597 2337 cervicibus
1608 2286 1711 2352 jupam
1732 2286 1812 2339 ears-

116 2365 248 2436 Atticum,
276 2371 322 2439 qui
349 2373 521 2435 frumentum
546 2372 736 2439 comprimunt.
775 2371 890 2425 Illorum
909 2389 950 2425 ar-
978 2370 1029 2436 sti,
1056 2377 1140 2437 caput
1167 2369 1278 2420 maritis
1295 2369 1424 2437 subjicite
1448 2378 1473 2422 et
1493 2371 1563 2422 satis
1582 2378 1701 2423 ornatae
1722 2371 1808 2424 eritis.

116 2461 158 2507 tes
175 2461 204 2508 et
223 2454 379 2524 monopolis
397 2457 575 2525 magistratus
592 2456 739 2526 prohibere
760 2457 844 2512 debet
861 2474 894 2512 ac
911 2458 951 2511 rei
980 2456 1086 2509 Manus
1106 2457 1183 2508 lanis
1200 2465 1346 2525 occupate,
1372 2459 1463 2524 pedes
1481 2459 1559 2510 demi
1577 2458 1667 2525 figite,
1699 2464 1724 2510 et
1743 2456 1814 2525 plus

116 2539 321 2609 frumentariae,
340 2549 373 2594 ut
390 2549 419 2596 et
436 2543 552 2596 aliorum
572 2544 790 2598 necessariorum
809 2545 905 2614 copiae
923 2544 950 2597 in
978 2559 1061 2610 quarn
1080 2543 1109 2594 in
1128 2558 1199 2594 auro
1214 2541 1375 2612 placebunt.
1420 2541 1523 2594 Vestite
1541 2560 1590 2597 uas
1608 2543 1698 2596 111199
1716 2543 1813 2614 probi·

39 2698 45 2707 Ι
116 2627 258 2697 republica
278 2628 431 2694 providere.
467 2630 553 2682 Amos
574 2635 598 2697 8,
616 2648 643 2684 v.
664 2637 686 2684 5.
705 2631 861 2700 emphatice
881 2610 1060 2693 illudltatis,
1080 2629 1192 2695 bpsdrm
1210 2628 1382 2692 summitatis,
1403 2644 1536 2696 purpura
1551 2628 1718 2696 padicitiae.
1758 2629 1812 2681 Pa·

117 2712 258 2767 hominum
289 2731 377 2783 genus
419 2715 602 2768 describitur:
641 2717 761 2778 Quando
801 2717 950 2788 (inquiunt)
979 2715 1044 2765 liter
1059 2715 1248 2781 pipmcntatae
1266 2714 1360 2765 Deum
1378 2714 1514 2764 babebitis
1532 2715 1694 2766 amatorem.
1726 2714 1813 2769 Lace·

117 2800 248 2852 transibit
265 2801 368 2852 menses
387 2809 412 2852 et
432 2803 653 2854 venundabimus
662 2804 843 2870 frumentum,
865 2822 951 2872 quan·
980 2799 1117 2853 daemonii
1135 2798 1199 2851 solis
1213 2797 1403 2852 meretricibus
1422 2796 1533 2850 floridas
1550 2803 1641 2851 vestes
1660 2815 1814 2868 aurumque

118 2888 156 2939 do
168 2885 299 2938 transibit
313 2887 473 2953 hebdomas,
491 2895 522 2938 ut
542 2888 704 2954 aperiamus
723 2891 902 2955 frunienturn,
922 2897 954 2942 ut
980 2885 1112 2938 mnndum
1131 2889 1241 2954 gestare
1259 2884 1442 2955 permiserunt
1465 2885 1559 2953 probis
1590 2884 1752 2938 mulieribus
1769 2899 1812 2938 or-

119 2973 282 3024 imminuere
308 2973 451 3032 faciamus
478 2975 601 3024 medium
630 2981 656 3025 et
679 2992 782 3042 nupera
810 2977 953 3037 acicam
979 2976 1061 3024 natus
1093 2970 1214 3023 studium
1247 2969 1459 3036 interdicentes,
1497 2968 1623 3023 Clemens
1660 2969 1812 3027 Alexandr.

118 3059 190 3109 secel
203 3066 228 3109 et
241 3065 436 3125 pervertamus
449 3067 569 3111 stateras
588 3059 721 3128 (1919191,
741 3078 767 3115 v.
789 3067 813 3116 6.
829 3069 860 3113 ut
879 3078 953 3113 9919-
978 3057 1049 3112 libro
1067 3063 1090 3111 1.
1108 3056 1225 3126 paedag.
1244 3072 1304 3126 cap.
1330 3062 1368 3110 10.

118 3162 178 3197 mue
198 3152 315 3211 arpenta
340 3161 440 3213 apenos
468 3152 493 3195 et
517 3162 675 3213 pauperem
695 3155 817 3215 propter
843 3149 951 3201 calcea·
1015 3148 1073 3198 231.
1100 3142 1248 3206 Quaeritur
1261 3142 1314 3196 hoc
1332 3141 1393 3197 loco
1408 3148 1429 3197 1.
1453 3143 1499 3195 An
1519 3142 1601 3208 asyla
1619 3134 1940 3228 instituendaifffqlissff

118 3239 211 3283 menta
240 3240 267 3284 et
304 3231 474 3299 quisquilias
492 3214 590 3294 15111
624 3232 707 3285 labile
737 3250 755 3287 a
783 3234 840 3287 rad.
874 3217 951 3306 *723
979 3230 1068 3300 Asyla
1087 3227 1434 3296 sunttutareceptacule,
1452 3243 1469 3280 1
1487 3227 1588 3297 quibus
1607 3200 1922 3282 99911991111-11111.

119 3317 232 3386 cecidit)
268 3319 407 3381 frumenti
435 3321 604 3387 vendamus,
639 3321 777 3375 Lutherus
814 3322 865 3391 1115
903 3322 953 3377 uir
981 3332 1063 3387 quem
1083 3315 1111 3368 Vl
1129 3313 1291 3370 abstrahere
1306 3315 1388 3381 juxta
1407 3313 1548 3377 sellium,
1573 3311 1649 3366 dicta
1667 3286 1955 3385 1111111111·ιιιέιηῐίᾱιτ

119 3405 210 3470 &pren
230 3404 274 3470 1111
298 3404 371 3458 darn
391 3404 534 3470 1111911111.
573 3404 627 3458 Sed
648 3421 753 3474 poenae
773 3407 953 3477 gravissimae
981 3402 1065 3455 vendi
1084 3399 1223 3470 particula
1242 3407 1269 3453 et
1287 3397 1390 3468 1111111.
1408 3398 1483 3469 quod
1503 3403 1546 3450 fflt
1564 3398 1681 3459 11111111,
1701 3404 1732 3451 ui
1749 3419 1765 3470 ρ
1784 3398 1814 3453 in

119 3488 292 3543 denuntiatio
315 3489 407 3543 statim
435 3490 627 3560 subjungitur,
652 3492 723 3545 teies
746 3493 819 3546 enim
844 3492 955 3549 Decet
980 3493 994 3542 1
1020 3506 1069 3560 per
1089 3487 1309 3541 Lamdacismum
1336 3490 1474 3538 statuatur
1498 3489 1650 3552 mutatum,
1679 3485 1723 3539 vel
1740 3486 1816 3557 qued

120 3572 276 3628 hominibus
294 3580 359 3627 sunt
380 3574 468 3630 invisi.
506 3575 589 3631 Prov.
612 3582 651 3643 11,
672 3593 697 3628 v.
712 3583 760 3632 26:
783 3578 840 3639 Qui
855 3580 952 3648 probi·
982 3574 1231 3629 convenientiora
1247 3573 1343 3639 συλᾶν,
1362 3569 1622 3641 quodestauferre.
1663 3571 1768 3650 Eorum
1785 3573 1815 3626 in

119 3662 351 3729 bessi-amentum,
371 3662 419 3713 iiii
436 3663 585 3714 maledicet
601 3663 735 3733 populus,
753 3671 781 3715 et
800 3665 953 3718 benedictio
982 3659 1125 3732 republica
1143 3676 1222 3712 usum
1241 3659 1362 3727 probant
1383 3662 1405 3710 1.
1429 3658 1476 3723 ius
1494 3656 1626 3711 divinum.
1662 3656 1751 3714 Exod.
1773 3662 1816 3721 21,

118 3762 203 3813 super
232 3753 316 3816 caput
345 3748 496 3798 vendentis.
536 3746 576 3802 Ut
604 3764 672 3819 ergo
701 3749 815 3802 nefariis
845 3750 953 3804 illorum
982 3767 1005 3801 v.
1040 3753 1079 3802 13.
1106 3745 1218 3799 Numer.
1252 3751 1299 3810 35,
1327 3761 1353 3800 v.
1382 3750 1403 3798 1.
1445 3742 1639 3797 Deuteronom.
1662 3751 1709 3811 19,
1738 3760 1764 3798 1.
1791 3751 1816 3802 1.
1840 3734 1852 3745 ’

119 3831 224 3885 artibus
244 3832 354 3885 obviam
372 3833 474 3900 iretur,
503 3834 566 3902 pius
584 3840 611 3886 et
630 3834 753 3904 prudens
774 3835 954 3906 magistratus
982 3835 1040 3888 bos.
1062 3839 1145 3892 1111.
1167 3836 1187 3884 1.
1202 3830 1545 3883 constituuntureivitatee
1563 3830 1673 3897 resupii
1690 3845 1740 3898 pro
1753 3828 1817 3899 11111,

118 3934 244 3970 annonae
271 3924 299 3970 et
325 3918 364 3970 rei
392 3918 591 3974 frumentariae
615 3937 710 3974 curam
730 3921 758 3974 in
783 3938 813 3974 se
832 3922 953 3992 recipere
982 3921 1029 3989 qui
1050 3916 1161 3972 9919119
1186 3923 1214 3970 91
1232 3915 1448 3969 involuntarium
1471 3916 1651 3970 homicidium
1674 3917 1817 3970 commise-

119 4019 174 4056 non
200 4004 345 4059 recusavit.
384 4006 525 4074 Jcsepbus
551 4006 619 4063 Gen.
646 4013 695 4076 41,
722 4026 748 4064 v.
777 4014 818 4063 33.
836 4008 955 4061 consulit
982 4011 1053 4060 runt.
1093 4007 1119 4056 2.
1147 4004 1202 4054 Jas
1225 4002 1407 4067 carronicum,
1439 4020 1463 4058 c.
1497 4004 1570 4056 inter
1594 4002 1657 4069 alia,
1685 4002 1817 4058 91119119

120 4087 268 4156 Pharaoni,
287 4098 318 4144 ut
337 4092 426 4144 virum
444 4092 644 4163 intelligentem
663 4111 696 4146 ac
716 4094 871 4164 sapientem
889 4093 954 4148 huic
983 4091 1119 4146 immunit.
1140 4090 1237 4144 eccles.
1259 4088 1306 4142 ubi
1327 4088 1472 4152 statuitur,
1495 4107 1551 4142 non
1577 4106 1635 4141 esse
1660 4088 1815 4157 cntempla

119 4176 229 4245 negotio
246 4176 390 4246 praeliciat
406 4178 551 4249 eidemque
566 4180 635 4234 alios
657 4179 853 4249 praefecisset
872 4197 956 4251 quae·
982 4178 1181 4245 abripiendum
1194 4176 1283 4229 111119
1296 4176 1440 4242 bominem,
1454 4182 1696 4243 quantamcunque
1715 4173 1830 4240 previa,

119 4269 207 4317 stores
232 4262 382 4334 adjungat,
416 4265 463 4334 qui
487 4266 600 4321 vicatim
622 4273 650 4320 91
675 4265 829 4335 oppidatim
860 4264 1122 4338 frugesrmaleyicia
1146 4263 1361 4331 perpetrauerit.
1404 4264 1431 4314 3.
1453 4262 1509 4312 Jus
1539 4261 1620 4312 civile
1646 4260 1704 4312 sive
1730 4260 1814 4326 impe·

119 4348 259 4418 colligant.
302 4351 420 4403 Pharao
452 4351 541 4404 Exod.
579 4359 607 4420 1,
638 4369 662 4405 v.
697 4358 736 4407 11.
764 4359 792 4405 91
821 4354 956 4408 Salomon
983 4351 1133 4415 raterium,
1161 4342 1301 4402 Honorius
1322 4352 1350 4401 et
1366 4347 1539 4401 Theodosius
1553 4345 1637 4413 fideli
1661 4346 1816 4410 devotaque

122 4442 141 4488 1.
165 4434 233 4504 Reg.
255 4443 290 4502 11,
309 4453 335 4488 1.
357 4442 395 4491 ra.
416 4436 600 4491 aedificarunt
619 4429 854 4512 ”lldblffl'll’e
876 4430 971 4492 urbrs'
982 4437 1179 4507 praeceptione
1196 4435 1326 4487 sanctam
1346 4433 1363 4484 l.
1385 4431 1453 4487 1.(1.
1472 4432 1506 4484 dc
1522 4429 1572 4495 his,
1591 4429 1638 4498 qui
1659 4427 1695 4480 ad
1716 4428 1815 4482 eccles.

120 4523 323 4589 thesaurorum,
342 4522 538 4593 apothecarum
556 4524 613 4578 sive
632 4525 834 4594 periuriorum,
853 4526 955 4580 Luthe-
983 4525 1096 4592 confug.
1114 4523 1219 4573 nemini
1235 4521 1320 4572 licere
1339 4521 1381 4571 ad
1397 4525 1592 4570 samosanctas
1605 4514 1737 4566 1991911111
1752 4531 1817 4566 con·

119 4625 165 4659 rus
195 4615 270 4661 recte
297 4608 392 4676 vertit,
423 4609 606 4679 111111βᾶ1111,
641 4613 680 4664 ita
709 4611 782 4664 enim
811 4614 971 4687 exponitur,
981 4610 1123 4675 fupicntee
1148 4608 1294 4659 abducere.
1337 4608 1361 4655 1.
1387 4602 1542 4656 Cannenses
1560 4599 1702 4666 ‘peritiam
1745 4599 1817 4654 Fue·

119 4700 141 4747 1.
162 4692 252 4746 Paral.
270 4698 311 4758 32,
331 4711 357 4749 v.
377 4701 418 4749 11.
454 4696 591 4749 Ezechiae
603 4696 713 4765 paravit
735 4687 865 4770 111ξῆ11,
888 4716 955 4765 apo·
969 4699 971 4771 ξ
985 4700 1050 4747 runt
1069 4691 1149 4762 asyla
1169 4693 1198 4744 in
1216 4690 1295 4756 Asia,
1312 4689 1458 4758 Aegypto,
1477 4684 1599 4738 Graecia
1616 4690 1645 4738 et
1662 4686 1737 4753 apud
1757 4702 1817 4740 om-

118 4781 211 4831 1119991
229 4782 270 4832 ad
284 4787 448 4846 provectam
459 4783 598 4845 frumenti
616 4791 643 4834 et
659 4784 744 4836 mereti
761 4791 785 4834 et
805 4783 867 4836 olei.
898 4784 955 4835 119-
969 4808 972 4871 ὶ
985 4796 1034 4832 nes
1055 4779 1112 4832 fere
1130 4777 1256 4847 populos.
1294 4774 1432 4834 Cadmus,
1456 4787 1519 4823 curn
1539 4769 1652 4824 Thebas
1677 4769 1816 4833 conderet,

118 4867 199 4917 boam
219 4865 374 4920 Salomonis
395 4865 468 4920 filius
484 4869 645 4934 aedificavit
664 4868 693 4921 in
712 4867 873 4922 civitatibus
890 4883 958 4920 suae
970 4890 973 4931 1
987 4865 1095 4935 asylum
1115 4863 1247 4930 instituit,
1276 4877 1330 4933 quo
1350 4857 1544 4927 confugientes
1567 4856 1625 4910 sive
1646 4857 1732 4924 servi,
1759 4857 1817 4912 sive

119 4950 231 5004 ditionis
245 4941 380 5024 'nlassltq
394 4951 476 5007 LXX
493 4953 604 5023 interpr.
626 4959 809 5023 παραθέσεις,
837 4940 973 5008 91119119Ι
986 4951 1065 5005 liberi
1087 4966 1105 5003 a
1123 4966 1214 5019 poena
1231 4947 1285 5000 tuti
1303 4949 1396 4999 essent
1420 4942 1538 5013 ideoque
1565 4958 1616 5012 per
1637 4943 1691 4996 vim
1711 4941 1817 4996 extrahi

117 5038 256 5099 frumenti
278 5046 303 5090 et
323 5039 421 5092 919191
438 5041 537 5105 musti,
568 5056 624 5108 qua
643 5056 711 5094 voce
731 5041 814 5095 etiarn
832 5039 956 5109 Targum
970 5023 973 5094 l
986 5054 1040 5091 uon
1059 5041 1180 5105 possent.
1217 5032 1328 5086 Servius
1355 5031 1384 5082 in
1405 5028 1421 5081 l.
1447 5037 1469 5084 e.
1489 5027 1605 5083 Aeneid.
1626 5028 1706 5098 Virg.
1744 5029 1817 5081 Her·

118 5121 205 5174 Exod.
239 5130 266 5189 1,
296 5141 322 5178 v.
354 5131 394 5181 11.
429 5126 522 5179 utitur.
568 5122 689 5179 Romani
723 5102 1058 5196 spectatissimumlmelis
1088 5128 1200 5189 11999111
1232 5116 1350 5170 Athenis
1384 5114 1493 5184 asylum
1528 5115 1720 5181 instituerunt,
1754 5120 1819 5184 post

93 5253 94 5256 ,
123 5224 261 5278 quemque
282 5210 309 5262 in
330 5211 473 5281 republica
485 5224 611 5261 annonae
628 5210 800 5277 praefectum
817 5211 957 5279 creabant,
970 5264 972 5290 r
985 5208 1059 5279 quod
1086 5207 1114 5259 in
1134 5205 1257 5258 Rhoeteo
1285 5202 1376 5255 littore
1400 5201 1455 5254 fuit
1479 5202 1579 5270 Ajacis
1603 5199 1712 5270 asylum
1737 5206 1765 5254 et
1788 5199 1818 5253 in

121 5310 155 5345 ne
178 5294 350 5350 frumentarii
369 5313 418 5350 seu
437 5292 595 5349 dardanarii
610 5309 673 5347 cnm
695 5296 873 5365 oppressione
894 5296 1068 5367 ege-'Sigeo
1094 5291 1231 5356 deicidis,
1269 5287 1427 5342 Alexander
1457 5288 1494 5342 ab
1517 5288 1595 5342 Alex.
1621 5286 1638 5343 l.
1663 5293 1686 5341 3.
1716 5285 1819 5357 ganiel.

125 5395 223 5434 norum
242 5398 292 5452 pro
311 5382 403 5437 lubitu
427 5384 573 5452 quaestum
596 5378 688 5434 facere
705 5389 825 5449 possent.
861 5388 887 5437 3.
907 5384 955 5437 Ve·
986 5382 1053 5437 dier.
1072 5398 1096 5438 c.
1117 5385 1159 5435 211.

1426 5463 1485 5518 2511

916 5660 930 5696 f
