4020 6014
614 349 673 451 ult
686 347 908 408 mutarum
927 346 1231 409 EOCLESIAS'I'IOO.

113 512 171 563 ast.
208 513 232 563 4.
256 506 449 562 Continentiae
473 508 575 562 donum
593 514 636 562 est
653 508 793 579 singulare
811 511 839 561 et
856 520 912 558 non
942 508 982 559 eis
1000 507 1089 560 alium
1109 524 1223 562 acorem
1240 510 1349 575 ducac,
1368 506 1543 577 quantumvis
1560 514 1680 560 arantur
1696 514 1774 560 meta

80 593 206 648 omnibus
229 610 381 648 commune.
421 592 521 647 Matth.
544 600 588 662 19,
612 610 637 649 r.
663 600 708 650 11:
734 596 799 650 Non
820 608 913 646 omnes
939 594 1076 648 libidinis.
1113 593 1336 664 Respondemus:
1360 598 1403 648 est
1419 580 1490 651 ratio
1511 592 1618 664 dispar,
1640 593 1680 648 ibi
1699 593 1772 648 enim

79 680 315 750 capientem-bam
328 681 390 747 boe,
403 680 502 749 quibas
515 681 612 734 mam
624 688 672 734 eet.
701 686 723 736 1.
736 679 912 748 Cor.'l,v.'t:
939 679 1009 734 alter
1029 681 1179 751 conjugum
1203 687 1278 735 certo
1310 686 1431 735 statuere
1453 684 1559 750 potest,
1584 696 1613 733 se
1641 678 1774 734 divinitus

81 767 273 836 Unusquisque
290 767 441 836 proprium
467 768 571 819 donam
593 766 674 819 babet
694 782 725 819 er
743 768 815 834 Deo,
835 766 911 819 alias
938 767 1029 821 vocari
1050 767 1087 821 ad
1104 766 1315 836 continentiam,
1340 783 1404 820 cum
1418 765 1501 836 juxta
1519 765 1606 836 ipsius
1626 766 1680 820 Dei
1698 766 1772 821 ordi-

77 853 190 923 qaidem
208 854 265 921 ric,
282 854 358 906 alias
376 869 442 906 vero
459 854 509 909 ric.
545 852 621 924 Ergo
640 868 695 907 non
713 851 811 907 debuit
829 850 911 906 indif-
937 853 1076 908 nationem
1109 853 1271 925 conjugium
1298 852 1334 907 sit
1366 851 1509 906 individua
1541 851 1616 908 vitae
1644 854 1770 920 societas,

75 940 196 995 ferenter
216 938 343 994 omnibns
359 938 466 993 clericis
485 939 639 994 coelibatus
655 937 767 1008 imponi
799 937 910 1007 Excipit
937 955 1004 1011 ergo
1023 955 1120 1010 preces
1141 940 1170 994 in
1193 939 1244 994 teli
1269 956 1336 994 casu
1362 938 1489 993 nituntur
1507 937 1602 994 divina
1619 940 1896 1000 voluntatemne

12 1034 21 1049 ’
76 1024 274 1081 Bellarminus:
294 1033 313 1081 1.
341 1025 420 1079 Sicut
445 1043 501 1079 non
523 1025 644 1079 omnium
668 1032 708 1078 est
725 1026 828 1078 donam
845 1041 909 1078 con·
936 1025 1002 1080 Alia
1020 1041 1085 1081 vero
1103 1031 1146 1080 est
1165 1026 1236 1080 ratio
1254 1042 1356 1090 eorum,
1376 1024 1424 1096 qui
1442 1042 1497 1079 non
1517 1042 1550 1080 ex
1570 1027 1770 1084 necessitates

74 1113 217 1180 tmerrtiae,
237 1113 278 1165 ita
296 1128 346 1165 nec
366 1127 460 1165 omnes
478 1113 577 1165 debent
595 1128 654 1166 esre
672 1113 839 1180 sacerdotes,
857 1112 909 1163 sed
935 1112 995 1167 Deo
1022 1112 1157 1175 immissa,
1186 1129 1238 1167 nec
1269 1127 1302 1165 ex
1333 1111 1489 1166 conditione
1520 1127 1589 1167 suae
1615 1114 1769 1169 vocafionis

74 1199 211 1262 calamii,
230 1197 427 1267 quividentar
445 1198 497 1251 isac
516 1200 620 1251 tionum
637 1198 746 1251 haine.
783 1196 907 1267 Respon·
935 1198 1066 1253 divinitus
1091 1197 1231 1268 imposita,
1256 1198 1304 1253 sed
1329 1214 1362 1252 er
1388 1196 1477 1252 libera
1500 1197 1645 1254 voluntate
1672 1201 1767 1256 velex

74 1286 186 1340 demus:
208 1284 309 1338 falsum
327 1289 384 1353 cst,
404 1284 478 1355 quod
497 1284 539 1338 illi
557 1285 644 1339 solum
664 1284 786 1356 eligendi
805 1284 860 1338 sint
878 1284 907 1337 in
933 1284 1070 1356 pontificis
1094 1286 1264 1357 praescripto
1290 1301 1309 1339 a
1339 1284 1470 1356 conjugio
1498 1285 1646 1341 abstinent
1686 1287 1768 1354 Quod

73 1371 239 1436 sacerdotes,
258 1370 307 1442 qni
321 1371 393 1425 dono
404 1371 591 1426 continentiae
604 1370 723 1441 praediti
740 1376 814 1437 sunt,
827 1370 907 1424 docet
933 1372 956 1426 si
973 1372 1018 1426 sel
1036 1372 1154 1428 maxime
1177 1373 1298 1429 ustiones
1318 1373 1454 1443 quasdam
1477 1373 1547 1428 tales
1565 1373 1700 1444 conjuges
1718 1374 1767 1427 ad-

73 1457 144 1512 enim
163 1457 314 1527 apostolus,
333 1456 399 1529 eligi
411 1457 494 1512 etiam
511 1473 594 1528 posse
612 1474 683 1522 enm,
702 1456 751 1529 qui
764 1461 807 1511 est
823 1457 907 1509 anias
932 1459 987 1513 huc
998 1460 1128 1527 sentiam,
1145 1465 1239 1514 tamen
1256 1457 1313 1514 fide
1326 1475 1419 1514 earum
1432 1458 1661 1513 condonationem
1673 1465 1767 1530 petere

73 1546 170 1600 aroris
189 1545 316 1600 maritas.
347 1544 494 1599 Praeterea
510 1545 590 1598 multi
607 1544 739 1599 ridentur
756 1549 784 1599 et
800 1543 861 1612 sibi,
878 1549 907 1597 et
931 1552 1064 1617 possunt,
1084 1563 1147 1601 cum
1166 1546 1268 1615 sciant,
1293 1545 1400 1600 nullum
1430 1545 1506 1599 aliud
1525 1545 1578 1600 sibi
1596 1547 1767 1617 propositum

71 1630 145 1698 aliis,
173 1648 203 1685 se
229 1630 282 1686 hoc
308 1630 411 1684 donum
440 1630 556 1698 habere,
587 1630 637 1686 sed
665 1637 764 1701 postea
794 1631 905 1701 quando
933 1649 992 1688 esse
1009 1629 1131 1687 medinm
1151 1650 1235 1704 quam
1252 1649 1362 1704 preces,
1383 1632 1594 1704 temperantiam
1612 1640 1641 1687 et
1660 1633 1766 1705 pericu-

71 1717 180 1773 ordines
200 1722 395 1787 susceperunt,
423 1717 591 1772 cornutium
618 1717 814 1789 experiuntur,
839 1732 905 1788 ergo
931 1721 1020 1774 lorum
1039 1719 1232 1790 evitationem,
1250 1722 1299 1776 sed
1318 1721 1370 1776 hac
1388 1719 1444 1775 fide
1463 1718 1600 1789 coelibes,
1617 1720 1665 1791 qui
1682 1739 1766 1775 urun-

70 1821 125 1858 non
145 1802 250 1858 debent
273 1819 303 1858 se
321 1803 358 1857 ad
376 1810 541 1874 perpetuum
559 1804 728 1859 coelibatum
752 1808 817 1858 voto
837 1819 904 1875 quo·
930 1813 991 1874 tur,
1015 1825 1071 1862 non
1096 1814 1212 1878 possunt
1233 1809 1325 1864 Deum
1355 1808 1500 1875 invocare,
1533 1824 1597 1861 cum
1621 1807 1766 1880 negligant

69 1891 133 1945 dam
150 1889 323 1962 obstringere
349 1897 378 1944 et
394 1890 546 1945 remedium
566 1889 699 1945 divinitus
719 1895 902 1945 monstratum
930 1894 1052 1949 medium
1077 1895 1238 1967 conjugium
1262 1895 1393 1950 <tinnitus
1418 1894 1582 1950 ordinatum
1627 1898 1652 1950 4.
1674 1896 1765 1949 Nema

68 1984 171 2032 temere
188 1976 343 2048 repudiare.
368 1978 394 2030 2.
412 1977 470 2030 Illi
478 1977 580 2031 hahent
593 1980 698 2031 donam
709 1978 904 2045 continentiae,
930 1989 982 2046 est,
1007 1982 1059 2050 qai
1081 1982 1222 2036 cantiam
1247 1999 1303 2035 non
1326 1983 1430 2051 possit,
1452 1983 1480 2035 ei
1503 1982 1584 2051 mlii,
1610 1989 1640 2034 at
1663 1984 1764 2039 doceat

68 2066 118 2134 qai
133 2064 229 2118 colant
250 2072 275 2118 et
294 2064 408 2132 capiunt
426 2065 581 2131 continere,
596 2063 695 2133 quidne
711 2072 803 2118 antem
824 2066 903 2117 Deus
926 2075 1033 2136 patres,
1050 2068 1102 2120 sed
1119 2075 1229 2136 oportet
1246 2066 1341 2121 medio
1358 2067 1518 2120 necmsaria
1536 2085 1592 2121 non
1614 2067 1763 2137 neqiipere,

69 2152 147 2206 dedit
172 2151 256 2218 veile,
284 2152 364 2205 dabit
389 2151 474 2204 etiam
492 2153 646 2219 perficere,
670 2152 697 2205 si
725 2152 784 2221 ipsi
806 2151 901 2205 velint.
929 2170 1000 2223 qnae
1014 2154 1071 2208 tria
1090 2161 1161 2222 snat,
1181 2154 1282 2222 oratio,
1294 2155 1477 2224 jejuniamet
1491 2155 1685 2226 periuriorum
1707 2154 1762 2208 esi-

68 2237 292 2309 Respondemus:
321 2236 404 2293 fidem
432 2244 460 2292 et
492 2254 588 2308 preces
617 2243 727 2309 oportet
749 2237 800 2293 niti
827 2243 902 2293 certo
928 2241 1008 2295 tatto.
1040 2239 1265 2311 Respondemus:
1290 2240 1439 2295 manifesta
1456 2247 1521 2295 sunt
1537 2240 1624 2296 verba
1645 2240 1761 2296 Christi:

68 2325 152 2380 verbo
164 2324 362 2396 promissionis,
379 2325 439 2394 jam
451 2341 516 2378 vero
529 2325 605 2379 Deus
618 2325 746 2396 nuspiam
757 2325 787 2378 in
799 2340 902 2397 genere
928 2329 994 2381 Non
1020 2344 1113 2381 omnes
1137 2329 1251 2400 capiant
1269 2329 1381 2381 verbnm
1399 2328 1463 2397 boc,
1481 2329 1534 2381 sed
1550 2328 1649 2396 quibas
1666 2329 1763 2381 datam

68 2412 195 2468 omnibus
213 2412 316 2465 donum
342 2411 526 2466 continentiae
548 2411 681 2481 promisit
721 2411 796 2483 Ergo
818 2411 901 2467 etiam
929 2423 982 2482 est,
1010 2418 1039 2469 et
1056 2412 1151 2468 Pauli:
1178 2414 1263 2468 Alias
1288 2416 1393 2467 donam
1412 2432 1493 2468 sunm
1516 2414 1596 2468 babet
1617 2415 1669 2483 sic,
1687 2414 1786 2467 alins·

68 2515 123 2554 non
146 2503 240 2569 potest
257 2514 317 2552 esse
332 2495 435 2551 fiducia
459 2496 488 2550 in
509 2496 639 2567 precibus
658 2514 708 2568 pro
728 2497 902 2569 impetrando
928 2518 992 2554 uera
1010 2501 1066 2568 sic,
1084 2500 1185 2572 quibus
1205 2499 1360 2556 conformes
1377 2505 1443 2553 sunt
1462 2500 1635 2571 quorundam
1652 2505 1762 2571 patrum

66 2586 114 2642 illo
143 2584 216 2639 dona
242 2584 279 2638 ad
306 2583 397 2639 Deum
432 2583 510 2640 fusis.
561 2583 664 2655 Negari
695 2591 770 2639 certe
797 2586 902 2656 nequit,
928 2587 1093 2657 sententiae,
1116 2595 1149 2643 ut
1175 2604 1225 2642 suo
1249 2587 1310 2642 loco
1330 2585 1494 2642 videbimus.
1530 2587 1703 2655 Orationem,
1723 2587 1762 2657 je·

67 2673 169 2728 multos
186 2671 230 2725 uri
248 2670 331 2725 etiam
350 2671 450 2726 invitos
471 2675 498 2726 et
511 2677 607 2726 conus
624 2687 702 2726 suern
721 2671 900 2738 voluntatem,
924 2674 1037 2744 junium
1054 2677 1083 2729 et
1099 2673 1285 2743 periculorum
1305 2672 1481 2729 evitationem
1499 2690 1555 2728 non
1575 2673 1604 2727 iu
1623 2674 1760 2746 virginali,

66 2776 133 2832 ergo
151 2758 261 2814 illorum
275 2765 405 2829 respectu
420 2775 475 2812 non
493 2765 559 2813 sunt
574 2766 709 2829 perpetuo
729 2775 853 2815 connexa
870 2759 901 2814 sd
927 2761 976 2815 sed
995 2760 1078 2815 etiam
1097 2759 1240 2831 conjugali
1266 2759 1395 2814 castitate
1412 2758 1515 2830 requiri
1532 2758 1664 2828 dicimus,
1687 2758 1762 2814 absit

65 2847 134 2901 selle
154 2854 180 2899 et
194 2846 342 2915 perficere.
375 2842 616 2909 Quemadmodum
629 2845 706 2901 Deus
725 2845 787 2901 illas
803 2864 900 2919 preces
927 2847 1012 2918 igitur
1032 2851 1065 2901 ut
1081 2847 1151 2902 haec
1169 2845 1261 2901 media
1278 2845 1362 2916 plane
1382 2845 1581 2916 improbemus,
1610 2846 1659 2902 sed
1675 2863 1759 2919 nega·

64 2932 191 2999 exaudit,
225 2946 296 3001 quae
326 2931 477 2986 secundum
502 2931 673 2987 voluntatem
697 2933 783 3004 ipsius
809 2934 900 2988 conci·
927 2952 997 3000 mus,
1015 2933 1106 2989 media
1121 2933 1218 2989 illaad
1237 2933 1433 2989 continentiam
1451 2933 1613 3004 ruginulem
1625 2941 1759 3007 perpetuo

63 3020 178 3090 piantur
198 3023 219 3072 1.
239 3016 303 3072 Joh.
322 3023 353 3081 5,
380 3033 405 3073 v.
427 3023 466 3074 14.
491 3016 531 3070 ita
549 3017 618 3072 illud
636 3018 707 3075 velle
724 3037 742 3074 a
760 3020 819 3075 Deo
838 3037 899 3091 pro·
925 3027 954 3078 et
966 3022 994 3077 in
1013 3021 1141 3076 omnibus
1158 3020 1295 3092 sufficere,
1313 3020 1363 3076 sed
1380 3020 1483 3092 requiri
1495 3021 1608 3092 insuper
1620 3021 1759 3106 peculiare

63 3105 148 3161 licisoi
166 3103 365 3176 judicandum,
390 3103 465 3175 quod
486 3111 529 3160 est
553 3105 694 3162 conforme
719 3105 828 3161 divinae
853 3122 898 3160 vo·
924 3108 1110 3164 continentiae
1123 3109 1227 3163 donum
1241 3107 1374 3163 divinitus
1386 3114 1414 3164 et
1426 3107 1642 3164 extraordinarie
1655 3108 1758 3176 datum,

63 3192 178 3256 niniati,
203 3193 347 3263 jamvero
374 3190 469 3246 divina
487 3192 704 3249 voluntashaeo
721 3200 776 3258 est,
802 3199 834 3248 ut
850 3192 899 3262 illi,
924 3196 953 3250 id
990 3196 1064 3266 quod
1094 3201 1233 3252 testamur
1268 3195 1393 3268 exempla
1427 3196 1578 3249 Benedicti
1603 3195 1632 3248 in
1663 3193 1758 3265 spinis,

64 3279 113 3350 qui
136 3283 267 3343 muntrrr,
292 3277 415 3332 remedio
441 3278 563 3350 conjugii
591 3277 723 3334 divinitus
747 3283 899 3334 monstrato
924 3282 1076 3338 Elaneisei
1099 3283 1127 3337 in
1157 3282 1345 3355 frigidissimis
1368 3282 1479 3337 nivibus
1507 3299 1537 3338 se
1564 3280 1757 3350 volutantium,

64 3372 178 3420 utantur
198 3371 219 3420 1.
238 3363 301 3422 Cor.
321 3370 345 3431 7,
362 3382 388 3418 r.
407 3370 431 3420 9.
446 3364 572 3442 Christus
590 3365 692 3422 diserte
709 3366 814 3438 inquit:
831 3368 898 3421 Non
924 3371 1092 3440 Hieronymi
1109 3370 1203 3426 inedia
1220 3372 1279 3426 fere
1296 3370 1433 3425 consumti
1445 3376 1474 3425 et
1484 3376 1578 3424 tamen
1595 3368 1756 3422 chorearum

63 3468 158 3507 cmm
176 3452 291 3523 vallium
308 3452 419 3505 ΨΜ
436 3453 488 3506 7¹00
500 3451 599 3507 Msstth·
623 3458 662 3517 19,
679 3471 704 3507 V·
727 3458 767 3509 ll·
785 3470 852 3526 ergo
869 3455 897 3507 in
922 3459 1110 3515 Romanarum
1134 3457 1188 3513 fixe
1212 3456 1390 3512 recordantis.
1424 3455 1544 3521 Quando
1571 3470 1637 3525 ergo
1656 3453 1756 3524 aliquis

62 3539 181 3593 hominis
200 3543 265 3594 voto
284 3555 318 3593 ac
335 3539 477 3594 voluntate
506 3555 561 3594 non
580 3543 634 3608 est,
657 3544 688 3594 nt
708 3546 843 3611 perpetuo
862 3541 899 3597 sit
923 3551 1030 3601 amator
1049 3551 1077 3602 ct
1096 3545 1247 3600 admirator
1270 3544 1424 3599 coelibatus
1450 3542 1535 3598 sentit
1554 3542 1672 3596 calorem
1692 3558 1756 3596 con·

62 3626 310 3696 continensJextra
336 3626 504 3697 conjugium.
544 3626 574 3682 si
604 3626 716 3697 propria
744 3627 896 3697 voluntate,
922 3632 1117 3705 cupiscentiae,
1136 3631 1247 3704 quando
1260 3629 1467 3685 titillationibus
1488 3628 1611 3684 venereis
1625 3634 1756 3696 tentatur,

62 3714 157 3769 labore
180 3730 213 3768 ac
239 3729 353 3783 precum
377 3712 541 3767 assiduitate
563 3712 681 3767 obtineri
699 3719 793 3779 posset
811 3715 896 3770 conti-
923 3719 1060 3783 oratione,
1087 3716 1285 3789 temperantia,
1307 3716 1431 3786 Jejunio,
1457 3713 1599 3770 laboribus
1628 3721 1657 3768 ot
1682 3714 1756 3769 omni

62 3800 157 3856 nentia
174 3805 203 3855 et
222 3799 261 3854 sic
278 3797 406 3853 omnibus
424 3805 496 3853 essen
514 3797 670 3869 possibilis,
701 3799 750 3872 qui
772 3801 809 3855 ad
835 3819 896 3857 eam
923 3804 1070 3876 diligentia
1089 3803 1173 3858 debet
1190 3818 1355 3874 repugnare,
1373 3808 1469 3873 tmpes
1489 3807 1579 3856 motus
1598 3801 1756 3872 reprimere,

62 3887 220 3958 adspirant,
253 3900 339 3956 quare
362 3884 488 3940 christus
523 3884 603 3952 dicit,
635 3903 692 3939 non
720 3903 813 3940 omnes
839 3905 896 3942 esse
923 3891 1045 3961 impuras
1072 3887 1253 3959 cogitationes
1274 3887 1452 3958 praecidere,
1482 3888 1639 3944 occasiones
1668 3886 1756 3940 vitare

62 3976 147 4045 injus
166 3972 236 4027 dicti
252 3974 391 4040 capaces!
426 3973 485 4027 Aut
509 3972 595 4044 igitur
613 3977 765 4028 monstrent
782 3991 895 4045 precum
923 3981 975 4031 etc.
994 3974 1106 4047 quando
1123 3992 1188 4030 vero
1200 3974 1328 4029 incendia
1344 3973 1467 4029 libidinis
1479 3974 1528 4030 illa
1539 3973 1684 4046 diligentia
1700 3990 1755 4027 non

62 4078 175 4116 suarum
197 4074 248 4130 pro
271 4058 458 4115 continentiae
481 4064 633 4131 perpetuae
656 4059 729 4115 dono
747 4059 895 4116 effusarum
922 4068 1039 4133 possunt
1068 4060 1207 4132 exstingui
1235 4060 1280 4116 vel
1314 4060 1442 4132 reprimi,
1472 4061 1521 4115 sed
1552 4060 1655 4115 accidit
1685 4059 1755 4113 illud

63 4147 225 4205 mandatum
243 4163 276 4201 ac
294 4146 502 4217 promissionem
519 4146 549 4200 in
562 4145 662 4221 verbo,
678 4153 728 4201 aut
746 4146 770 4200 si
787 4148 831 4202 his
850 4149 895 4204 de·
922 4154 1036 4221 poetae:

62 4235 223 4298 stituuntur,
235 4238 398 4305 agnoscant,
411 4251 471 4290 esse
482 4233 665 4288 temeritatem
677 4239 706 4287 ct
716 4232 896 4289 tentationem
1010 4281 1043 4292 ..
1076 4282 1110 4290 ..
1142 4281 1174 4291 -
1204 4251 1258 4304 Est
1277 4248 1371 4305 molti,
1382 4251 1500 4319 flamma
1521 4250 1670 4304 medullas,

63 4320 128 4384 Dei,
150 4319 224 4390 quod
237 4326 329 4390 spreto
344 4320 436 4375 medio
452 4318 591 4375 ordinario
603 4319 829 4389 audeantpetere
850 4337 895 4375 er·
1013 4338 1120 4395 purum
1143 4336 1198 4392 alp
1215 4337 1292 4391 „emp
1309 4345 1335 4391 α
1354 4354 1434 4393 0000,
1454 4338 1584 4408 camptu,-
1601 4337 1669 4405 ,φης

61 4405 276 4462 traordinarium
300 4388 333 4460 ac
351 4405 411 4459 Dco
434 4405 623 4477 praescribere
644 4407 771 4475 modum,
794 4405 896 4477 quibus
921 4443 1001 4500 item,

61 4493 153 4548 ornari
183 4492 269 4548 velint
297 4492 376 4546 donis
406 4491 637 4549 extraordinariis.
683 4491 748 4546 Huc
776 4494 896 4562 pertinet
994 4483 1001 4497 ⁶

63 4579 132 4634 illud
151 4577 278 4649 Dionysii
298 4577 502 4632 Corinthiorum
522 4578 653 4649 episcopi,
673 4578 721 4650 qui
738 4579 767 4632 in
779 4579 896 4650 epistola

62 4666 99 4721 ad
130 4665 248 4720 Gnosios
284 4662 358 4718 circa
389 4680 492 4717 annum
524 4663 628 4719 Christi
668 4670 722 4719 lit).
758 4662 895 4720 referente
922 4666 1043 4723 breviter
1066 4665 1178 4737 quando
1202 4670 1244 4720 est
1260 4665 1414 4736 pericnlum
1432 4665 1527 4719 ruinae
1541 4664 1585 4719 vel
1601 4665 1754 4737 tranquilli-

62 4750 249 4807 Eusebiolib.
270 4750 369 4814 ahiat.
389 4749 583 4805 coalescit.
614 4750 747 4821 Pinytum
761 4750 895 4807 ecclesiae
922 4761 965 4808 tas
994 4751 1179 4807 conscientiae
1202 4758 1230 4807 et
1255 4751 1391 4808 invocatio
1409 4749 1563 4815 turbatur,
1593 4756 1660 4806 tunc
1685 4751 1755 4806 scire

62 4839 135 4894 illius
155 4838 316 4909 episcopum
335 4834 497 4904 admonuit,
515 4852 550 4889 ne
567 4852 652 4904 prave
670 4855 740 4891 anns
758 4837 897 4891 casticiis
922 4843 1022 4911 potest,
1046 4856 1076 4894 se
1094 4838 1196 4893 donum
1214 4838 1284 4892 illud
1308 4837 1448 4908 peculiare
1473 4851 1529 4890 non
1548 4835 1665 4908 habere,
1692 4839 1755 4894 ideo

60 4923 202 4989 fratribus
228 4920 441 4991 (comministris)
475 4937 508 4974 ea
541 4921 703 4976 necessimte
733 4923 898 4996 imponeret,
922 4931 1016 4980 utatur
1034 4924 1155 4981 remedio
1178 4931 1275 4979 contra
1300 4923 1421 4978 ustiones
1447 4923 1579 4978 divinitus
1596 4931 1754 4981 monstrato.

61 5012 112 5063 sed
128 5010 278 5064 maltorum
303 5007 521 5062 imbecillitatem
539 5014 669 5061 accaron
688 5009 896 5076 eomtderarer,·
922 5010 1075 5083 Apostolus
1099 5010 1171 5066 enim
1198 5010 1265 5077 illis,
1290 5009 1339 5081 qui
1357 5013 1488 5078 uruntur,
1512 5027 1567 5066 non
1591 5012 1755 5082 praescribit

61 5096 181 5168 itemque
205 5095 275 5151 illud
297 5093 401 5167 Ignatii
426 5092 563 5164 Dionysio
587 5092 750 5164 antiquioris
776 5096 805 5150 in
829 5113 896 5169 gno·
923 5094 1053 5153 exercitia
1070 5114 1193 5168 precum,
1207 5095 1395 5167 jejuniorum,
1414 5094 1547 5163 laborum,
1565 5098 1613 5152 sed
1631 5097 1691 5152 vult
1709 5116 1755 5154 eos

62 5182 180 5255 molog'o
197 5183 305 5238 Graeco
320 5182 369 5238 lib.
391 5187 420 5250 l,
438 5198 461 5237 c.
483 5187 529 5237 14:
559 5178 719 5235 Goelibatas
735 5183 833 5252 jupam
850 5200 896 5238 ne·
921 5183 1040 5253 nubere,
1057 5200 1091 5238 ac
1111 5189 1133 5240 1.
1152 5183 1225 5236 Tim.
1246 5188 1275 5247 5,
1302 5200 1327 5236 v.
1350 5187 1390 5238 11.
1410 5189 1537 5249 annotat,
1558 5184 1753 5254 experientiam

62 5271 132 5323 mini
148 5269 324 5340 imposueris,
346 5276 386 5321 est
398 5268 469 5322 enim
480 5285 528 5323 res
535 5266 700 5340 periculosa
718 5278 745 5323 et
756 5270 897 5324 mnoddn
922 5270 965 5325 sui
994 5268 1125 5340 temporis
1156 5268 1234 5322 illam
1262 5267 1468 5340 persuasionem
1499 5270 1647 5336 refutasse,
1680 5272 1754 5342 quod

47 5350 123 5410 'crim
141 5358 278 5412 obtinetur
297 5354 444 5424 difficiles,
470 5356 586 5426 qnando
610 5369 643 5407 en
659 5355 820 5410 martiae
838 5374 895 5410 ser·
922 5355 1040 5429 quilibet
1058 5355 1139 5409 modo
1157 5353 1231 5421 velit,
1250 5358 1380 5425 precetur
1398 5362 1426 5409 et
1445 5357 1594 5426 annitatur,
1613 5358 1755 5415 continere

62 5452 150 5499 catur.
175 5447 202 5498 3.
215 5442 314 5496 Etiam
326 5440 474 5509 eoniuqati
485 5458 570 5513 saepe
582 5441 896 5514 capuntnroelpropter
921 5441 1017 5517 possit,
1034 5442 1097 5496 ideo
1117 5457 1173 5494 non
1192 5439 1272 5508 dicit,
1298 5442 1376 5510 volo,
1388 5442 1521 5511 juniores
1537 5445 1638 5498 viduas
1659 5445 1755 5514 anniti,

62 5531 232 5597 absentiam,
258 5528 303 5582 eei
323 5533 442 5597 propter
469 5529 676 5602 aspritudinem
702 5527 895 5599 lonpissimam
921 5528 1024 5599 conari,
1041 5526 1157 5600 precari,
1176 5527 1226 5583 sed
1245 5527 1325 5597 volo,
1342 5542 1390 5583 eas
1407 5529 1508 5584 nubem
1525 5529 1622 5586 addita
1637 5532 1752 5599 ratione,

60 5616 187 5686 oonjrspir
204 5612 340 5668 abstinero
356 5626 387 5664 tt
403 5609 439 5661 αὖ
458 5613 559 5687 sume,
585 5623 613 5672 et
635 5620 728 5670 mmm
748 5630 807 5669 non
828 5613 895 5670 ticet
922 5630 958 5670 ns
981 5613 1094 5671 oscado
1116 5615 1198 5670 darn
1220 5614 1394 5674 mario.
1438 5614 1499 5674 Nec
1517 5615 1620 5675 rectius
1635 5617 1754 5691 intelligi

958 4549 1070 4615 Quoqae
1086 4546 1176 4612 mapis
1189 4544 1345 4615 premitur,
1356 4551 1431 4600 tanto
1442 4545 1533 4612 maqis
1548 4550 1658 4597 annas
1674 4544 1756 4612 ipnia.
