4020 6014
251 307 310 367 104
365 348 366 352 .
627 253 631 260 ⁵
694 318 697 326 Α
836 296 958 356 uocas
976 254 1364 354 mandassemus

247 457 352 522 potest,
379 452 454 522 quod
481 451 510 506 in
537 456 772 507 sacramentorum
805 448 916 521 proprie
944 446 1218 528 dIctorumiproprie
1239 447 1342 504 dictum
1362 465 1509 522 66366666,
1538 465 1589 504 nec
1613 453 1706 506 666666
1733 466 1769 505 ex
1788 449 1890 506 ordine
1912 466 1955 506 re·

247 554 361 593 numero
382 537 492 594 habeat.
528 538 626 593 Potest
643 538 715 593 enim
736 536 848 591 collatio
866 535 974 590 institui
991 534 1018 586 in
1036 548 1083 602 ge·
1095 541 1097 545 ’
1108 549 1170 586 rum
1190 533 1350 590 coelestium
1363 534 1546 591 ministerium
1563 534 1785 591 ecclesiasticum
1804 533 1955 590 eximimus

247 623 334 679 neraii
355 624 474 693 quadem
496 624 617 691 ratione,
646 623 712 693 quia
730 628 758 677 et
774 636 825 692 per
843 620 1026 688 baptismum,
1057 623 1085 671 et
1109 618 1153 672 vel
1172 618 1233 687 pios
1254 620 1427 676 ministrosa
1446 620 1592 691 Spiritus.
1615 620 1781 676 constitutos
1801 636 1950 692 66366666,

247 725 297 779 per
314 710 439 764 ordinem
456 710 537 765 homo
557 715 735 763 consecratur
753 708 828 776 DeO,
851 708 911 777 jam
929 721 994 761 vero
1014 720 1084 774 quae
1110 702 1261 760 Tharasius
1280 706 1308 759 in
1329 706 1408 777 epist.
1427 706 1463 760 ad
1480 706 1637 760 Adrienum
1656 721 1759 776 papam
1772 711 1839 761 tem.
1863 712 1886 762 l.
1907 705 1953 760 Bi-

247 795 277 849 in
302 811 357 848 uno
384 795 464 850 tertio
490 794 669 856 conveniunt,
697 813 752 850 non
771 798 814 848 est
832 809 945 847 necesse
964 791 1037 844 inter
1056 806 1085 843 se
1111 788 1862 862 6166616,666666666666666666666666666666666
1877 793 1953 846 6666-

248 880 331 951 plene
354 886 381 934 et
400 880 485 950 plene
501 881 654 935 convenire.
692 880 749 934 Leo
776 879 857 949 epist.
882 883 923 933 81.
950 876 986 931 ad
1004 875 1085 929 Dios·
1107 877 1199 944 piant,
1220 876 1358 946 Spiritum
1370 896 1393 932 s.
1406 880 1534 932 uendere.
1561 877 1953 933 'lbsodoretnsina‘rinsa

248 982 342 1020 corum
361 965 497 1020 Alexand.
518 965 643 1021 ordinem
662 972 744 1020 voest
763 971 982 1030 sacramentum,
1012 961 1085 1016 idem
1112 961 1296 1017 oecumenius
1313 964 1342 1018 in
1362 969 1386 1021 2.
1411 964 1481 1018 Tim.
1503 973 1527 1022 1.
1547 963 1710 1019 Ambrosius
1736 963 1772 1018 de
1790 963 1868 1035 dign
1896 979 1952 1019 sac.

250 1066 315 1105 vero
344 1052 463 1106 eundem
492 1052 665 1106 incommode
697 1050 854 1105 Leviticam
885 1047 1085 1102 ordinationem
1111 1065 1135 1104 c.
1161 1055 1185 1103 5.
1212 1048 1242 1100 66
1268 1050 1446 1103 6666666666
1472 1050 1597 1118 Spiritus
1623 1067 1645 1104 s.
1668 1049 1793 1119 66666666
1820 1051 1955 1113 aaaron·

251 1136 373 1206 appellat
396 1143 481 1208 atque
506 1137 542 1191 ad
564 1143 669 1192 eertum
689 1136 772 1204 diem,
790 1135 825 1189 ad
852 1125 996 1204 vesperam
1015 1131 1086 1185 scili·
1112 1133 1215 1189 dieunt
1252 1135 1306 1192 Sed
1326 1151 1360 1190 ex
1378 1136 1434 1190 illis
1449 1136 1573 1191 nondum
1589 1135 1687 1190 inferri
1703 1140 1804 1207 petest,
1824 1135 1953 1192 ordinem

251 1227 296 1276 cet
314 1221 452 1289 sabbathi,
471 1222 624 1292 adstringit,
660 1220 825 1276 Anastasius
844 1219 881 1273 11.
907 1219 936 1273 in
954 1219 1033 1290 epist.
1050 1217 1087 1270 ad
1099 1221 1101 1284 ᾗ
1112 1236 1172 1274 esse
1192 1227 1395 1277 sacramentum
1407 1222 1518 1293 proprie
1540 1221 1654 1285 dictum,
1674 1238 1737 1276 eum
1756 1238 1807 1292 per
1824 1223 1954 1292 cujusvis

250 1306 316 1376 imp.
335 1306 466 1362 Anastas.
503 1306 655 1377 Gregorius
668 1308 691 1362 1.
703 1308 721 1363 l.
736 1313 760 1364 4.
777 1312 916 1360 comment
932 1305 961 1358 in
980 1304 997 1357 l.
1016 1303 1086 1373 Reg.
1099 1326 1101 1367 1
1112 1305 1152 1361 rei
1169 1306 1526 1377 spiritualis-venditionem
1547 1307 1665 1362 simonia
1683 1308 1892 1377 committatur,
1920 1323 1956 1363 sc

250 1409 273 1447 c.
294 1399 314 1448 5.
344 1393 511 1448 sacramenti
539 1393 651 1448 nomine
676 1394 760 1449 letius
785 1398 901 1447 utuntur
922 1408 972 1461 pro
990 1390 1102 1460 queris
1100 1386 1234 1462 Spiritus
1261 1410 1281 1445 s
1310 1393 1393 1447 vendi
1418 1400 1579 1458 censeatur,
1608 1410 1727 1463 cumque
1752 1411 1808 1449 non
1827 1395 1955 1466 quaeris,

111 1481 236 1527 6116166
250 1479 421 1543 ceremonia,
453 1495 503 1549 per
532 1495 615 1549 quem
638 1478 720 1533 bomo
744 1478 877 1549 peculiari
904 1477 1010 1532 ratione
1027 1476 1088 1531 Deo
1113 1478 1162 1533 sed
1176 1476 1333 1547 justificans
1352 1479 1444 1549 gratia
1461 1478 1589 1576 symbolo
1602 1479 1738 1536 divinitus
1755 1478 1886 1534 instituto
1905 1497 1956 1534 au

249 1572 442 1634 consecratur,
470 1582 524 1637 quo
544 1582 627 1620 sensu
645 1566 717 1620 idem
736 1564 888 1637 Gregorius
908 1582 1007 1621 comm.
1027 1563 1087 1619 eod.
1081 1579 1185 1643 ,46666
1203 1571 1407 1619 sacramentum
1420 1565 1531 1635 proprie
1546 1565 1651 1620 dictum
1667 1565 1828 1623 constituat.
1852 1564 1955 1636 Cypri-

249 1652 319 1708 iuc.
344 1659 382 1708 10.
404 1660 432 1706 et
453 1657 490 1707 16
529 1650 620 1706 Saulis
645 1657 673 1706 et
695 1651 811 1706 Daridis
835 1651 1006 1718 unctionem,
1032 1647 1160 1719 quaisni
1185 1665 1274 1703 sermo
1298 1649 1333 1704 de
1360 1649 1465 1721 operib
1491 1650 1655 1705 cardinalib.
1688 1656 1731 1706 est
1757 1651 1956 1722 supposititius

249 1737 278 1792 in
295 1755 376 1809 reges
395 1737 579 1808 ungebantur,
599 1744 773 1793 sacramenta
793 1744 882 1791 vocat.
920 1741 943 1791 3.
963 1720 1102 1790 Concilia
1114 1738 1184 1788 teste
1211 1732 1336 1790 Pemelio
1366 1742 1396 1790 et
1426 1735 1503 1790 Sixto
1535 1734 1649 1791 Senensi
1680 1734 1728 1789 lib
1759 1741 1784 1792 4.
1820 1735 1956 1793 Bibliotn

250 1824 387 1896 quaedam
409 1830 474 1878 sunt
493 1823 655 1885 recentiora,
675 1829 706 1877 ut
717 1823 907 1878 Florentinum
925 1829 953 1877 et
971 1821 1087 1876 Triden·
1099 1815 1289 1890 Augustinus
1309 1839 1409 1876 nomen
1427 1821 1591 1877 sacramenti
1606 1821 1689 1876 latius
1708 1821 1819 1892 accipit,
1835 1827 1868 1875 ut
1886 1822 1957 1878 aiibi

249 1909 347 1977 tinum,
366 1909 505 1979 quaedam
530 1925 595 1963 vero
615 1909 787 1980 antiquiora,
813 1916 845 1962 ut
862 1908 1087 1977 Chalcedonense
1114 1905 1331 1963 demonstratum
1352 1908 1412 1962 fuit.
1455 1914 1479 1964 4.
1500 1907 1735 1964 scholasticorum
1747 1908 1900 1963 auctoritas
1919 1926 1956 1965 ne

251 2000 279 2050 et
297 1993 483 2059 Braesreuse,
506 1995 615 2048 illorum
636 1995 785 2049 auctoritas
806 1999 884 2048 tants
904 2010 957 2048 non
978 1999 1032 2057 est,
1056 1998 1101 2046 ut'
1099 1990 1180 2063 ipsis
1199 1992 1311 2062 quidem
1331 1993 1486 2049 Pontifieiis
1506 2000 1549 2049 est
1566 1992 1729 2048 infallibilis.

250 2080 338 2151 possit
365 2081 439 2150 apud
471 2096 522 2134 nos
548 2079 671 2151 aliquam
698 2080 836 2150 probandi
863 2079 920 2133 vim
952 2077 1101 2141 obtinere,¹
1151 2083 1206 2133 156
1223 2078 1290 2149 Cap.
1309 2086 1331 2134 4.
1350 2079 1649 2150 profertBellarminus
1671 2079 1801 2135 rationes
1833 2085 1856 2135 1.
1870 2082 1953 2135 Deos
1966 2085 1989 2128 S

250 2165 319 2220 haec
339 2181 403 2221 vero
427 2184 482 2220 non
506 2172 647 2235 mserum,
673 2166 747 2236 quod
766 2163 985 2220 Bellarminus
978 2180 1007 2217 m
1033 2162 1087 2217 illis
1113 2162 1224 2234 (iuquitt
1250 2166 1331 2234 cajus
1349 2167 1480 2234 perfecta
1498 2174 1562 2219 saut
1586 2183 1675 2235 opera
1703 2169 1787 2222 0666.
1811 2169 1858 2221 32.
1890 2186 1953 2221 eam
1967 2137 2002 2177 ὼ

251 2251 367 2323 quaerit.
403 2251 627 2306 Chalcedonense
645 2251 792 2305 concilium
807 2267 869 2306 can.
890 2256 911 2305 6
931 2256 963 2303 ut
980 2253 1008 2302 et
1021 2247 1087 2301 Bre-
1115 2251 1165 2302 (666
1180 2257 1359 2319 potestatem,
1381 2253 1430 2304 dat
1451 2254 1536 2306 etiam
1556 2269 1599 2320 ea,
1620 2268 1691 2322 puae
1709 2254 1895 2322 saquis-satas·
1913 2255 1955 2306 ad

251 2353 363 2394 6666666
382 2339 496 2392 damnat
522 2354 582 2402 eos,
611 2337 658 2407 qui
684 2336 816 2407 pecunias
840 2353 891 2405 pro
915 2304 1193 2410 ordinationeiasam
1222 2336 1282 2405 ejus
1309 2338 1459 2405 legitimum
1488 2347 1513 2391 66
1537 2345 1746 2407 couprueutsm,
1777 2347 1807 2392 66
1830 2347 1955 2409 apparet

251 2423 414 2495 suscipiunt,
434 2423 500 2496 quia
517 2423 636 2494 gratiam
653 2422 708 2477 Dei
733 2421 773 2475 ilii
792 2426 941 2477 censentur
960 2420 1087 2486 rendere,
1115 2421 1197 2474 etiam
1217 2422 1246 2474 66
1264 2423 1346 2476 rebus
1369 2424 1554 2478 naturalibus.
1590 2423 1626 2476 Iu
1652 2424 1833 2479 ordinatione
1859 2433 1957 2478 autem

251 2526 323 2583 quae
346 2517 439 2565 66ιιι6ιι
463 2509 546 2563 vendi
572 2508 650 2562 nullo
680 2508 761 2562 modo
779 2507 871 2563 debet.
907 2507 987 2560 Atei
1005 2522 1039 2561 ex
1056 2521 1089 2559 eo
1115 2525 1200 2560 sacra
1226 2510 1314 2561 datur
1342 2509 1450 2563 6666666
1472 2517 1600 2579 potestas
1628 2511 1797 2580 conficiendi
1820 2519 1846 2563 66
1872 2512 1957 2565 misi

250 2597 347 2652 inferri
361 2603 464 2666 posset,
477 2595 682 2650 ordinationem
696 2609 756 2648 esse
769 2592 1090 2650 sacramentum.esdem
1117 2594 1233 2646 straudi
1258 2602 1451 2658 6666666666,
1479 2611 1550 2664 quae
1575 2602 1647 2648 certe
1673 2612 1692 2647 6
1713 2604 1863 2664 peccatore
1881 2607 1958 2652 recte

252 2684 359 2739 ratione
378 2681 473 2737 inferri
496 2685 606 2751 posset,
633 2679 834 2749 impositionem
861 2695 1010 2746 manuam,
1036 2692 1092 2747 qua
1118 2680 1241 2733 66666666
1257 2697 1312 2733 666
1325 2687 1422 2749 potest.
1461 2681 1551 2734 Dabit
1576 2681 1665 2749 696666
1685 2683 1765 2735 Deus
1790 2682 1875 2737 simul
1892 2700 1957 2737 cum

251 2768 374 2824 risibilia
385 2766 504 2838 Spiritus
512 2757 602 2821 ¹saneti
618 2765 730 2819 donaiu
739 2764 1092 2834 ecelesiaapostolieaeon·
1118 2781 1152 2818 ea
1166 2773 1304 2834 potestate
1319 2767 1403 2820 stiam
1416 2768 1540 2835 praciam
1551 2767 1752 2834 justificantem
1765 2776 1790 2821 (6
1805 2770 1957 2838 66666666-

252 2855 422 2919 ferebantur,
436 2852 524 2908 fuisse
533 2856 737 2907 sacramentum
744 2850 855 2921 proprie
865 2851 978 2918 dictum,
989 2850 1053 2906 Act.
1068 2855 1097 2906 8·
1118 2859 1170 2904 tem
1201 2853 1344 2921 animam,
1372 2860 1402 2905 66
1427 2853 1482 2906 rite
1512 2853 1651 2920 funestas·
1680 2859 1757 2905 66666
1787 2855 1956 2911 maeroris.

252 2941 484 3010 4.1nterpatres
505 2940 593 3008 primo
617 2938 678 2993 loeo
702 2937 815 3007 ponitur
834 2937 987 3009 Dionysius
1005 2937 1093 2991 Areo·
1119 2940 1145 2989 2.
1168 2937 1203 2992 Si
1219 2939 1248 2990 66
1269 2939 1414 3007 baptismo,
1432 2940 1463 2992 66
1481 2956 1536 3008 quo
1549 2940 1635 2992 datar
1643 2941 1960 3009 potsstassasaspicads'

254 3026 366 3099 pagits,
395 3028 477 3096 cujas
503 3024 607 3094 scripte
632 3038 692 3078 esse
718 3022 896 3093 supposititia
920 3022 1027 3077 idoneis
1052 3037 1095 3075 ra·
1118 3024 1315 3077 erwbars'stiam
1334 3033 1358 3078 66
1377 3025 1439 3078 6666
1458 3033 1650 3092 sauromata,
1677 3026 1764 3078 dator
1788 3026 1958 3081 simistrum

252 3112 374 3170 tionibus
399 3111 563 3167 confirmant
596 3108 761 3178 Laurentius
794 3108 878 3164 Valla
904 3116 932 3165 et
960 3109 1092 3163 Erasmus
1118 3126 1152 3162 aa
1170 3117 1304 3179 potestate
1324 3112 1419 3179 pratia
1444 3119 1556 3180 prauam
1579 3111 1707 3177 faeiem,
1736 3112 1805 3180 qaia
1831 3113 1892 3166 6666
1920 3129 1957 3167 66

252 3201 282 3256 in
308 3205 391 3257 617.
424 3197 487 3251 Act.
507 3195 669 3252 Theodorus
702 3193 781 3249 Gaza
809 3195 926 3264 praeiet
960 3194 1093 3265 problem.
1117 3213 1173 3249 666
1194 3205 1267 3251 reete
1289 3199 1491 3267 percipiuntur
1519 3205 1696 3252 sacramenta
1718 3205 1825 3267 666666,
1852 3215 1906 3252 ear
1922 3200 1956 3253 66

253 3285 407 3342 Alexandri
430 3283 554 3354 Aphrod.
579 3301 597 3338 a
624 3300 655 3338 se
683 3282 712 3336 iu
737 3280 866 3336 monum
889 3297 1092 3346 conversorum,
1117 3291 1291 3349 6666666666
1319 3283 1443 3352 ordinis,
1470 3285 1500 3337 66
1524 3302 1579 3354 qao
1605 3287 1690 3339 datar
1705 3292 1834 3354 potestas
1856 3287 1957 3351 confs-

254 3373 420 3444 Cajetsuus,
453 3369 592 3424 Lutberus
620 3369 649 3422 in
676 3385 700 3422 6.
727 3374 750 3424 3.
778 3366 878 3423 Genea.
906 3367 1035 3438 illyricus
1063 3368 1092 3422 in
1117 3369 1202 3421 rendi
1220 3376 1409 3438 sacramenta,
1439 3387 1494 3422 666
1512 3371 1597 3424 simol
1620 3372 1702 3424 666666
1720 3371 1838 3424 datter
1856 3371 1959 3440 pratia

255 3460 336 3514 catal.
366 3464 395 3512 et
416 3456 465 3511 elii
490 3456 654 3525 complures.
689 3453 789 3508 Nullus
814 3472 847 3508 ex
871 3454 1010 3508 veteribus
1027 3461 1092 3510 ante
1117 3463 1227 3522 aratum
1243 3456 1377 3518 faciens!
1414 3456 1558 3509 sienem
1576 3458 1665 3510 datur
1686 3457 1716 3509 iu
1735 3455 1837 3510 ardiae
1856 3457 1961 3525 pratia

256 3544 422 3616 Gregorium
456 3542 621 3613 scriptorum
654 3541 782 3612 Dionysii
813 3541 981 3595 mentionem
1015 3540 1091 3595 facit
1117 3547 1228 3608 pratum
1239 3541 1358 3603 faciens,
1376 3542 1645 3595 eritsaorameutam
1655 3543 1773 3611 proprie
1786 3542 1956 3597 siedietaur.

257 3630 441 3698 Hieronymus
467 3646 501 3683 ex
519 3630 644 3700 professo
662 3629 820 3698 catalogum
844 3625 1092 3682 ecclesiasticorum
1118 3630 1145 3680 3.
1164 3626 1338 3681 Adversarii
1355 3627 1428 3680 66666
1445 3627 1553 3696 babent,
1573 3629 1650 3696 qaod
1669 3628 1806 3695 objiciant
1827 3629 1887 3682 nisi
1909 3647 1960 3682 as·-

257 3714 421 3783 scriptorum
439 3714 522 3780 terit,
550 3714 649 3768 sedin
669 3731 701 3770 eo
720 3713 886 3784 Dionysium
904 3711 1031 3781 nuspiam
1050 3730 1092 3768 re-
1118 3720 1247 3781 aamenta
1271 3714 1401 3782 nepetino
1432 3722 1457 3767 et
1484 3714 1567 3769 66666.
1603 3713 1826 3782 Respondemus:
1857 3720 1881 3770 1.
1900 3732 1959 3771 non

257 3805 359 3855 censet.
398 3799 535 3852 Eusebius
554 3799 571 3851 l.
593 3806 616 3854 3.
635 3799 697 3854 hist.
719 3818 742 3855 c.
758 3806 781 3855 4.
795 3799 853 3854 etl.
869 3807 893 3856 4.
918 3798 1054 3855 hietat.
1069 3806 1091 3855 3.
1119 3816 1152 3854 ex
1169 3798 1284 3853 rationis
1304 3799 1500 3869 congruentia,
1530 3799 1579 3853 sed
1607 3815 1640 3853 ex
1665 3799 1840 3856 institutione
1858 3800 1959 3856 divina

257 3890 461 3952 commemorat,
475 3885 612 3954 quomodo
627 3885 779 3955 Dionysius
794 3885 932 3940 sitfactus
947 3886 1092 3956 episeopus
1119 3885 1284 3939 sacrementi
1314 3885 1416 3938 veritas
1445 3885 1667 3940 demonstranda
1714 3890 1739 3940 2.
1767 3885 1959 3944 Bellsrmiuus

257 3970 451 4038 Atheniemis,
478 3970 528 4024 sed
549 3971 713 4041 scriptorum
732 3973 793 4041 ejus
811 3972 915 4025 nnllam
933 3972 1001 4026 facit
1018 3989 1093 4026 men·
1119 3970 1171 4026 sibi
1191 3970 1244 4041 ipsi
1267 3971 1441 4041 contradicit,
1471 3989 1535 4026 nam
1553 3971 1600 4025 lib.
1621 3971 1656 4025 de
1673 3988 1791 4028 sacram.
1811 3971 1841 4027 in
1852 3989 1960 4045 geum

256 4057 368 4129 tionem,
388 4058 462 4127 quod
479 4074 553 4112 more
574 4074 624 4111 suo
638 4074 779 4128 nunquam
791 4057 932 4113 tacuisset.
958 4057 1094 4113 Videatur
1120 4075 1143 4111 6,
1168 4062 1208 4112 26.
1235 4058 1316 4113 modo
1343 4058 1426 4128 plane
1446 4057 1584 4112 contrario
1600 4058 1792 4129 progreditur,
1820 4060 1862 4114 sic
1881 4061 1959 4116 enim

256 4143 389 4198 criticum
421 4159 529 4197 sacrum
565 4144 663 4198 Riveti.
719 4143 846 4213 Martyrii
883 4144 987 4198 dictum
1017 4146 1092 4215 apud
1119 4142 1216 4198 scribit
1240 4140 1267 4214 ξ.
1288 4143 1440 4198 Probatur:
1471 4145 1636 4198 Auctoritas
1665 4147 1833 4211 sereser-sadi
1855 4163 1957 4200 saera·

257 4228 363 4286 Sozom.
383 4229 401 4281 l.
424 4236 446 4284 7.
467 4228 530 4284 hist.
551 4246 574 4283 c.
596 4235 634 4283 16.
660 4229 803 4284 commode
828 4228 1031 4298 explicandam,
1057 4249 1092 4287 ne
1119 4237 1211 4282 menta
1235 4247 1292 4282 666
1319 4238 1358 4283 est
1383 4231 1480 4298 pratia
1499 4239 1611 4298 6666666
1630 4232 1756 4294 sudem,
1789 4233 1842 4284 scd
1858 4235 1960 4300 pratia

257 4332 321 4372 curn
337 4313 403 4368 fidei
415 4315 545 4384 analogia
556 4322 671 4386 pugnet,
691 4315 790 4370 asserit
805 4315 885 4382 enim,
903 4318 1091 4370 sacerdotium
1118 4317 1209 4383 pratis
1228 4317 1311 4383 data,
1337 4333 1392 4369 666
1418 4333 1485 4385 erqo
1511 4317 1550 4369 ita
1566 4325 1678 4386 pugnat
1698 4335 1759 4371 6666
1776 4317 1958 4386 immutata

256 4418 313 4457 esse
326 4407 508 4471 peccatoram
529 4402 729 4469 captatorium,
761 4402 836 4474 quod
859 4419 915 4456 non
938 4407 1030 4471 potest
1055 4402 1089 4458 ds
1119 4402 1205 4471 66666,
1232 4410 1263 4454 at
1290 4402 1374 4455 simul
1399 4419 1460 4455 cam
1484 4418 1518 4454 ea
1545 4418 1604 4455 esse
1629 4421 1684 4456 666
1701 4404 1800 4473 possit.
1838 4402 1958 4459 Constat

255 4489 310 4544 ritu
327 4487 507 4542 ordinationis
526 4486 630 4556 accipi,
657 4503 720 4542 curn
741 4488 800 4557 ipse
817 4476 1002 4542 Beilsrminus
1027 4489 1045 4544 1.
1069 4496 1089 4545 t.
1120 4488 1199 4556 enim,
1224 4489 1364 4556 ejusmodi
1381 4488 1490 4555 pretias
1515 4488 1545 4540 66
1564 4490 1762 4557 paedoribus
1786 4505 1845 4544 esse
1860 4509 1957 4560 posse,

256 4574 290 4628 de
307 4590 423 4628 sacram.
437 4590 459 4626 c.
480 4578 520 4628 26.
539 4579 652 4636 asserat,
670 4581 834 4642 potestatem
854 4573 1014 4627 remittendi
1026 4591 1090 4644 pee-
1120 4582 1150 4627 66
1170 4581 1251 4642 patet
1274 4576 1310 4627 de
1330 4572 1455 4642 Gaipba,
1487 4575 1538 4642 qai
1554 4577 1749 4645 prophetavit,
1781 4594 1843 4630 6666
1860 4585 1957 4634 samen

255 4668 321 4712 eata
339 4662 399 4714 siae
417 4659 514 4729 pratia
532 4665 642 4727 pratum
668 4659 791 4721 fomente
814 4676 899 4727 posse
923 4660 1015 4713 locum
1042 4661 1090 4714 ha·
1120 4667 1189 4712 esset
1202 4661 1340 4728 pessimus
1358 4659 1424 4713 666.
1443 4662 1483 4712 11.
1521 4661 1590 4714 Item
1610 4665 1645 4714 de
1664 4663 1731 4731 silis,
1750 4664 1918 4732 qaiMatth.
1933 4668 1957 4718 7.

257 4745 328 4813 bers,
342 4746 391 4799 sed
403 4745 598 4816 explicandum
610 4743 645 4798 de
658 4745 717 4814 ipso
730 4743 881 4799 ministerio
894 4745 1091 4816 ecclesiastico,
1119 4746 1230 4809 dieunt,
1257 4761 1346 4797 66666
1369 4746 1399 4797 66
1416 4746 1527 4799 nornine
1553 4754 1599 4800 666
1615 4749 1868 4818 prophetavimus!
1906 4751 1957 4806 Se·

256 4845 306 4902 per
334 4830 410 4900 quod
435 4830 587 4900 ὀργανικῶς
613 4835 789 4900 peccatorum
813 4830 937 4884 remissio
966 4839 994 4886 et
1017 4832 1091 4887 selus
1119 4833 1210 4886 cauda
1225 4831 1379 4883 6666666666
1394 4833 1562 4897 conferendi
1572 4842 1777 4888 causamentum
1794 4852 1851 4889 666
1867 4837 1958 4892 datas·

256 4915 415 4971 bominibus
435 4918 583 4973 confertur.
619 4915 834 4988 Chrysostomus
852 4916 870 4969 1.
889 4923 912 4973 3.
932 4917 967 4972 de
986 4919 1090 4974 sacerd.
1119 4919 1148 4970 66
1168 4915 1318 4969 utilitatem
1330 4917 1463 4987 66666666,
1483 4921 1536 4972 ssd
1553 4920 1677 4973 aliarum
1684 4941 1695 4988 ;
1714 4921 1801 4989 ipitar
1819 4938 1876 4976 666
1894 4930 1960 4977 eret

257 5002 333 5070 dicit,
353 5003 443 5071 666666
458 5005 638 5070 paracletum
650 5002 823 5072 disposuisse
836 5003 1027 5056 ministrorum
1048 5022 1091 5057 or·
1119 5003 1290 5067 couveniens,
1312 5011 1341 5055 66
1359 5006 1522 5071 6666666666
1532 5014 1653 5075 propter
1660 5015 1807 5075 peccatam
1821 5007 1958 5065 1666666666.

257 5089 359 5152 dinem,
380 5104 413 5140 ae
430 5090 553 5155 proinde
570 5089 759 5142 sacerdotium
778 5088 808 5138 66
826 5104 920 5140 reram
935 5089 1091 5142 6666666666
1123 5090 1218 5142 Tertio
1236 5090 1317 5142 Deus
1335 5108 1390 5144 666
1403 5094 1501 5156 aufert
1512 5093 1545 5146 ob
1558 5102 1676 5161 peecata
1689 5095 1957 5164 potestatemjssris·

257 5174 375 5227 classem
394 5180 420 5225 et
437 5174 565 5225 ordinem
582 5190 639 5227 esse
660 5175 855 5242 referendam,
883 5173 983 5227 sodex
1003 5174 1098 5251 eoin·⁸
1121 5175 1266 5241 diationis,
1296 5192 1362 5244 erpo
1389 5195 1438 5232 uec
1468 5175 1584 5232 ordc'uie'.
1623 5179 1743 5247 Quarto,
1773 5197 1829 5233 666
1858 5178 1958 5244 aufert

257 5257 323 5314 terri
346 5257 457 5328 nequit,
486 5257 570 5311 ritum
598 5259 777 5315 ordinationis
805 5275 865 5314 esse
890 5266 1093 5314 sacramentum
1124 5263 1202 5314 Deus
1224 5262 1379 5317 6666666666
1404 5266 1437 5318 ab
1451 5272 1568 5334 peecata
1595 5267 1741 5319 66666666
1753 5266 1897 5337 potentias
1916 5269 1959 5321 ad

257 5345 369 5416 proprie
387 5344 508 5413 dictum,
535 5361 597 5398 cum
623 5363 679 5400 non
701 5352 757 5401 tam
777 5348 813 5402 de
832 5346 887 5400 ritu
903 5339 1093 5413 ordinationis,
1125 5364 1209 5417 spera
1236 5350 1399 5414 naturalia·
1429 5350 1516 5418 ipitar
1540 5365 1589 5402 666
1615 5352 1732 5419 auferre
1755 5352 1835 5405 debet
1858 5368 1956 5421 super·

258 5446 341 5502 quam
362 5430 397 5486 de
416 5430 664 5485 ecclesiasticarum
690 5449 868 5502 personarum
893 5431 990 5487 ordine
1008 5431 1095 5504 Chry·
1122 5436 1281 5489 naturalem
1293 5442 1460 5504 potestatem
1479 5434 1523 5486 ad
1538 5451 1627 5502 opera
1645 5437 1887 5506 supernaturalia.
1919 5436 1958 5493 Et

258 5521 394 5572 sostomus
410 5517 546 5588 loquatur.
582 5515 793 5588 066666666666Κ
810 5536 870 5576 esse
889 5525 1090 5575 sacramentum
1122 5526 1234 5592 postea:
1256 5521 1404 5575 Haeretici
1427 5536 1482 5574 666
1500 5520 1808 5601 osburgensem
1823 5533 1958 5592 peecato-
