4020 6014
277 284 337 339 tto
848 275 970 334 Locos
988 274 1193 334 mensurus
1212 275 1391 340 QUARTUS

276 429 398 498 capitolo
423 430 568 495 fossorum
597 431 769 484 intercedere
789 432 899 500 justum
928 448 1001 495 esso,
1032 430 1243 505 quodtpenitus
1262 432 1417 500 absolvere,
1446 432 1512 503 quia
1528 430 1574 487 hic
1591 434 1659 489 ordo
1679 432 1816 487 divinitus
1841 432 1969 488 constitu·

276 517 364 586 ipsum
381 520 527 570 antaeum
545 516 718 587 Augustinus
745 517 825 587 epist.
844 523 884 574 58.
905 517 1016 574 statuit.
1052 512 1176 593 Sedgtus
1204 525 1256 586 est,
1282 525 1314 573 nt
1331 536 1421 590 poena
1447 520 1484 574 sit
1510 536 1600 591 comes
1627 519 1788 590 injustitias.
1837 519 1969 574 Tenenda

276 600 405 672 negativa
421 601 513 670 potins
534 602 685 671 probanda.
724 603 898 674 Augustinus
918 604 943 657 d.
964 604 980 657 1
1000 603 1106 668 statuit,
1131 603 1216 674 igitur
1240 611 1282 659 est
1309 604 1378 660 haec
1402 606 1513 678 regula:
1541 606 1660 669 amiran
1684 607 1729 660 len
1754 607 1886 659 admittit
1915 607 1967 660 ins·

276 689 360 741 licere
378 687 556 754 mopistratai
571 705 633 740 reos
651 688 762 758 impune
777 691 916 744 dimittere
933 691 1106 744 eduliorum
1132 694 1234 744 είκειαν
1252 700 1358 744 atreus
1378 694 1523 746 emendari
1541 694 1601 745 sine
1621 693 1734 746 duriori
1752 709 1854 760 poena
1870 701 1967 761 potest,

276 775 510 829 intercessionem.
548 773 728 830 Macedoniae
748 775 816 829 illud
836 772 952 847 negavit
965 777 1045 847 epist.
1064 782 1178 871 5111166
1193 778 1352 845 periculum
1371 786 1419 831 out
1438 779 1684 848 damnumpotitnr
1704 779 1830 831 bumana
1842 779 1966 844 socians,

234 923 236 928 ¹
275 863 405 916 Bucanus
419 861 448 913 in
461 860 546 916 instit.
559 858 610 915 loc.
624 866 665 916 19.
679 879 704 931 q.
719 867 758 916 12.
779 862 955 917 (116116611666
975 863 1106 917 611161.**
1117 876 1119 927 t
1131 879 1180 915 nec
1196 864 1268 917 cives
1286 865 1444 916 redduntur
1466 865 1590 934 eaemplo
1608 865 1773 932 deteriores,
1795 873 1863 918 tune
1884 866 1967 934 magi

279 948 433 1002 Ludooicas
445 953 627 1017 cognomento
642 953 753 1001 66116166
773 946 882 1003 Galliae
900 965 955 1013 rex,
975 965 1039 1001 cum
1056 946 1104 1000 ali·
1131 956 1236 1002 stratus
1273 949 1446 1004 clementiori
1479 951 1616 1003 sententia
1647 952 1785 1004 adsersus
1817 967 1900 1004 reum
1928 951 1967 1002 uti

275 1032 386 1104 quando
411 1049 444 1086 61
464 1031 576 1102 psalmis
594 1031 737 1086 Davidicis
756 1049 851 1103 preces
874 1033 909 1087 ad
929 1033 1018 1088 Deum
1042 1050 1104 1086 con·
1128 1041 1229 1106 potest.

275 1121 379 1190 ciperet
398 1125 427 1174 et
445 1118 545 1188 aliquis
563 1135 612 1188 pro
632 1118 752 1188 quodam
770 1120 896 1189 capitalis
920 1119 1041 1174 criminis
1058 1134 1104 1173 reo
1167 1125 1224 1176 310.
1262 1121 1293 1174 16
1307 1137 1466 1190 poenarum
1484 1122 1583 1194 igitur,
1611 1121 1773 1192 praesertim
1799 1118 2009 1211 capitolinmff

276 1206 393 1278 gratiam
412 1211 508 1275 petens
527 1203 731 1268 intervenisset,
758 1221 805 1258 161
826 1204 905 1276 quasi
925 1205 1001 1259 611611
1019 1221 1104 1276 agens
1131 1206 1298 1277 irrogatione
1336 1215 1483 1279 sequentes
1527 1225 1646 1263 canones
1687 1208 1856 1263 observandi
1897 1215 2009 1272 61161611

275 1276 379 1361 annuit,
400 1292 449 1347 sed
467 1308 530 1353 cum
548 1291 576 1344 in
596 1291 713 1345 lectione
727 1291 819 1344 statim
833 1306 952 1362 pergens
972 1291 1105 1346 incideret
1136 1294 1219 1344 11111
1236 1311 1346 1362 poenas
1372 1295 1509 1365 capitales
1532 1311 1602 1347 raro
1629 1303 1654 1346 et
1680 1296 1763 1347 tarde
1787 1285 2009 1366 mapistrataiffl

276 1382 304 1434 in
328 1399 353 1435 v.
375 1385 398 1434 3.
423 1379 525 1435 Psalm.
551 1384 613 1434 106:
651 1379 740 1432 Beati
760 1379 810 1446 qui
830 1379 942 1440 faciunt
966 1379 1104 1444 justitiam
1132 1381 1327 1433 accedendum.
1377 1381 1412 1434 Ut
1437 1381 1545 1433 medico
1571 1381 1706 1433 indecora
1733 1382 1825 1434 1116116
1852 1383 1967 1448 summa,

276 1467 352 1519 omni
380 1473 514 1534 tompore,
544 1465 669 1534 protinus
696 1463 818 1519 revocari
846 1481 908 1518 eum
933 1464 1031 1535 jussit,
1061 1464 1104 1518 oui
1133 1465 1172 1516 ita
1195 1466 1325 1534 principi
1344 1467 1433 1519 multa
1456 1465 1611 1535 supplicia,
1641 1466 1746 1520 Seneca
1776 1475 1798 1521 Ι.
1824 1468 1861 1522 116
1890 1467 1966 1523 61661.

275 1553 392 1625 gratiam
405 1558 586 1618 concesserat,
600 1567 716 1621 eamque
729 1551 833 1604 irritam
851 1550 918 1604 fecit
934 1551 1104 1605 memorabili
1132 1548 1175 1603 Sit
1195 1551 1270 1620 apud
1295 1551 1398 1606 bonum
1423 1551 1576 1623 principem
1601 1553 1769 1623 parsimonia
1788 1553 1875 1607 6116111
1895 1554 1966 1607 vilis·

277 1639 412 1694 sententia
430 1638 513 1700 edita,
527 1637 695 1706 principem,
713 1638 762 1705 qui
773 1637 877 1705 punire
890 1645 984 1706 potest
1003 1638 1105 1690 crimen
1132 1635 1193 1689 simi
1208 1637 1363 1707 sanguinis,
1389 1638 1427 1692 sit
1441 1640 1584 1708 pretiosus
1600 1640 1716 1706 sanguis
1744 1638 1922 1694 subditorum
1940 1638 1966 1692 in

277 1744 326 1778 nec
337 1725 428 1797 potnit,
452 1742 506 1775 non
526 1723 617 1774 minus
634 1739 729 1775 coram
749 1724 814 1775 Deo
831 1738 909 1775 reum
927 1739 1000 1789 esse,
1022 1739 1105 1790 quam
1132 1721 1218 1776 oculis
1237 1724 1305 1793 ejus,
1324 1724 1426 1780 Psalm.
1447 1732 1487 1790 72,
1505 1743 1530 1781 v.
1551 1731 1591 1780 14.

277 1812 303 1863 si
337 1811 369 1862 id
395 1809 454 1878 ipse
478 1817 674 1877 perpetrasset.
717 1808 981 1863 Antimachiavcllus
1005 1807 1053 1862 lib.
1082 1813 1105 1862 3.
1152 1807 1195 1860 811
1208 1811 1293 1879 piper
1310 1811 1351 1863 661
1364 1828 1486 1879 poenam
1500 1813 1644 1880 princeps,
1661 1812 1701 1863 ari
1717 1811 1851 1879 praemia
1868 1812 1956 1865 66166.

277 1898 406 1951 theonem.
427 1903 450 1950 7.
464 1894 636 1949 Camerarius
651 1901 722 1964 part.
744 1901 764 1950 l.
783 1895 879 1948 succis.
900 1894 993 1948 medit.
1008 1910 1030 1948 c.
1049 1900 1104 1949 100.
1134 1895 1372 1958 Quemadmodum
1387 1898 1488 1952 medici
1499 1898 1591 1951 omnia
1602 1896 1678 1967 prius
1686 1902 1804 1964 tentant,
1816 1904 1966 1968 antequam

276 2002 302 2052 p.
330 1988 387 2037 161.
432 1980 501 2034 Cum
528 1980 575 2034 alii
601 1979 711 2034 Galliae
735 1980 793 2050 regi
814 1980 1006 2050 conquerenti,
1032 1978 1105 2049 qnod
1133 1980 1168 2032 ad
1182 1981 1301 2035 ustiones
1314 1989 1341 2036 61
1359 1983 1491 2038 sectiones
1505 1984 1680 2050 descendant,
1693 1983 1848 2051 6661166116
1857 1984 1966 2036 morbos

272 2071 330 2138 jam
356 2067 437 2122 161116
461 2083 478 2119 6
502 2066 625 2121 malefico
653 2067 826 2121 commissum
859 2067 895 2120 sit
920 2065 1105 2130 homicidium,
1134 2085 1187 2119 non
1205 2075 1285 2119 curat
1304 2069 1407 2136 diaeta,
1426 2069 1492 2123 ilios
1500 2070 1694 2138 pharmacum,
1712 2077 1738 2122 et
1751 2086 1821 2138 qnos
1830 2072 1964 2138 pharmo-

277 2155 361 2208 166116
382 2153 532 2214 assisteret,
555 2154 697 2223 respondit
720 2153 794 2224 regi:
822 2153 945 2207 Primum
972 2153 1106 2205 duntaxat
1133 2169 1192 2203 curn
1211 2170 1265 2205 non
1285 2155 1965 2226 611161,11166116161111166661Ῑ’6111161;6166116-

185 2235 190 2245 '
276 2239 452 2294 homicidium
474 2239 534 2309 ipse
562 2239 742 2308 perpetravit,
767 2244 797 2291 tu
821 2255 885 2292 vero
910 2238 1061 2293 secundum
1079 2242 1107 2291 et
1132 2255 1197 2307 ceps
1215 2240 1332 2309 cogitet,
1354 2241 1440 2295 661166
1464 2258 1524 2297 esse
1537 2244 1652 2296 m'tiosos
1676 2243 1850 2321 reipublicae
1867 2251 1966 2311 portos

276 2327 394 2382 tertium.
426 2325 497 2381 Nam
516 2332 537 2379 si
550 2325 631 2396 primi
651 2325 757 2379 veniam
776 2341 830 2378 non
845 2324 976 2392 dedisses,
994 2324 1105 2378 unicum
1131 2339 1324 2393 eorumeorurn
1335 2343 1471 2395 66666616,
1482 2327 1578 2382 Cicero
1592 2327 1652 2381 libr.
1665 2334 1688 2383 2.
1699 2327 1830 2384 adAttic.
1845 2329 1927 2398 epist
1944 2335 1966 2385 1.

277 2414 344 2468 illud
364 2413 559 2481 commisisset,
584 2412 690 2466 Auctor
715 2406 848 2466 librorum
869 2412 904 2466 de
921 2411 1003 2465 rebus
1020 2410 1105 2481 gestis
1133 2408 1388 2483 Decetprincipem,
1401 2414 1532 2485 quamdiu
1543 2420 1633 2483 potest
1646 2412 1870 2484 verbisprimum
1880 2415 1967 2471 molli·

277 2500 382 2554 Ludov.
398 2499 450 2554 Xl.
468 2505 496 2554 et
515 2498 606 2553 Caroli
618 2498 761 2569 Burgund.
781 2499 858 2553 ducis
876 2498 925 2554 lib.
942 2505 966 2554 2.
1132 2494 1183 2546 bus
1194 2512 1291 2550 curare
1306 2499 1406 2553 civium
1418 2499 1544 2570 ingenia;
1566 2506 1689 2553 transeat
1702 2499 1803 2555 deinde
1813 2500 1851 2554 ad
1863 2502 1964 2557 tristio-

150 2592 174 2635 16
183 2595 262 2645 quiem
311 2592 368 2642 309,
405 2586 518 2640 Interim
544 2603 599 2639 non
619 2602 765 2656 negamus,
790 2585 984 2656 magistratum
1001 2584 1105 2639 facino·
1131 2581 1357 2649 remorationem,
1370 2586 1966 2660 666616666161116661611116111611161161ις

149 2648 241 2748 {iiiii
276 2690 399 2728 10³0r11m
418 2672 606 2728 misericordia
626 2673 704 2743 tangi
725 2678 753 2727 et
771 2690 820 2743 pro
840 2671 1106 2727 circumstantiarum
1131 2665 1276 2723 novissime
1291 2671 1327 2723 ad
1337 2687 1447 2740 poenas,
1461 2677 1489 2725 61
1501 2671 1551 2725 has
1564 2671 1654 2726 adhuc
1667 2673 1740 2727 leves
1753 2678 1781 2727 et
1794 2674 1965 2729 revocabiles

148 2749 254 2842 fflm'
275 2761 380 2814 ratione
399 2776 501 2831 poenas
520 2761 687 2831 quandoque
705 2761 830 2832 mitigare
848 2776 928 2830 posse
947 2776 981 2813 ac
995 2758 1104 2812 debere.
1132 2752 1272 2824 (16661161,
1305 2758 1401 2812 6111166
1428 2775 1492 2813 6616
1522 2759 1659 2829 supplicia
1683 2759 1832 2814 sceleribus
1856 2760 1963 2815 ultimis

279 2853 299 2903 1.
317 2846 553 2917 Distinguendum
573 2847 646 2900 enim
664 2847 735 2898 inter
755 2846 871 2912 scelera,
889 2862 1003 2915 quorum
1023 2859 1105 2915 quae·
1130 2846 1223 2908 ponat,
1242 2850 1271 2894 ut
1291 2861 1369 2897 nemo
1387 2853 1491 2914 pereat,
1512 2846 1569 2898 nisi
1583 2863 1662 2913 quem
1677 2847 1775 2915 perire
1794 2847 1881 2903 etiam
1898 2864 1965 2918 per·

275 2934 339 2988 dam
363 2938 428 2986 sunt
449 2950 503 3002 per
532 2950 560 2985 sc
584 2950 618 2984 oc
644 2948 696 2984 666
712 2939 816 2983 notura
834 2933 986 3001 capitalia,
1009 2935 1105 3000 utpote
1131 2929 1220 2980 euntis
1242 2929 1360 2984 intersit.
1396 2932 1430 2984 In
1452 2932 1536 2986 dubio
1556 2931 1641 2986 satius
1661 2949 1721 2986 esse
1740 2938 1846 2987 statuat
1866 2951 1964 2987 nocen-

275 3036 346 3091 quae
360 3019 503 3073 directein
517 3018 605 3088 ipsum
621 3015 711 3071 Deum
727 3016 942 3080 committuntur,
959 3023 991 3070 61
1002 3017 1103 3087 magia,
1130 3015 1342 3068 remitmittere
1367 3034 1450 3085 quom
1476 3018 1646 3071 innocentem
1674 3021 1870 3072 condemnare.
1891 3022 1909 3074 l.
1930 3035 1964 3073 ea

148 3105 201 3149 ¹1V·
216 3104 261 3148 ¹⁷⁸·
274 3104 462 3175 blasphemia3
499 3103 542 3157 vel
574 3120 645 3173 quae
675 3108 772 3156 contra
800 3102 947 3157 humanam
978 3110 1104 3156 naturam
1130 3115 1202 3168 quae
1222 3099 1251 3155 ff.
1276 3101 1310 3156 de
1334 3118 1391 3173 reg.
1416 3105 1470 3173 jur.
1494 3111 1522 3158 61
1545 3103 1562 3158 l.
1583 3103 1726 3158 absentem
1748 3105 1778 3161 ff.
1804 3105 1840 3159 de
1857 3106 1963 3176 poenis.

274 3191 378 3246 directe
397 3197 536 3262 pugnant,
553 3193 585 3242 ut
613 3188 748 3257 sodomia,
776 3189 944 3256 bestialitas3
969 3189 1013 3243 vel
1034 3206 1105 3259 quae
1130 3183 1181 3237 Cui
1220 3202 1369 3241 consonum
1400 3187 1468 3241 illud
1507 3188 1673 3258 Antiphonis
1702 3191 1777 3259 apud
1810 3190 1962 3246 Stobaeum

274 3277 382 3332 civilem
394 3277 552 3331 societatem
569 3274 680 3351 penitus
700 3275 853 3340 destruunt,
872 3280 904 3329 ut
922 3275 1104 3343 latrocinium,
1130 3287 1208 3324 serm.
1230 3278 1277 3327 ll:
1302 3274 1337 3327 Si
1356 3283 1502 3354 peccatam
1528 3283 1567 3328 est
1587 3276 1807 3347 injudicando,
1829 3288 1963 3347 praestat

273 3363 450 3418 homicidium
480 3360 664 3416 voluntarium
696 3366 747 3415 etc.
778 3361 805 3414 in
835 3360 911 3416 hisce
946 3361 1104 3416 cairoendis
1129 3365 1221 3411 sontes
1239 3359 1342 3429 injuste
1360 3361 1503 3415 absolvere
1516 3379 1600 3430 quam
1613 3365 1792 3431 praetensae
1805 3382 1962 3434 qiscnqnam

238 3482 244 3490 ·
274 3453 343 3506 ratio
370 3450 499 3505 habenda
524 3448 634 3502 honoris
653 3446 739 3501 divini
763 3453 791 3501 et
810 3448 946 3502 humanae
965 3448 1102 3502 societatis
1127 3444 1254 3512 perdere,
1273 3445 1341 3499 illud
1361 3446 1433 3500 enim
1452 3446 1614 3520 ἁμάρτημα,
1640 3448 1693 3502 hoc
1711 3449 1831 3518 inipetu.
1870 3455 1897 3506 2.
1916 3455 1962 3506 Es

272 3555 305 3592 66
322 3537 424 3592 civium
440 3534 651 3602 incolumitatis,
671 3534 808 3606 quaedam
820 3553 885 3590 vero
904 3552 936 3588 ea
954 3535 1101 3603 1116616166-
1128 3530 1212 3582 uteris
1230 3534 1486 3598 praemonitionibus
1512 3551 1590 3586 nemo
1621 3537 1662 3587 ad
1681 3552 1790 3605 poenos
1819 3539 1960 3606 capitales

272 3634 314 3678 tus
332 3625 527 3677 constitutione
548 3624 683 3674 duntaxat
700 3630 764 3674 sunt
784 3622 936 3690 capitalia,
954 3622 983 3675 in
1001 3621 1102 3691 quibus
1129 3617 1315 3675 damnandae.
1344 3619 1362 3672 l·
1387 3620 1440 3684 Qui
1463 3621 1635 3676 sententiam.
1659 3620 1689 3675 0.
1722 3622 1757 3676 de
1781 3640 1864 3693 poen.
1889 3633 1917 3679 et
1943 3625 1961 3678 l.

272 3727 374 3780 poenas
398 3708 506 3779 legibus
525 3707 645 3761 sancitas
669 3706 847 3777 magistratus
873 3723 905 3761 61
920 3709 999 3779 justa
1018 3725 1101 3762 causa
1127 3702 1176 3755 ult.
1196 3702 1226 3758 C.
1248 3705 1282 3757 de
1299 3705 1406 3775 probat.
1444 3708 1481 3761 In
1507 3708 1699 3761 criminalibus
1724 3711 1818 3762 causis
1843 3730 1900 3764 non
1921 3720 1960 3764 est

271 3797 397 3868 mitigare
415 3800 513 3865 potest.
553 3800 576 3848 2.
594 3793 830 3864 Distinguendum
848 3780 920 3848 inter
933 3812 1043 3864 poenas
1063 3797 1100 3848 le·
1125 3790 1340 3856 perveniendum
1363 3795 1405 3846 ad
1431 3795 1577 3862 poenalem
1601 3798 1780 3861 sententiam,
1809 3798 1866 3849 nisi
1895 3814 1960 3851 reus

271 3883 351 3951 pibus
375 3881 513 3950 expressis
546 3881 678 3942 definitas
707 3887 732 3932 et
758 3881 831 3933 inter
858 3898 966 3950 poenas
989 3884 1100 3950 judicto
1126 3876 1214 3938 fecerit
1231 3879 1398 3947 maleficiam
1411 3882 1555 3945 confeceris
1568 3881 1610 3934 661
1632 3883 1798 3934 clarissimis
1815 3884 1959 3950 probatio·

271 3967 390 4021 arbitrio
401 3967 521 4018 relictos.
555 3964 619 4018 Illas
637 3981 692 4019 non
708 3970 800 4034 potest
817 3967 1004 4037 magistratus,
1022 3984 1099 4038 prae·
1128 3963 1206 4014 6ἰό66
1221 3966 1368 4021 conmotus.
1406 3966 1957 4041 (166]611661.Α11666166111.1166666.

272 4052 366 4108 6611116
384 4051 504 4118 inferior,
525 4049 634 4118 tollere,
654 4049 776 4121 quinimo
792 4053 880 4121 Judex
899 4053 1012 4108 infamia
1023 4061 1099 4108 6616-
1127 4047 1173 4101 ubi
1187 4065 1313 4119 expresse
1332 4052 1476 4116 statuitur,
1503 4055 1637 4107 nemiuem
1654 4072 1687 4106 ta
1704 4056 1772 4109 66116
1791 4058 1959 4126 61111ρί61661·-

272 4148 330 4207 161,
358 4136 406 4209 qui
433 4136 565 4191 minorem
590 4152 722 4206 poenam,
754 4154 837 4207 quam
867 4138 942 4210 leges
966 4145 1100 4208 statuunt,
1128 4137 1176 4186 111111
1195 4139 1230 4190 de
1248 4139 1363 4193 crimine
1381 4157 1439 4193 esse
1460 4142 1659 4195 damnandum.
1698 4141 1775 4195 luris
1793 4141 1959 4214 interpretes

271 4224 379 4282 delictis
397 4223 513 4293 imponit
530 4223 547 4276 l.
566 4237 658 4275 servos
672 4227 695 4277 8.
712 4221 742 4275 C.
755 4223 791 4276 ad
809 4224 826 4277 l.
847 4224 903 4279 Jnl.
925 4226 959 4280 116
978 4225 1005 4277 vi
1023 4225 1099 4296 publ.
1127 4228 1201 4277 recte
1219 4229 1352 4288 statuunt,
1371 4227 1401 4278 in
1419 4227 1611 4280 criminalibus
1628 4229 1807 4297 probationes
1825 4230 1887 4283 luce
1905 4247 1958 4282 me·

271 4313 315 4367 rel
335 4311 394 4383 pari
414 4325 518 4381 poena,
545 4325 627 4380 quam
645 4308 720 4378 leges
739 4309 846 4362 crimini
865 4311 1002 4381 irrogant,
1022 4311 1100 4382 puni-
1127 4310 1245 4362 ridiano
1263 4310 1401 4365 clariores
1420 4330 1476 4366 esse
1503 4321 1638 4383 oportere.
1678 4312 1856 4385 Consequens
1876 4316 1959 4386 hujus

271 4407 320 4453 tur.
339 4397 357 4451 l.
378 4403 401 4451 3.
421 4396 449 4449 in
472 4394 520 4450 fin.
542 4395 570 4447 (ἲ.
593 4410 627 4448 66
647 4411 716 4449 sacr.
735 4394 811 4465 bapt.
831 4396 889 4451 iter.
909 4397 958 4451 sed
978 4398 1006 4450 iu
1026 4397 1101 4451 hisce
1127 4395 1239 4466 regulae
1255 4403 1304 4464 est,
1325 4398 1683 4468 quodpropriaconsessio
1701 4402 1814 4453 161666
1831 4403 1959 4466 sufficiat

272 4484 307 4536 611
328 4482 501 4537 clementiam
520 4481 632 4551 pronior
650 4498 710 4536 esse
730 4482 819 4537 debet.
857 4489 880 4538 3.
902 4484 1101 4554 Respiciendae
1128 4485 1168 4534 ad
1190 4500 1312 4550 poenam
1338 4484 1535 4553 inslipenriom,
1565 4488 1622 4539 nisi
1653 4489 1687 4539 cle
1719 4489 1836 4540 66611616
1863 4489 1961 4542 delicti

272 4576 336 4623 sunt
376 4569 601 4621 circumstantiae
631 4584 820 4636 personarum
860 4575 888 4624 et
927 4571 1100 4627 delictorum..
1128 4576 1245 4632 constet,
1271 4571 1350 4624 multi
1370 4571 1442 4625 enim
1460 4573 1552 4626 taedio
1571 4573 1644 4627 vitae
1663 4574 1698 4627 ad
1717 4590 1821 4643 poenas
1841 4583 1873 4628 ‘se
1893 4575 1958 4630 offs-

272 4654 444 4726 Quandoque
479 4654 551 4708 enim
578 4670 696 4725 persona
720 4653 805 4708 vitam
837 4656 913 4725 prius
936 4657 993 4728 egit
1019 4656 1101 4711 hone·
1128 4660 1201 4721 runt,
1218 4655 1283 4710 licet
1296 4656 1364 4711 nihil
1377 4657 1536 4713 admiserint
1548 4666 1635 4714 morte
1651 4660 1775 4730 dignum,
1792 4665 1820 4714 61
1833 4659 1957 4716 homines

229 4736 232 4741 ⁴
274 4749 441 4796 6161116161
468 4741 605 4795 consortio
624 4756 772 4810 pravorum
790 4740 839 4794 uni
860 4741 960 4797 delicto
980 4743 1102 4798 involuto
1128 4742 1310 4798 conscientiae
1336 4743 1452 4797 stimulis
1483 4745 1596 4814 impulsi
1620 4746 1785 4817 quandoque
1812 4747 1957 4818 rigidiores

216 4818 222 4826 ’
272 4834 322 4895 est,
341 4827 506 4898 quandoque
521 4843 585 4880 vcro
605 4826 737 4879 adimam
757 4843 844 4897 usque
858 4829 991 4883 scelerum
1007 4831 1100 4901 nequi·
1128 4834 1192 4882 sunt
1217 4828 1246 4882 in
1276 4846 1304 4883 se
1330 4829 1403 4899 ipsos
1433 4848 1516 4902 quam
1541 4830 1624 4903 leges
1668 4831 1767 4886 Genea.
1795 4838 1842 4895 ll,
1866 4849 1891 4886 v.
1919 4840 1956 4888 16.

272 4916 337 4968 11616
350 4913 482 4982 pervenit.
513 4912 608 4978 Sexus,
628 4917 714 4980 66166,
731 4929 818 4983 genus
835 4917 886 4968 etc.
906 4914 942 4967 ad
955 4914 1100 4971 inestuans
1127 4914 1242 4985 losephi
1264 4915 1362 4969 fratres
1383 4922 1411 4970 61
1434 4917 1505 4972 16161
1530 4934 1577 4972 666
1602 4919 1683 4973 611661
1706 4918 1869 4990 Benjamin,
1894 4920 1957 4974 licet

273 5001 437 5072 quandoque
457 4999 648 5071 magistratum
668 5015 825 5068 permovere
846 5008 968 5070 possunt.
1001 5001 1034 5055 In
1055 5002 1100 5058 de·
1127 5002 1300 5056 innocentiae
1322 5020 1388 5057 6666
1416 5002 1510 5074 probe⁴
1528 5005 1578 5059 sibi
1610 5005 1713 5059 conscii
1737 5011 1842 5073 essent,
1872 5006 1956 5060 nihilo

272 5087 337 5140 licto
351 5087 532 5155 spectandum
543 5084 887 5154 cumprimispropositum
899 5094 925 5138 et
945 5088 1100 5156 consilium,
1127 5094 1219 5140 tamen
1235 5087 1325 5142 minus
1344 5088 1410 5142 furti
1430 5107 1459 5145 se
1477 5107 1537 5145 reos
1552 5089 1681 5145 fatentur.
1712 5090 1833 5146 Proinde
1847 5093 1955 5162 adpro·

188 5178 190 5184 ⁴
273 5174 373 5226 deinde
387 5173 508 5238 iteratio,
529 5170 648 5242 deinque
667 5172 802 5241 objectum
819 5177 916 5226 contra
935 5173 1010 5243 qnod
1027 5191 1100 5229 com·
1126 5174 1249 5229 bandum
1262 5173 1374 5245 aliquod
1385 5176 1474 5231 scelus
1486 5177 1654 5232 nonsufficit
1670 5177 1783 5247 propria
1800 5179 1839 5232 161
1853 5179 1955 5234 confes·

273 5260 394 5313 missum.
425 5266 447 5313 l.
468 5257 703 5328 Distinguendum
718 5261 791 5312 inter
803 5259 995 5313 liberationem
1013 5281 1031 5312 a
1044 5270 1100 5316 toto
1127 5261 1167 5314 sio
1188 5261 1231 5314 vel
1250 5265 1333 5330 metu,
1351 5261 1393 5340 vel
1415 5268 1612 5318 tormentorum
1630 5264 1755 5319 cruciatu
1774 5271 1888 5331 6116116,
1908 5264 1953 5319 sed

274 5355 298 5399 et
318 5365 336 5398 o
350 5354 435 5399 tanto.
467 5345 649 5416 Magistratus
669 5363 701 5400 ex
717 5347 794 5415 justa
807 5362 892 5399 cansa
902 5344 1101 5414 rempublicam
1127 5346 1282 5400 necessaria
1299 5352 1363 5401 sunt
1386 5349 1441 5401 alia
1469 5350 1639 5404 evidentiora
1657 5350 1773 5418 indicia,
1801 5357 1884 5405 6161
1904 5351 1954 5405 hoc

273 5431 444 5502 potissimum
465 5436 766 5488 66666166616166616
783 5430 990 5486 tantoliberare
1003 5438 1102 5502 potest,
1128 5433 1188 5487 loco
1210 5433 1317 5505 colligit
1336 5431 1485 5504 Gesnernsfi
1497 5435 1566 5505 disp.
1585 5442 1626 5491 31.
1653 5436 1681 5490 16
1705 5434 1806 5492 (rienes.
1835 5443 1859 5492 1.
1882 5436 1952 5492 Sam.

274 5516 322 5570 sed
341 5534 373 5570 ex
394 5516 501 5585 privato
521 5516 615 5571 favore
638 5534 695 5572 non
711 5523 800 5587 potest
818 5534 880 5571 eum
900 5533 917 5571 6
935 5521 994 5572 1616
1011 5534 1101 5588 poena
1134 5525 1156 5584 l,
1174 5536 1198 5571 v.
1223 5525 1261 5574 16.
1292 5519 1451 5575 Amslekita
1469 5537 1497 5575 se
1510 5519 1621 5575 Saulem
1635 5521 1805 5578 interfecisse
1817 5523 1952 5589 mentitur,
