4006 6022
642 320 695 376 DE
711 319 968 378 MAGISTRATU
985 317 1173 382 Pomulcu
1696 332 1757 388 475

61 460 242 543 irrogandam
263 489 323 527 esse
340 473 499 528 decreverit.
532 472 650 545 Piggius
663 473 693 528 in
710 472 842 528 hierarch.
860 471 895 527 de
929 471 1132 545 immanemque
1146 477 1282 541 subverti,
1315 479 1342 529 si
1359 477 1522 546 hujusmodi
1541 477 1697 529 bominibus
1713 495 1759 530 aa·

61 558 114 613 hoc
147 558 264 612 concilio
291 558 397 628 scribit,
427 559 503 630 quod
532 568 631 614 contra
654 561 743 627 lepcm
769 568 896 621 saturae,
925 577 1009 628 qaam
1038 563 1128 616 oioere
1158 581 1219 615 cam
1245 564 1302 615 tali
1320 564 1500 632 professione
1519 563 1656 630 licuisset,
1688 580 1760 634 quae

60 653 161 698 contra
198 645 368 708 manifestas
401 646 581 715 Scripturas,
622 654 720 700 contra
752 647 897 700 admistis
925 646 1012 701 verba
1029 665 1047 702 a
1068 648 1235 703 Bellarmino
1260 657 1326 704 sunt
1352 650 1461 703 omissa.
1497 655 1521 704 4.
1542 648 1661 718 Optatus
1681 649 1759 703 Mile-

59 731 255 784 aacteritatem
280 739 307 784 et
338 738 437 784 costra
464 732 633 786 catholicam
658 732 792 786 ecclesiae
810 733 899 803 fidem
926 733 1036 788 ritanus
1057 734 1178 805 loquitur
1195 735 1231 788 de
1256 733 1391 804 peculiari
1415 734 1535 805 quodam
1552 735 1627 790 facto
1644 735 1760 790 Macarii

60 818 224 871 (1111111νί1.
261 817 445 873 Bellarminus
469 818 594 887 ipselib.
616 819 898 876 neccessitas.
927 818 1087 887 orthodoxi,
1116 819 1164 890 qni
1193 821 1263 875 duos
1299 838 1333 875 ex
1360 821 1515 875 Donatistis
1541 822 1693 890 occiderat,
1726 838 1759 876 ac

60 903 224 968 §.Quintum
235 909 286 958 etc.
295 904 364 958 illud
374 904 460 958 refert
469 905 541 959 inter
552 906 673 959 11111111
679 907 789 974 partim
800 907 898 975 confir·
925 905 1014 976 primo
1032 905 1143 976 quidem
1162 906 1232 960 illud
1256 907 1411 977 improbat,
1444 907 1519 977 quod
1543 909 1616 961 solus
1643 907 1760 962 ecclesia

59 999 152 1053 mata,
170 989 279 1058 partim
304 992 463 1060 reprobata.
508 999 533 1047 1.
559 992 681 1047 Mitiores
706 991 746 1046 illi
772 1008 900 1060 canones,
925 991 1066 1046 nesciente
1084 991 1113 1045 id
1131 991 1243 1058 iecerat,
1263 998 1360 1063 postea
1378 998 1521 1062 utcunque
1538 1000 1666 1054 excusat,
1694 994 1760 1064 quia

62 1093 133 1148 quos
146 1075 272 1145 superius
289 1076 462 1140 adduximus,
481 1094 544 1131 cum
560 1077 615 1131 sint
633 1077 810 1149 antiquiores,
822 1095 899 1148 prae·
926 1077 1081 1131 Donatistis
1097 1079 1312 1147 provocantibus
1331 1079 1367 1132 sit
1386 1079 1510 1144 factum,
1537 1087 1564 1131 11
1584 1079 1651 1149 qnia
1666 1078 1760 1149 singu·

62 1161 171 1216 ferendi
182 1166 247 1215 sunt
259 1161 443 1232 sanguinariis
451 1162 637 1218 Romanorum
656 1163 817 1233 pontificum
835 1181 900 1218 con·
924 1163 975 1217 lari
993 1163 1086 1232 aliquo
1105 1163 1163 1218 zelo
1181 1164 1217 1218 ad
1235 1163 1390 1234 exemplum
1403 1164 1517 1233 Moysis,
1536 1163 1615 1218 Elias
1634 1170 1662 1218 et
1678 1164 1758 1218 Pine-

62 1248 262 1304 stitutionibus.
287 1253 311 1304 6.
332 1247 481 1302 Damnatis
498 1249 633 1305 iohannis
654 1248 740 1303 Hnssi
758 1253 790 1304 11
803 1248 900 1302 Hiero·
924 1264 953 1302 es
979 1247 1038 1303 fieri
1061 1249 1189 1319 potuerit.
1223 1249 1310 1319 Atqui
1330 1266 1363 1304 cx
1379 1252 1459 1314 facto
1476 1251 1619 1317 siopolari
1635 1250 1761 1321 regulam

62 1332 143 1403 nymi
167 1325 315 1404 Pragensis
337 1333 366 1387 in
391 1333 439 1388 illo
467 1335 582 1390 concilio
608 1352 664 1390 uon
689 1334 743 1389 fuit
765 1334 898 1405 legitima,
926 1334 1083 1403 generalem
1102 1334 1286 1402 inferendam,
1311 1341 1339 1390 11
1364 1336 1439 1406 quod
1457 1339 1486 1390 in
1505 1335 1648 1391 seditiosos
1665 1335 1760 1390 Dona-

64 1419 170 1488 quippe
188 1420 276 1489 petita
295 1437 350 1474 non
378 1436 410 1475 ex
429 1419 579 1491 Scriptdris
597 1419 696 1490 sacris,
722 1421 772 1475 sed
793 1437 826 1475 ex
844 1426 898 1473 tra·
925 1420 1004 1473 tistas
1025 1420 1112 1484 licuit,
1135 1421 1164 1474 in
1191 1437 1286 1475 omnes
1311 1421 1463 1476 haereticos
1489 1423 1666 1477 statuendum
1691 1439 1759 1491 esse,

62 1503 216 1558 ditionibus
238 1504 401 1561 Pontificiis.
440 1506 520 1561 Idem
548 1507 582 1560 de
602 1507 778 1562 damnatione
798 1507 899 1562 articu-
925 1522 1005 1560 nemo
1031 1506 1113 1560 facile
1140 1506 1247 1561 dixerit
1287 1514 1310 1562 5.
1330 1506 1482 1577 Gregorius
1504 1507 1600 1562 itidem
1620 1508 1648 1561 in
1666 1508 1758 1578 specie

65 1591 156 1644 lorum
176 1591 292 1647 Lntheri
311 1610 329 1647 a
348 1593 441 1648 Leone
458 1593 495 1647 X.
520 1592 647 1663 profecta
672 1592 796 1647 dicimus.
837 1592 899 1647 Non
926 1592 960 1646 de
979 1591 1143 1647 facinorosis
1161 1608 1194 1646 ac
1211 1592 1348 1647 seditiosis
1367 1592 1521 1647 Donatistis
1541 1594 1669 1664 loquitur,
1688 1612 1758 1664 qnos

63 1676 153 1732 defuit
171 1677 234 1733 huic
253 1678 378 1748 pontifici
398 1680 583 1750 promtissima
600 1680 728 1734 voluntas
746 1679 899 1733 Lutherum
925 1677 1010 1732 armis
1028 1682 1126 1731 contra
1144 1677 1288 1732 ecclesiam
1306 1679 1481 1749 insurgentes
1509 1681 1592 1733 armis
1609 1681 1758 1749 reprimes·
1841 1693 1843 1698 ’

62 1764 100 1819 ad
130 1767 223 1835 ignem
248 1765 389 1835 rapiendi,
420 1765 495 1819 unde
523 1765 608 1820 etiam
634 1764 751 1820 Romam
773 1765 809 1819 ab
839 1766 899 1834 ipso
925 1763 975 1817 dos
992 1779 1061 1829 esse,
1087 1769 1163 1817 recte
1181 1765 1285 1817 statuit.
1325 1770 1350 1818 6.
1379 1764 1554 1819 Bernhardus
1572 1772 1692 1820 nostram
1712 1785 1758 1836 po

63 1856 195 1904 evocatus
216 1848 277 1916 tuit,
297 1850 346 1904 sed
366 1849 442 1905 Deus
461 1867 479 1905 a
496 1850 661 1905 crudelitate
681 1850 735 1905 ista
746 1850 898 1904 Lutherum
925 1850 981 1903 tius
1001 1848 1166 1904 sententiam
1186 1848 1339 1912 confirmat,
1361 1851 1400 1904 sic
1415 1850 1586 1905 enimverba
1602 1851 1759 1907 immediate

62 1935 253 2006 praeservavit
290 1943 318 1990 et
357 1952 390 1991 ex
426 1952 473 1991 ore
507 1936 595 1991 leonis
630 1937 722 2005 ipsum
761 1936 898 2000 liberavit,
925 1933 1118 2004 praecedentia
1141 1937 1209 1988 eta
1238 1934 1405 1990 Bellarmino
1437 1935 1560 1991 studiose
1584 1937 1684 1991 omissa
1710 1937 1758 1991 ha-

64 2026 88 2074 2.
107 2019 179 2073 Tim.
200 2027 225 2086 t,
244 2037 270 2074 v.
291 2027 329 2076 lt.
926 2021 1007 2075 bont:
1035 2020 1182 2073 Haeretici
1211 2021 1312 2091 palam
1336 2021 1506 2090 impietatem
1532 2001 1710 2076 adstraemei
1735 2032 1760 2076 et

100 2111 160 2162 361.
193 2104 323 2169 Quartam
344 2112 568 2178 argumentorum
589 2108 705 2161 classem
736 2107 849 2163 deducit
867 2126 899 2164 ex
927 2122 983 2174 pro
1003 2122 1037 2157 ea
1055 2112 1170 2158 monem
1187 2106 1281 2159 mbire
1296 2105 1403 2176 parati,
1422 2123 1473 2160 occ
1496 2110 1587 2161 misae
1600 2111 1703 2177 parati
1719 2111 1760 2162 irs-

28 2180 40 2243 .'
64 2191 229 2246 testimoniis
247 2196 366 2262 patrum,
386 2191 519 2263 Cypriani
538 2193 572 2248 de
591 2193 696 2248 exhort.
707 2201 820 2264 martyr.
840 2212 864 2248 1.
877 2201 900 2249 5,
923 2194 1012 2259 ferre,
1030 2191 1081 2260 qai
1097 2192 1260 2245 adstatom.
1285 2193 1387 2262 Itaque
1405 2194 1557 2249 irraeosio
1575 2211 1621 2248 eos
1636 2197 1761 2264 popalus

64 2278 229 2347 Hieronymi
253 2278 283 2331 in
306 2297 330 2334 c.
357 2286 381 2333 5.
407 2276 470 2335 Gal.
486 2279 638 2351 Augustini
652 2279 733 2350 epist.
752 2286 794 2336 te.
812 2287 841 2335 et
860 2287 900 2337 50.
925 2295 1010 2331 nosos
1032 2278 1181 2330 haereticis
1206 2296 1275 2332 sace
1303 2279 1428 2348 ipsoram
1449 2281 1592 2348 perfidiae
1623 2291 1760 2351 martyres

64 2365 168 2418 Leonis
196 2364 276 2434 epist.
304 2369 346 2420 91.
376 2364 411 2418 sd
440 2364 594 2434 turbium,
625 2365 720 2435 Optsti
747 2365 900 2421 Milevitani
927 2363 1016 2415 dedit.
1054 2361 1253 2432 ,approbamus
1269 2364 1371 2426 selom,
1397 2367 1449 2418 sest
1463 2366 1571 2428 fossum
1588 2385 1644 2421 son
1660 2371 1761 2423 mode-

65 2451 84 2504 l.
102 2455 125 2505 3.
146 2450 209 2503 adv.
232 2450 324 2506 Parm.
344 2448 473 2521 Gregorii
491 2450 510 2505 1.
532 2457 554 2506 1.·
573 2468 616 2522 ep.
637 2458 679 2506 11.
697 2457 725 2507 11
744 2452 900 2507 Bernhardi
925 2465 1002 2517 mut,
1033 2451 1109 2517 quod
1142 2450 1212 2512 fidet
1242 2451 1391 2502 macodo
1420 2459 1474 2516 eti,
1501 2469 1558 2504 uun
1582 2455 1759 2526 imponenda.

63 2554 145 2590 serm.
170 2541 211 2591 11.
237 2536 266 2594 in
290 2536 368 2592 Cant.
412 2536 636 2607 Respondemus:
668 2544 689 2592 1.
715 2554 749 2592 cx
774 2538 900 2608 patribus
925 2534 1028 2589 Postea
1046 2534 1161 2604 subjicit
1178 2551 1224 2598 ea,
1252 2552 1324 2605 quae
1341 2536 1525 2591 Bellarminus
1543 2539 1671 2596 adducit:
1698 2542 1760 2594 Me·

62 2640 113 2693 pro
132 2627 226 2675 nostra
249 2622 388 2678 sententia
404 2623 530 2693 superius
554 2623 721 2677 adduximus
742 2623 900 2679 testimonia
926 2621 983 2673 iias
996 2621 1098 2689 procrd
1117 2621 1203 2674 dubio
1222 2621 1321 2688 plodio
1339 2627 1547 2688 coercerentur,
1565 2626 1645 2679 illias
1662 2628 1761 2680 videli—
1784 2653 1787 2665 ·

61 2707 230 2772 clarissima3
261 2713 285 2764 2.
314 2715 343 2763 11
369 2708 473 2765 fatetur
498 2709 558 2779 ipsa
581 2709 767 2764 Bellarminus
792 2727 816 2766 c.
840 2727 898 2782 seq.
926 2714 982 2774 cet,
1009 2706 1059 2775 qai
1075 2724 1132 2760 noo
1149 2706 1210 2760 sire
1234 2724 1322 2760 causa
1340 2708 1470 2775 gladium
1488 2718 1600 2780 portat,
1628 2729 1712 2781 qaam
1730 2714 1760 2766 in

61 2811 135 2864 resp.
153 2794 190 2848 ad
208 2811 267 2866 arg.
288 2800 327 2852 111.
346 2795 490 2849 1111111111
506 2796 589 2849 initio
608 2796 699 2849 solam
716 2799 899 2852 excommuni-
925 2809 1006 2844 suum
1029 2809 1152 2846 errorem
1176 2793 1277 2847 multos
1296 2795 1431 2862 trajicere
1444 2798 1653 2863 permittantur.
1693 2800 1760 2853 Pro-

62 2898 142 2936 cassc
160 2881 322 2949 haereticos,
344 2881 446 2934 danda
466 2881 615 2935 addidisse
627 2897 752 2952 possam
764 2884 898 2955 pecunia-
926 2878 1000 2933 cedit
1025 2877 1205 2933 Bernhardus
1238 2895 1271 2933 ex
1307 2881 1491 2950 comparatis,
1522 2882 1611 2938 rideri
1648 2885 1760 2954 quidem
1844 2936 1849 2945 ,

62 2967 152 3030 mam,
182 2976 240 3020 tam
261 2968 437 3022 amissionem
458 2969 606 3036 bononem,
639 2976 739 3038 postea
763 2971 899 3039 mediam,
926 2965 1024 3019 melius
1043 2967 1172 3018 coircere
1188 2964 1340 3020 haereticos
1357 2966 1460 3037 gladio,
1478 2970 1641 3038 praesertim
1659 2971 1683 3024 si
1703 2988 1757 3026 non

62 3056 178 3107 wedam
197 3070 262 3106 oero
275 3053 496 3125 odmppliciam
513 3053 638 3122 capitale
657 3055 813 3126 deveniasc3
832 3056 898 3111 item
925 3049 975 3105 fiat
1002 3067 1020 3105 u
1046 3051 1232 3105 tumultuante
1257 3052 1374 3122 pupulo,
1414 3054 1462 3108 aed
1487 3070 1505 3108 a
1530 3055 1654 3125 legitimo
1672 3058 1758 3128 magi-

64 3149 187 3207 tcmpore
214 3138 368 3208 Augustini
392 3141 516 3192 modom
535 3140 674 3194 exstitisse
697 3141 786 3195 ailam
811 3142 898 3210 lepem
924 3141 1021 3199 stratu,
1038 3153 1133 3192 verum
1151 3137 1203 3192 buu
1221 3154 1276 3190 u0u
1292 3153 1351 3192 esse
1369 3139 1541 3193 suadendum
1568 3141 1642 3210 quod
1659 3143 1761 3212 probat

65 3228 274 3295 imperatorum,
288 3243 345 3294 qno
361 3225 497 3278 1111111111·
508 3227 671 3292 juberentur
684 3228 784 3297 cradi,
801 3234 897 3295 Aspu-
924 3221 1031 3276 ratione
1055 3222 1192 3293 generali,
1222 3239 1292 3293 quac
1318 3230 1347 3280 et
1365 3225 1567 3294 magistratum,
1583 3231 1611 3280 11
1627 3228 1759 3296 populum

10 3315 51 3358 1⁸¹·
64 3314 168 3366 stiram
193 3313 286 3380 ipsam
310 3328 417 3380 semper
440 3312 577 3380 ssocptsse
601 3313 772 3382 suppliciam
801 3316 899 3368 mortis
926 3314 1047 3378 Spectat,
1071 3310 1137 3380 qlliu
1158 3311 1229 3372 fidit
1251 3312 1402 3363 medenda
1425 3319 1478 3371 111.
1506 3329 1562 3364 noa
1580 3313 1759 3382 imponenda.

66 3418 89 3455 c,
109 3406 149 3456 21,
168 3415 227 3469 arg.
246 3405 269 3454 4,
308 3397 383 3469 Ergo
401 3397 543 3469 agnoseit,
568 3398 662 3469 primis
687 3399 741 3454 illie
760 3400 899 3455 111111110-
926 3395 972 3448 Sic
990 3411 1056 3465 ergo
1074 3394 1181 3449 nullum
1198 3395 1227 3448 in
1244 3395 1370 3464 patribus
1390 3396 1557 3465 praesidium
1575 3399 1756 3454 Bellarminus

67 3486 143 3541 ribus
161 3484 316 3556 primitivae
334 3484 467 3539 ecclcsiae
491 3485 661 3554 temporibus
685 3485 816 3555 capitalia
834 3504 898 3556 sup·
925 3481 1048 3535 invenire
1066 3480 1164 3550 potuit.

66 3572 150 3643 plicia
168 3572 196 3624 in
214 3570 365 3626 haereticos
382 3588 436 3624 non
456 3570 541 3625 fuisse
560 3577 673 3626 statuta.
714 3577 739 3628 3.
758 3572 842 3626 Dicta
860 3573 899 3626 illi
961 3573 1020 3623 361.
1061 3565 1839 3637 01111111111111111111111131111111111111111111111115·ΕΣ

1772 3617 1859 3658 rsttous

66 3665 177 3730 patrum
201 3657 280 3711 nobis
305 3674 360 3712 nou
384 3657 575 3713 adversantur.
614 3664 635 3713 1.
662 3657 820 3728 Cyprianus
844 3677 899 3714 non
927 3652 997 3722 petit
1019 3669 1052 3705 eu
1076 3651 1187 3704 ratione
1210 3653 1345 3705 11111ναί1.
1385 3651 1473 3722 Atqui
1497 3654 1526 3706 in
1551 3657 1758 3725 quaestionibus
1772 3670 1879 3711 recursu.

67 3746 101 3799 de
120 3743 318 3798 interficiendis
335 3742 493 3807 haereticis,
520 3744 568 3798 sed
595 3743 630 3799 de
652 3743 788 3815 fugienda
813 3746 898 3801 idolo·
926 3740 990 3795 fidei
1010 3745 1038 3794 et
1055 3735 1196 3805 religionis
1213 3753 1269 3790 non
1287 3738 1458 3791 attendenda
1476 3745 1519 3792 est
1541 3740 1662 3795 humana
1678 3743 1759 3805 ratio,
1772 3717 1885 3813 is'fflg}

65 3831 148 3885 latria
167 3830 233 3899 agit,
262 3829 373 3899 quando
393 3829 484 3900 legem
496 3828 608 3900 Denter.
632 3835 669 3885 13.
688 3831 830 3900 proposito
848 3847 898 3885 suo
926 3827 975 3881 sed
994 3824 1088 3878 divina
1106 3822 1245 3878 revelatio.
1277 3822 1428 3878 Videamus
1447 3830 1548 3889 tarnem
1566 3827 1633 3898 quid
1652 3828 1760 3888 afferat.
1773 3823 1884 3915 ζζῗῑξξῧ·

65 3914 264 3969 accommodat.
290 3921 312 3968 2.
333 3913 520 3984 Hieronymus
533 3914 567 3969 de
584 3916 744 3970 coercendis
763 3923 791 3971 et
810 3917 897 3986 repel·
927 3912 1049 3966 Primam
1067 3909 1202 3965 rationem
1230 3909 1301 3980 petit
1325 3927 1358 3963 se
1372 3926 1484 3979 poenae
1507 3914 1713 3968 ecclesiasticae
1734 3923 1760 3968 et
1774 3927 1883 3974 portuen

65 4002 170 4064 lendis,
205 3996 259 4053 non
284 4006 378 4054 autem
399 4000 571 4055 trucidandis
600 4001 745 4054 haereticis
771 4003 899 4072 loquitur,
924 3999 1059 4070 politicae
1077 3997 1296 4066 comparatione.
1331 3998 1477 4052 Haeretici
1492 3999 1561 4066 jare
1580 4009 1698 4068 passast
1716 4017 1760 4053 ea·
1774 3988 1891 4068 qqqqsrs

64 4088 193 4141 haereses
212 4085 428 4155 exstinguendas
447 4092 474 4139 et
492 4086 656 4141 resecandas
674 4086 749 4152 dicit,
768 4088 817 4142 scd
836 4087 899 4143 hae-
927 4083 1135 4139 communicari.
1180 4083 1259 4150 Erpa
1291 4091 1317 4135 11
1350 4084 1451 4140 occidi.
1494 4086 1637 4139 Probatur
1667 4103 1760 4141 corase·

64 4174 166 4229 reticos
182 4190 232 4242 per
249 4172 373 4244 gladium
392 4178 420 4226 et
438 4171 529 4242 ignem
545 4172 664 4226 emedio
683 4173 819 4228 tollendos
838 4191 898 4229 esse
927 4173 1047 4242 questio,
1069 4171 1136 4240 qaia
1148 4171 1391 4226 excommunicatio
1401 4175 1496 4242 major
1504 4190 1601 4242 poema
1617 4182 1665 4240 cst,
1678 4191 1762 4242 quam

63 4259 193 4329 nuspiam
216 4259 322 4313 asserit.
358 4264 381 4314 3.
400 4258 458 4313 Leo
475 4276 531 4313 non
550 4258 585 4312 de
604 4276 669 4314 ense
689 4261 798 4331 proprie
816 4262 899 4326 dicto,
926 4277 1001 4312 mors
1035 4258 1214 4327 tempmolis,
1237 4263 1308 4311 teste
1323 4256 1482 4329 Augustino
1500 4260 1518 4315 1.
1534 4266 1555 4316 1.
1568 4267 1640 4315 cont
1659 4261 1764 4316 advers.

63 4347 113 4402 sed
138 4346 173 4400 de
195 4362 259 4400 ense
278 4344 465 4414 metaphorico
492 4344 585 4415 legum
604 4344 792 4415 publicarum,
818 4349 898 4418 cnjus
927 4346 997 4416 legis
1014 4351 1042 4401 et
1061 4345 1186 4414 prophet.
1204 4360 1227 4397 e.
1248 4349 1287 4398 11.
1324 4344 1548 4415 Respondemus:
1570 4352 1592 4403 1.
1611 4364 1660 4417 per
1673 4347 1762 4403 inver-

62 4440 167 4486 terrore
187 4430 331 4486 codrcendi
348 4437 377 4485 et
391 4430 581 4500 prosternendi
601 4430 805 4496 sinthaeretici,
826 4435 897 4504 agit3
927 4432 1046 4486 sionem:
1066 4429 1149 4493 Quod
1167 4430 1195 4483 in
1214 4429 1330 4484 ecclesia
1349 4436 1392 4484 est
1410 4432 1663 4499 excommunicatio,
1682 4433 1712 4486 id
1731 4433 1761 4487 in

62 4519 167 4573 ibidem
186 4517 282 4585 addit,
300 4534 333 4569 ec
356 4517 468 4570 lemftate
492 4517 743 4571 ecclesiasticorum
770 4519 898 4572 haereses
926 4517 1024 4586 politia
1050 4523 1092 4571 est
1112 4515 1240 4570 exsilium
1257 4515 1315 4569 sive
1340 4515 1502 4585 deportatio.
1537 4517 1613 4588 Ergo
1640 4525 1671 4572 ut
1687 4519 1760 4574 inter

59 4606 144 4674 prius
162 4604 254 4669 faisse
274 4604 487 4665 disseminatas,
507 4619 540 4657 ex
558 4619 613 4674 quo
630 4611 745 4674 apparet
764 4605 897 4662 dissimile
926 4620 1044 4674 poenam
1068 4601 1285 4658 ecclesiasticam
1312 4607 1340 4656 11
1357 4602 1498 4671 politicam
1522 4604 1558 4658 sit
1574 4603 1760 4669 coniormitas‚

62 4691 187 4745 studium
203 4689 276 4744 illius
293 4689 424 4759 temporis
451 4694 480 4743 et
495 4688 704 4743 Pontificiorum
732 4691 896 4746 ecclesiasti·
922 4689 1052 4744 haeretici
1071 4704 1088 4740 a
1106 4688 1269 4758 magistratu
1281 4687 1394 4758 politico
1406 4705 1461 4742 non
1480 4695 1546 4743 sunt
1564 4688 1755 4759 interficiendi,

61 4795 172 4843 corum,
200 4776 241 4829 illi
264 4776 337 4830 eninr
364 4782 492 4831 cruentas
516 4774 634 4829 ultiones
664 4775 839 4846 refugerunt,
867 4778 896 4834 bi
922 4775 971 4829 sed
990 4774 1019 4826 in
1037 4772 1163 4827 exsilium
1181 4774 1311 4843 pellendi.
1341 4779 1365 4829 1.
1379 4773 1433 4829 Per
1451 4775 1646 4830 deductionem
1658 4776 1694 4830 ad
1708 4776 1756 4830 ab·

62 4863 257 4934 magistratum
278 4863 314 4916 ad
327 4857 491 4932 sangninem
503 4861 704 4917 haereticorum
722 4861 894 4918 fundendum
922 4860 1045 4916 surdum.
1081 4859 1111 4914 Si
1129 4859 1184 4927 illi,
1210 4861 1258 4931 qui
1276 4868 1392 4929 possunt
1410 4861 1446 4915 ab
1466 4861 1583 4915 ecclesia
1600 4878 1754 4916 excommu-

61 4949 248 5004 cxstimuiaut.
288 4949 437 5002 Praeterea
454 4948 484 5000 in
502 4947 594 5016 specie
623 4947 658 5002 de
676 4946 895 5003 Priscillianistis
921 4947 1017 5015 niceri,
1039 4948 1232 5016 amagistratu
1245 4947 1327 5001 etiam
1343 4954 1459 5016 possunt
1471 4948 1569 5013 occidi,
1584 4964 1755 5019 consequens
1770 4947 1815 4988 MV
1831 4946 1876 4990 ²³&

62 5036 138 5106 agit,
168 5053 237 5104 quos
262 5051 357 5105 magos
380 5034 466 5087 1111111
490 5039 519 5087 11
543 5032 741 5088 foetidissimas
759 5034 894 5088 scelerum
919 5033 1012 5099 fucrit,
1039 5040 1217 5100 scortatores,
1243 5032 1388 5089 helnones.
1418 5034 1602 5088 contentiosos
1622 5040 1674 5088 etc.
1692 5051 1755 5088 cum

61 5121 216 5176 sententiae
236 5121 378 5174 immersos
395 5120 506 5183 asserit,
536 5135 599 5171 cum
619 5118 720 5187 quibus
740 5120 807 5190 quid
834 5126 892 5174 tan-
905 5098 909 5177 1
921 5124 1035 5190 propter
1059 5119 1239 5189 pertinaciam
1264 5118 1292 5171 in
1312 5118 1421 5172 delictis
1446 5121 1552 5188 possint
1570 5121 1754 5175 excommnni-

61 5207 126 5262 dem
145 5222 289 5261 commune
307 5206 430 5273 habent,
448 5222 517 5276 quos
538 5201 678 5258 i’ontificii
695 5212 726 5258 ut
743 5204 894 5262 haereticos
907 5186 909 5213 ¹
922 5207 989 5272 cari,
1009 5205 1110 5260 debere
1122 5205 1205 5260 etiam
1223 5220 1240 5256 a
1256 5204 1421 5274 magistratu
1433 5206 1532 5261 occidi.
1567 5212 1591 5261 3.
1603 5205 1755 5276 Repugnat

61 5293 205 5348 1111111111
223 5293 352 5364 Denique
365 5292 425 5364 ipsc
443 5291 502 5347 Leo
521 5289 633 5359 exponit
645 5305 757 5344 causam
776 5266 909 5393 severio-i
928 5293 981 5347 hoe
1016 5298 1211 5363 argumentum
1247 5292 1326 5359 praxi
1363 5290 1465 5346 chtisti
1503 5298 1533 5347 et
1568 5292 1762 5362 apostolorum.

59 5381 99 5435 ris
130 5396 237 5450 poenae
265 5381 294 5434 in
323 5376 546 5435 Priseilhanistas
576 5380 705 5429 statutae.
759 5378 909 5453 Videboot3
928 5379 1053 5435 Christus
1073 5394 1145 5443 eum,
1163 5377 1210 5448 qui
1231 5377 1374 5431 ecclesiam
1394 5395 1449 5431 non
1469 5378 1596 5444 audierit,
1624 5378 1762 5432 111111111-

61 5467 173 5538 (inquit)
197 5484 303 5520 omnem
328 5482 427 5529 mam
452 5463 604 5520 honestatis
630 5463 758 5531 auferri,
788 5482 990 5600 omnechum
1011 5462 1592 5534 1111111111111111111111111111111111111111ιί1,
1613 5465 1762 5520 sedinter·

59 5553 259 5625 coojepiorum
282 5540 423 5623 copulam
438 5550 512 5606 solui
539 5550 675 5618 1111111111
698 5550 823 5604 divisam
840 5552 894 5621 jas
928 5549 1077 5607 ficisndum
1102 5567 1162 5606 esse
1186 5547 1314 5620 nuspiam
1338 5547 1513 5618 significarit.
1560 5548 1665 5605 Paulus
1688 5552 1761 5606 ince-
