4020 6014
676 205 728 261 DE
744 200 997 262 memmae
1016 202 1204 262 Pontico
1726 210 1787 274 353

91 353 231 424 disponit,
255 357 305 412 sed
325 357 528 414 administratio
545 360 695 415 eorundem
716 367 744 415 et
762 358 924 416 oeconomia
950 358 1046 428 primis
1064 358 1186 416 trituram
1204 359 1290 416 vitam
1306 359 1421 432 respicit
1441 367 1463 417 l.
1481 357 1554 415 'lim
1574 365 1604 429 ι,
1628 378 1655 418 ι.
1680 367 1705 418 ι.
1724 361 1787 418 ideo

92 439 247 494 divinorum
272 444 464 511 mysteriorum
483 444 616 500 ecclesiae
642 445 773 501 ministris
793 444 924 516 relinqui·
950 443 1027 499 Deus
1053 445 1125 502 inter
1148 454 1240 502 cetera
1262 447 1417 519 corporalia
1443 447 1527 519 hujus
1552 447 1628 501 vitae
1653 445 1788 502 beneficis

90 531 143 578 tur.
178 526 221 579 Ex
248 527 394 598 Scriptura
420 546 499 584 sacra
526 531 590 586 talis
618 533 759 604 colligitur
788 529 925 601 analogia,
951 531 1130 602 magistratus
1159 534 1343 603 patrocinium
1371 550 1405 588 ac
1435 533 1666 604 gubernationem
1705 533 1785 589 nobis

91 612 165 681 quod
197 612 225 666 in
256 613 400 684 republica
434 615 592 670 Christiana
631 618 755 673 minister
792 615 925 672 ecclesiae
951 616 1099 682 concessit,
1127 625 1158 671 ut
1177 620 1229 672 aab
1252 637 1284 673 so
1303 620 1426 688 quietam
1450 627 1476 672 et
1494 619 1681 688 tranquillam
1700 621 1787 673 vitam

81 707 266 779 §comparetur
293 701 351 768 ori,
380 700 446 770 quia
474 701 552 754 labia
583 703 740 755 scandatis
766 701 926 755 moetadiant
952 717 1035 768 apere
1062 704 1204 770 possimus
1231 704 1262 757 in
1289 705 1368 757 omni
1385 704 1493 774 pietate
1517 723 1551 758 ac
1568 705 1727 772 bonoetate,
1759 713 1787 760 st

90 785 236 837 scientiam
254 792 280 837 et
298 786 386 852 legem
403 787 551 855 requirant
577 804 610 840 en
627 789 717 857 ipsias
745 805 793 840 ars
813 786 879 842 Mal.
900 791 925 848 ι,
951 786 1091 843 mediante
1108 788 1157 842 tali
1177 788 1235 841 vita
1255 789 1291 842 ad
1311 795 1440 844 aeternae
1461 789 1566 860 gloriae
1582 790 1785 860 possessionem

90 887 116 924 ι,
139 877 163 925 ι.
184 870 234 924 sed
260 871 438 941 magistratus
461 872 590 942 politicus
615 879 793 943 comparatur
819 873 924 935 manui,
950 870 1096 928 introduci.
1140 871 1379 938 Quemadmodum
1405 873 1492 946 igitur
1516 873 1689 930 Christianus
1712 875 1786 930 vitae

90 956 156 1026 quia
184 955 245 1025 regi
272 955 339 1010 Joas
368 956 504 1012 dederunt
526 960 557 1012 in
579 977 664 1012 manu
688 960 750 1028 ejas
776 960 924 1012 tenendam
951 973 1017 1012 suae
1036 957 1159 1028 privatae
1181 959 1301 1014 rationes
1318 959 1358 1014 sic
1376 959 1512 1030 instituit,
1538 967 1571 1015 ut
1595 969 1725 1017 aeternae
1744 961 1784 1014 ιι-

90 1042 177 1108 legem
198 1045 222 1096 ι.
241 1039 332 1098 Ριιιι.
352 1047 400 1112 23,
431 1061 457 1096 ι.
481 1050 520 1098 11.
555 1043 682 1099 Minister
699 1043 845 1115 praedicat
862 1061 924 1098 ver-
951 1049 996 1097 tae
1015 1061 1131 1114 scopum
1147 1044 1201 1100 sibi
1221 1045 1324 1100 habeat
1340 1044 1493 1116 praefixum
1513 1051 1598 1118 atque
1623 1047 1715 1103 omnia
1733 1063 1785 1102 ιιιι

90 1124 164 1187 bum,
182 1126 269 1180 utitur
287 1126 382 1197 gladio
401 1128 520 1198 Spiritus
545 1136 572 1184 ιι
599 1146 646 1184 ιιι
664 1135 773 1201 pugnat
792 1130 923 1184 adversus
951 1130 1075 1200 cogitata
1094 1147 1127 1185 eo
1147 1131 1252 1202 dirigit,
1272 1137 1302 1186 ut
1314 1131 1388 1185 illius
1401 1131 1552 1202 aliquando
1563 1133 1702 1203 particeps
1718 1131 1783 1202 fiat,
1853 1135 1854 1138 ’

89 1210 181 1265 hostes
206 1218 235 1267 et
257 1213 372 1283 impios3
399 1216 578 1285 magistratus
602 1215 725 1270 custodit
748 1213 825 1270 verbi
844 1231 923 1285 prae·
952 1215 992 1269 sic
1012 1216 1193 1287 magistratus
1211 1215 1295 1270 officii
1315 1216 1359 1271 sui
1381 1217 1502 1271 rationes
1527 1217 1567 1271 sic
1585 1217 1725 1286 instituat,
1753 1223 1785 1272 ut

90 1313 172 1351 conss
196 1305 224 1353 et
246 1298 431 1364 confessores,
458 1300 551 1355 vibrat
569 1301 692 1371 gladium
718 1307 815 1355 contm
831 1301 923 1355 hostes
949 1305 1078 1357 aeternae
1097 1303 1171 1356 vitae
1190 1318 1304 1372 scopum
1325 1300 1377 1355 sibi
1395 1302 1567 1372 propositum
1579 1301 1785 1375 habeat-atque

91 1383 264 1439 Christianae
282 1384 454 1456 reipublicae
471 1392 500 1438 et
516 1403 599 1440 manu
620 1391 726 1439 armata
746 1386 856 1441 eosdem
875 1404 922 1456 op·
951 1384 1046 1440 itidem
1072 1388 1166 1442 omnia
1183 1404 1235 1442 sua
1260 1386 1383 1457 cogitata
1399 1403 1431 1442 eo
1454 1387 1569 1459 dirigat,
1597 1392 1629 1443 ut
1646 1405 1702 1442 una
1720 1405 1783 1442 curu

89 1478 203 1539 pugnat.
247 1469 288 1526 Ut
307 1487 373 1542 ergo
392 1471 447 1524 oris
465 1478 493 1526 et
511 1489 641 1525 manuum
662 1471 814 1526 ministeria
827 1471 923 1526 distin·
950 1470 1070 1525 subditis
1090 1471 1155 1528 fidei
1174 1490 1241 1528 suae
1258 1471 1410 1527 commissis
1440 1479 1469 1527 et
1494 1490 1557 1527 cum
1576 1472 1679 1544 quibus
1698 1491 1783 1528 unum

89 1561 136 1607 cta
154 1561 274 1624 manent,
293 1555 360 1610 licet
368 1556 405 1610 ad
425 1557 542 1612 eundem
561 1556 654 1628 finam,
673 1556 795 1626 corporis
815 1556 923 1611 scilicet
950 1556 1090 1626 quoddam
1109 1575 1210 1629 eorpus
1231 1557 1393 1627 constituit,
1420 1563 1548 1614 aeternae
1575 1559 1672 1614 salutis
1697 1559 1782 1630 parti·

89 1639 308 1696 incolumitatem
327 1641 497 1711 conspirent,
524 1642 563 1696 sic
580 1641 724 1696 ministerii
744 1642 922 1697 ecclesiastici
949 1658 1014 1712 ceps
1032 1642 1091 1697 fieri
1112 1651 1203 1715 queat.
1236 1642 1320 1699 Hunc
1342 1643 1425 1699 finem
1443 1662 1498 1699 non
1522 1643 1625 1715 poterit
1644 1645 1699 1699 alia
1718 1644 1783 1699 rati-

90 1729 119 1778 et
138 1727 316 1795 magistratus
335 1727 441 1797 politici
459 1727 551 1782 officia
568 1727 700 1782 distincta
718 1736 838 1794 manent,
858 1729 924 1783 licet
950 1744 1002 1782 one
1020 1730 1159 1802 consequi,
1177 1746 1261 1800 quam
1279 1730 1303 1784 si
1320 1731 1401 1786 unice
1419 1729 1447 1785 id
1467 1736 1560 1798 curet,
1579 1736 1612 1784 ιιι
1630 1731 1702 1785 inter
1718 1729 1783 1786 sub·

90 1810 126 1862 ad
145 1812 264 1866 eundem
290 1810 386 1874 finem,
413 1812 584 1883 reipublicae
608 1812 714 1867 scilicet
741 1813 922 1882 Christianae,
949 1813 1022 1867 ditos
1053 1832 1135 1868 ceras
1167 1815 1314 1884 relipionie
1344 1817 1492 1884 integritas
1525 1824 1550 1869 st
1574 1817 1665 1869 ιιιιιιι
1694 1816 1785 1869 divim

91 1914 162 1968 quae
199 1897 294 1952 itidem
327 1898 474 1971 mysticum
502 1899 615 1970 aliquod
642 1917 742 1969 corpus
771 1901 921 1969 constituit,
949 1899 1098 1953 sinceritas
1115 1900 1218 1971 vigeat,
1238 1901 1374 1972 siquidem
1394 1901 1501 1972 absque
1519 1899 1660 1972 religionis
1679 1908 1708 1956 et
1726 1900 1783 1956 cul·

89 1982 222 2048 salutem,
261 1982 377 2037 tutelam
407 1987 435 2037 et
465 1984 682 2039 incolumitatem
719 1991 836 2065 utraque
865 1984 923 2039 sint
949 1991 994 2038 tus
1013 1985 1099 2038 divini
1121 1985 1278 2042 sinceritate
1297 2006 1351 2043 non
1375 1984 1469 2042 habet'
1484 1986 1576 2040 locum
1600 2003 1667 2042 vera
1683 1987 1782 2058 pietas,

88 2068 201 2124 directa.
453 2099 457 2104 ·
949 2071 1022 2126 male
1040 2073 1156 2140 aivitm,
1185 2073 1235 2126 abi
1253 2074 1289 2126 de
1307 2075 1371 2127 Deo
1391 2091 1446 2127 non
1465 2073 1531 2126 bene
1549 2074 1690 2141 creds'tnr;
1720 2074 1782 2126 abs·

10 2164 26 2195 ¹
128 2160 184 2211 179
224 2160 249 2208 ι.
270 2155 304 2209 Si
328 2156 469 2227 episcopie
495 2172 551 2208 non
576 2156 640 2210 licet
660 2156 892 2210 administrcrs'
877 2174 922 2224 yu-
949 2174 1004 2228 qne
1033 2156 1152 2227 pietate,
1186 2159 1266 2228 cujus
1299 2159 1391 2213 anima
1419 2163 1463 2212 est
1492 2174 1558 2212 vera
1586 2158 1614 2212 in
1643 2157 1783 2214 Christum

10 2206 56 2297 ii?
88 2260 124 2294 ra
141 2241 277 2310 politica,
307 2241 400 2310 atique
419 2243 478 2294 vics
497 2259 580 2295 ansa
605 2243 789 2310 magistratui
800 2242 922 2310 politico
949 2243 1027 2308 fides,
1046 2251 1175 2299 aeternae
1194 2243 1290 2298 salutis
1310 2243 1447 2314 possessio
1473 2245 1578 2314 sperari
1602 2244 1647 2300 vel
1666 2244 1783 2300 obtineri

10 2309 53 2398 ξω
89 2345 144 2380 non
165 2327 258 2380 licebit
275 2326 512 2381 administrare
498 2346 567 2394 pura
585 2328 768 2397 episcopans
806 2326 866 2380 Sed
878 2345 922 2381 ve·
948 2328 1053 2400 nequit.

10 2420 45 2451 ¹¹·-
89 2429 151 2464 rurn
167 2413 250 2480 prius
269 2430 302 2467 ιιι
318 2413 464 2482 hypothesi
486 2422 651 2467 nonnarum.
688 2414 768 2480 Ergo
791 2421 817 2466 st
828 2421 922 2481 poste·
986 2420 1043 2470 let.
1077 2415 1123 2468 Ad
1143 2415 1215 2470 hanc
1234 2414 1377 2485 religionis
1396 2420 1425 2469 ιι
1448 2414 1538 2468 cultus
1562 2414 1648 2468 divini
1672 2415 1783 2470 sinceri-

87 2499 157 2550 rins.
193 2497 418 2568 Respondemus:
439 2515 511 2569 quae
527 2499 650 2569 adjura
667 2497 836 2569 episcopalia
852 2498 922 2553 refe·
947 2505 1033 2555 tatem
1061 2499 1089 2553 in
1115 2499 1259 2570 republica
1294 2497 1473 2554 obtinendam
1505 2500 1561 2554 duo
1596 2499 1782 2570 requiruntur,

87 2589 200 2651 rantur,
226 2600 282 2637 non
302 2591 367 2638 sunt
385 2585 509 2655 ejusdem
529 2585 638 2656 generis
662 2585 763 2648 omnia,
784 2584 920 2655 quaedam
947 2602 1031 2639 acrae
1051 2582 1159 2639 scilic‘et
1176 2586 1326 2655 religionis
1345 2586 1460 2639 stracti
1470 2586 1561 2639 cultus
1583 2587 1706 2654 diligens
1717 2604 1782 2639 con-

85 2675 158 2723 enim
185 2670 266 2739 juxta
293 2669 494 2740 praescriptum
518 2669 595 2724 verbi
621 2669 773 2740 episcopis,
798 2669 851 2723 hoc
877 2675 921 2724 est
944 2673 1075 2739 servatio,
1096 2689 1130 2724 ac
1147 2671 1293 2741 religionis
1312 2672 1458 2740 collapsas
1476 2679 1502 2724 st
1520 2671 1612 2724 calnae
1632 2672 1783 2739 depravati

82 2755 165 2825 juxta
184 2754 343 2825 Scripturas
360 2755 597 2810 nomenclaturam
620 2755 751 2810 ministris
778 2755 921 2825 ecclesiae,
946 2758 1124 2811 instauratio.
1163 2756 1285 2811 Proinde
1303 2756 1326 2810 si
1346 2757 1459 2826 quando
1472 2755 1607 2826 singulari
1624 2756 1677 2811 Dei
1697 2757 1779 2813 bene

85 2846 260 2912 competunt,
279 2847 311 2896 ut
327 2841 488 2912 praedicare
506 2841 638 2910 verbum,
663 2840 856 2895 administrare
875 2858 918 2896 sa·
945 2842 1009 2896 ficio
1034 2840 1118 2897 alicui
1145 2839 1315 2911 reipublicae
1339 2839 1482 2912 religionis
1507 2840 1609 2895 veritas
1633 2849 1662 2895 et
1689 2841 1779 2896 cultus

85 2934 234 2994 eramenta,
254 2926 426 2995 poenitentes
444 2926 585 2982 absolvere
610 2934 662 2984 etc
684 2943 718 2981 ea
741 2927 918 2998 magistratus
947 2928 1033 2983 drvrnr
1045 2927 1189 2981 sinceritas
1204 2924 1314 2997 obtigit,
1335 2927 1513 2998 magistratus
1524 2943 1581 2980 non
1593 2926 1683 2979 minus
1696 2943 1780 2997 quam

84 3012 215 3082 politicus
232 3013 392 3083 neutiquam
412 3010 465 3066 sibi
484 3013 631 3067 vendicare
651 3011 741 3081 debet,
760 3030 812 3067 nec
831 3013 860 3066 in
876 3030 917 3068 ec·
946 3012 1053 3084 reliqua
1073 3012 1208 3067 ecclesiae
1226 3009 1350 3066 membra
1377 3011 1451 3064 omni
1477 3027 1544 3064 cura
1570 3010 1681 3066 inid
1673 3028 1780 3066 mcum·

84 3098 175 3153 clesiis
202 3099 303 3153 nostris
329 3098 382 3152 sibi
409 3098 551 3167 vendicat3
584 3098 720 3168 quaedam
749 3116 813 3154 vero
837 3100 919 3170 juxta
946 3099 1011 3154 bere
1031 3098 1130 3168 debet,
1156 3105 1188 3152 ιιι
1201 3114 1338 3152 summum
1366 3096 1418 3152 hoc
1443 3095 1621 3163 beneficium,
1649 3114 1704 3168 quo
1724 3117 1780 3154 non

85 3184 210 3254 ejusdem
237 3183 315 3239 verbi
340 3182 541 3254 praescriptum
567 3183 741 3254 magistratui
760 3182 918 3240 Christiano
945 3191 1036 3257 potest
1054 3188 1144 3257 majus
1161 3172 1274 3257 aliquod
1295 3184 1466 3256 reipublicae
1483 3185 1653 3256 contingere,
1673 3192 1778 3241 ιιιιιιιιι

84 3277 258 3341 competunt,
288 3276 321 3324 ut
348 3269 532 3324 visitationem
561 3269 739 3323 ecclesiarum
767 3269 918 3340 instituere,
944 3279 1049 3327 tectum
1083 3277 1276 3340 conservetur,
1311 3287 1380 3325 neve
1413 3271 1567 3342 peregrinis
1596 3277 1625 3326 et
1659 3271 1779 3329 erroneis

84 3356 205 3426 synodos
233 3371 398 3418 convocare,
427 3355 627 3410 haereticorum
654 3354 759 3410 rabiem
783 3357 918 3425 coireere,
945 3356 1122 3428 opinionibus
1151 3355 1292 3410 doctrinae
1316 3355 1442 3410 coelestis
1469 3356 1613 3410 sinceritas
1645 3356 1778 3411 contami·

84 3457 181 3511 pacem
202 3446 230 3495 et
248 3441 475 3512 tranquillitatem
493 3439 627 3494 ecclesias
645 3457 793 3511 procurare
812 3449 864 3496 ιιι.
886 3458 919 3497 ιι
944 3449 1033 3498 ιιιιιιι,
1068 3440 1173 3506 Quodsi
1201 3458 1266 3500 vero
1290 3440 1431 3495 hominum
1454 3440 1498 3495 vel
1521 3440 1707 3513 negligentia,
1734 3441 1779 3498 ιιι

84 3544 149 3582 ιιιο
168 3526 204 3582 ad
220 3529 286 3598 jura
302 3526 472 3596 episcopalia
489 3525 654 3594 referuntur,
671 3542 725 3582 uon
744 3529 819 3599 quod
834 3529 917 3598 juxta
944 3528 1049 3583 malitia
1066 3526 1207 3599 religionis
1225 3543 1258 3580 ac
1276 3525 1368 3580 cultus
1387 3523 1474 3579 divini
1500 3523 1642 3580 sinceritas
1662 3532 1705 3581 est
1723 3527 1778 3583 col·

84 3613 286 3684 praescriptum
299 3611 377 3665 verbi
390 3611 427 3665 ad
440 3611 631 3682 episcoporum
644 3612 754 3682 proprie
771 3612 812 3666 ιιι
831 3613 917 3668 dicto·
944 3614 1034 3683 lapsa,
1053 3612 1229 3684 magistratui
1241 3609 1375 3666 incumbit
1385 3611 1503 3665 eandem
1514 3617 1678 3681 restaurare,
1690 3613 1777 3669 eecle-

85 3716 148 3753 rum
166 3716 265 3753 munus
284 3698 450 3769 pertineant,
469 3697 518 3751 sed
537 3696 612 3768 quod
634 3697 755 3768 episcopi
777 3683 918 3754 Pontificii
943 3699 1001 3755 siae
1025 3697 1165 3752 ministros
1189 3694 1273 3775 οιιιςιι
1291 3694 1334 3749 sui
1360 3693 1523 3766 admonere,
1553 3705 1698 3753 veternum
1722 3698 1777 3754 illis

85 3791 210 3855 tempore
230 3789 351 3856 papatus
367 3783 479 3840 excluso
504 3784 668 3854 magistratu
689 3783 845 3841 Christiano
864 3784 918 3840 sibi
944 3789 1073 3839 excutere
1100 3787 1128 3837 et
1152 3782 1236 3852 juxta
1259 3796 1383 3835 normam
1411 3778 1521 3838 divinas
1551 3783 1621 3854 legis
1643 3784 1674 3837 in
1699 3784 1776 3840 cultu

52 3922 55 3926 .
85 3870 150 3924 solis
170 3887 204 3925 ea
220 3869 406 3937 vendicarint,
434 3885 505 3941 quae
524 3886 573 3940 per
595 3869 806 3925 Passavieusem
823 3869 916 3940 pacifi·
944 3870 1037 3924 divino
1055 3868 1148 3923 omnia
1167 3868 1318 3922 instituere.
1357 3866 1540 3939 Magistratus
1560 3875 1624 3923 sunt
1642 3870 1775 3941 reipubli-

85 3955 221 4012 cationem
241 3955 308 4026 ipsis
327 3955 404 4032 velut
418 3954 528 4025 injustis
546 3954 751 4025 possessoribus
776 3962 871 4027 erepta
890 3963 917 4012 ιι
943 3973 993 4011 ιιι
1012 3954 1119 4010 medici.
1156 3952 1394 4018 Quemadmodum
1411 3952 1498 4025 igitur
1518 3954 1625 4010 medico
1647 3957 1777 4012 convenit

84 4040 240 4097 Christiano
258 4060 291 4097 ac
310 4042 357 4113 pio
376 4030 549 4112 magistratui
567 4041 696 4096 restituta
712 4046 783 4095 sunt.
929 4041 1091 4112 laenitatem
1108 4045 1281 4111 praesentem
1294 4054 1466 4107 conservare,
1483 4039 1614 4094 amissam
1633 4057 1776 4111 reparare;

10 4135 39 4170 ιι·
121 4133 177 4184 180.
204 4127 357 4199 Postquam
375 4127 461 4200 igitur
479 4127 696 4183 demonstratum
718 4132 768 4195 est,
785 4129 821 4182 ad
839 4117 983 4199 piumisie
1007 4125 1184 4198 magistratus
1209 4124 1253 4178 sui
1277 4122 1386 4181 noverit
1410 4139 1470 4178 esse
1494 4121 1581 4180 officii
1605 4125 1775 4195 reipublicae

10 4190 71 4279 rii-'⁸
83 4214 277 4285 magistratum
295 4213 436 4285 religionis
456 4221 485 4269 et
503 4229 641 4267 sacrorum
655 4229 751 4267 curam
769 4213 915 4284 pertinere,
941 4213 1065 4284 vigorem
1082 4229 1115 4266 ao
1134 4211 1297 4280 sanitatem,
1322 4225 1395 4307 quas
1417 4208 1446 4263 in
1462 4225 1545 4265 verae
1570 4209 1775 4281 religionisvi·

10 4283 35 4374 g}
83 4299 277 4369 explicandum
291 4316 371 4370 porro
386 4299 445 4367 erit,
466 4304 602 4370 quatenus
618 4314 651 4353 ea
669 4298 705 4351 ad
718 4298 796 4352 illum
810 4305 916 4370 spectet
940 4317 1007 4372 gore
1034 4297 1160 4354 consistit
1186 4296 1231 4351 vel
1257 4294 1393 4361 ιιιιιιιιιι,
1421 4312 1584 4351 conservare
1601 4295 1774 4370 eandemque

18 4384 46 4425 ⁸⁶
82 4392 110 4438 et
129 4400 185 4454 qua
202 4382 308 4438 ratione
328 4384 507 4454 magistratus
527 4400 587 4439 sese
611 4399 707 4454 gerere
734 4383 850 4454 debeat,
880 4403 915 4442 ne
940 4385 1068 4441 ιιιιιιιιιιι
1087 4400 1215 4455 reparare
1232 4399 1265 4437 sc
1284 4383 1399 4437 vulnera
1415 4382 1584 4452 reipublicae
1604 4399 1710 4439 sanare.

10 4437 51 4527 Ἰιιι
81 4468 151 4524 lines
163 4467 269 4522 alienos
281 4466 405 4538 invadat
421 4485 491 4525 neve
504 4475 669 4540 potestatem
685 4471 762 4539 juste
782 4472 914 4541 majorem
978 4477 1034 4528 182.
1072 4469 1153 4534 Quod
1180 4469 1203 4524 ιι
1229 4468 1408 4540 magistratus
1435 4485 1531 4524 ιιιιι
1528 4467 1682 4538 religionis
1709 4485 1773 4523 con·
1787 4465 1865 4567 ¹3⁸2·

10 4539 24 4628 t·
82 4555 111 4609 in
137 4552 331 4610 ecclesiasticis
356 4553 474 4625 negotiis
495 4555 548 4610 sibi
573 4562 699 4626 arroget,
728 4560 757 4610 et
773 4573 845 4626 quae
864 4558 916 4612 toti
941 4555 1090 4612 servationi
1108 4561 1137 4610 et
1155 4554 1295 4624 collapsae
1315 4553 1483 4608 restitutioni
1504 4555 1626 4607 intentus
1648 4569 1708 4609 esse
1727 4555 1774 4609 de·
1787 4528 1868 4610 sii.⁰¹¹

82 4640 216 4696 ecclesiae
233 4643 404 4707 competunt,
424 4639 477 4695 sibi
496 4639 547 4694 soli
565 4640 721 4712 arrogando
736 4640 780 4695 vel
793 4641 915 4698 ministe-
942 4641 998 4711 bet,
1016 4647 1082 4696 ante
1099 4641 1191 4695 omnia
1208 4640 1357 4711 requiritur
1368 4630 1451 4691 aerae
1462 4639 1612 4707 religionis
1631 4655 1664 4692 en
1683 4641 1774 4694 sacra
1787 4619 1921 4720 fgissssm

83 4727 116 4780 rii
137 4724 317 4780 ecclesiastici
337 4731 430 4795 partes
448 4725 484 4779 ad
504 4742 534 4780 se
551 4724 752 4781 transferendo.
778 4726 915 4783 Proclivis
942 4726 1032 4780 literis
1058 4727 1187 4794 cognitio
1229 4725 1373 4789 Quomodo
1398 4723 1471 4779 enim
1496 4724 1652 4780 discernere
1672 4726 1775 4796 poterit
1788 4728 1921 4772 “mmm-

82 4811 127 4865 hic
147 4811 276 4882 idemque
294 4810 472 4882 gravissimus
493 4816 534 4865 ιιι
551 4809 659 4881 lapsus,
684 4811 780 4865 sedula
798 4813 916 4882 proinde
942 4815 1014 4870 inter
1031 4830 1124 4868 veram
1145 4819 1173 4868 ct
1192 4810 1291 4866 falsam
1309 4809 1484 4881 religionem,
1502 4810 1576 4865 inter
1591 4810 1728 4882 legitimos
1747 4820 1776 4868 et

82 4896 239 4952 adhibenda
257 4897 358 4952 cautio.
394 4895 472 4950 Finis
492 4895 539 4966 pio
557 4903 586 4950 et
597 4895 754 4952 Christiano
771 4899 915 4971 magistra·
941 4899 1127 4954 idololatricae
1147 4898 1246 4963 cultus,
1266 4895 1319 4951 nisi
1338 4913 1372 4951 ex
1390 4894 1494 4950 tabulis
1514 4894 1624 4951 divinae
1641 4898 1776 4969 veritatis,

82 4984 124 5037 tui
151 4985 180 5038 in
202 4983 404 5055 gubernatione
430 4982 588 5053 propositus
621 4998 681 5038 esse
711 4983 794 5039 debet
824 4987 915 5040 ιιιιιι
942 4984 1071 5041 ιιιιιιιι
1090 4985 1196 5040 scilieet
1213 4983 1308 5053 literis,
1326 4981 1775 5055 veritatemipsemetcognoseat?

82 5069 173 5123 divini
191 5087 225 5122 ac
246 5087 328 5122 acrae
345 5069 491 5143 religionis
510 5069 690 5140 propapatio.
731 5068 914 5134 Quemadmo·
940 5071 1101 5143 Requiritnr
1119 5070 1205 5141 igitur
1222 5086 1239 5124 a
1256 5068 1302 5140 pio
1322 5075 1350 5123 st
1370 5068 1527 5123 Christiano
1544 5069 1723 5139 magistratu,
1743 5074 1775 5123 ιιι

82 5153 148 5208 dum
165 5154 238 5209 enim
257 5171 312 5209 non
331 5155 368 5210 ad
387 5156 459 5210 hanc
475 5155 565 5208 solum
581 5171 633 5208 nec
651 5154 837 5226 potissimum,
864 5158 913 5213 sed
940 5173 1036 5211 onum
1057 5159 1092 5209 ds
1112 5157 1176 5210 Deo
1193 5172 1303 5209 samm
1322 5162 1469 5208 etcertum
1488 5155 1548 5208 Dei
1564 5154 1684 5224 cattum,
1704 5171 1775 5225 quae

81 5240 165 5295 etiam
189 5255 222 5294 ao
246 5240 406 5311 cumprimis
426 5240 462 5295 ad
479 5241 602 5296 futuram
625 5239 808 5297 vitamDeus
827 5241 913 5298 homi·
942 5242 997 5297 duo
1017 5239 1054 5296 ad
1071 5240 1212 5312 religionis
1228 5240 1374 5295 veritatem
1397 5246 1426 5318 et
1454 5239 1564 5310 pietatis
1587 5239 1773 5311 integritatem

10 5328 67 5374 ,θλ
81 5341 145 5380 nem
166 5325 305 5395 condidit;
327 5327 367 5381 ita
384 5342 495 5398 quoque
519 5324 698 5396 magistratus
719 5325 840 5385 officium
859 5343 914 5382 non
942 5329 1078 5400 pertinere
1096 5332 1214 5389 constat,
1235 5342 1268 5381 ex
1287 5327 1374 5381 sacris
1394 5325 1480 5381 literis
1498 5325 1557 5396 ipse
1576 5325 1724 5395 perdiscat,
1744 5326 1773 5379 id

83 5410 120 5465 ad
139 5409 211 5465 hane
229 5414 319 5468 solum
339 5429 391 5467 nec
410 5412 593 5482 potissimum,
614 5412 662 5465 sed
682 5411 766 5467 etiam
786 5430 818 5468 ac
837 5431 912 5469 cum·
943 5413 1019 5486 quod
1032 5421 1060 5470 et
1071 5413 1246 5469 manifestum
1257 5414 1315 5467 Dei
1325 5414 1490 5468 mandatam
1498 5411 1621 5481 postulat
1634 5409 1718 5468 Deut.
1734 5420 1775 5482 ιι,

133 5504 297 5549 (ιιιιιιιιιιιιιι.
321 5506 357 5548 Vl.
1408 5520 1440 5575 23
