4020 6014
218 259 236 317 s
799 254 922 315 cocus
939 211 1143 316 messurus
1160 253 1325 313 sossius

218 408 373 479 argumenti
389 410 500 482 penitiis
519 413 632 483 eierat,
657 413 768 485 quando
791 412 838 467 lib.
863 417 885 468 1.
906 410 941 466 de
963 409 1046 464 missa
1073 405 1158 476 ditur,
1166 411 1289 466 nondum
1297 410 1398 482 probat
1407 409 1535 466 sacrificii
1544 411 1675 466 musahci
1685 411 1902 468 celebrationem

219 511 243 552 c
261 501 301 551 15.
320 491 347 568 ἓ.
368 496 405 554 de
421 498 524 555 loco
501 516 542 554 sic
560 499 670 556 scribit.
699 501 788 554 Verba
811 500 905 554 Locos
922 497 986 552 Act.
1008 499 1048 550 13
1070 497 1208 567 jejunium
1225 497 1298 554 enim
1318 497 1387 553 illud
1410 498 1535 569 partibus
1564 497 1707 553 ministerii
1726 469 1914 556 ecclesiastici

219 589 283 636 sant
300 584 455 652 generalia,
473 601 561 655 segne
578 587 983 658 ιυριιιυίιιυτιιιιιιυιιιιίυυι
995 582 1049 636 ati·
1076 583 1186 654 publice
1205 583 1288 640 obitis
1306 583 1360 639 iuit
1374 583 1514 652 additum,
1539 590 1571 639 ut
1591 587 1695 656 majore
1722 587 1781 641 selo
1800 604 1832 641 ac
1851 587 1913 657 Spi-

219 671 297 738 quod
308 670 500 741 minister-nnn,
519 690 573 728 non
590 673 662 727 enirn
675 674 746 728 dicit
757 674 859 737 Linos,
874 669 1051 742 offerentibus
1076 671 1144 726 ritus
1170 670 1317 727 devotione
1338 671 1432 726 omnia
1456 676 1660 743 peragerentur.
1697 672 1735 726 Et
1761 691 1824 728 cum
1851 674 1914 730 Bel·

220 753 281 808 τιιιι
305 757 430 812 Domino
456 758 626 828 sacrificinm
651 761 780 831 corporis
803 758 926 827 torosi,
954 757 1006 809 sed
1021 755 1052 807 io
1077 758 1210 814 larminus
1226 758 1287 829 ipse
1304 757 1446 827 concedat,
1467 775 1536 824 sum,
1549 760 1599 827 qai
1611 760 1676 812 bene
1688 759 1806 828 jejunat
1819 762 1849 815 in
1864 762 1913 816 lio·

221 857 329 912 penore,
340 844 563 899 ministrantibus
573 846 636 901 illis
647 847 780 904 Domino.
798 845 877 901 Haec
889 842 929 899 ibi
938 841 1052 898 totidem
1080 862 1175 899 norem
1191 844 1327 913 Domini,
1349 850 1423 898 recte
1446 843 1506 898 dici
1528 861 1613 914 posse
1633 846 1757 901 Domino
1769 849 1916 917 jejunare,

221 927 313 984 verbis
329 926 520 986 Bellsrminus.
1080 947 1129 986 cur
1159 936 1252 1002 negat,
1283 946 1378 986 vocem
1412 931 1450 1000 τῷ
1482 931 1539 1000 θεῷ
1570 930 1615 986 hic
1641 931 1765 988 additam
1793 940 1853 990 tum
1879 936 1916 991 ad

82 1017 163 1060 ΧΙΗ·
178 1015 209 1059 ¹2
259 1019 296 1070 it).
323 1014 383 1073 Neo
408 1017 495 1072 ullum
519 1017 603 1073 robur
627 1018 754 1074 obtinent
784 1015 921 1077 ἐνστάσεις
949 1012 1055 1069 Bellar·
1081 1013 1319 1093 λειτουργούντων,
1336 1022 1396 1072 tum
1409 1017 1645 1085 ιιινηστευόντων
1639 1021 1806 1076 commode
1820 1022 1916 1078 referri

94 1075 200 1171 fflffi.
223 1099 368 1157 ministrae.
396 1109 417 1160 1.
435 1103 515 1168 Quod
527 1105 600 1161 enim
613 1105 733 1178 probaro
745 1105 1055 1172 constantinopolita
1078 1103 1181 1174 posse?
1199 1108 1352 1175 cui-negat,
1368 1102 1507 1159 ιιιιιιιιιοι
1520 1104 1673 1161 ecclesiae
1666 1124 1694 1161 iii
1710 1107 1918 1177 praedications

96 1182 201 1226 '‘mi''
223 1187 353 1245 hocloco
373 1191 534 1258 sanificans
552 1193 697 1263 palliarem
724 1200 750 1247 et
773 1199 915 1246 annnam
934 1187 1054 1241 minere
1079 1189 1217 1262 evangelii
1226 1195 1255 1245 et
1268 1189 1506 1246 administratione
1517 1196 1752 1248 sacramentorum
1766 1195 1822 1249 dici
1833 1212 1917 1266 posse

221 1276 309 1345 riam,
334 1275 490 1333 libenter'
465 1294 491 1334 si
508 1278 622 1348 damus,
648 1279 697 1335 sed
716 1295 750 1334 ex
770 1295 803 1334 eo
821 1275 943 1333 nondum
960 1271 1054 1327 inferri
1080 1280 1248 1352 λειτουργεῖν
1270 1279 1309 1346 τῷ
1326 1276 1392 1345 θεῷ,
1417 1293 1480 1331 eum
1502 1284 1595 1346 partes
1612 1277 1674 1334 illas
1693 1280 1736 1334 sui
1754 1279 1839 1336 officii
1860 1300 1916 1338 nou

221 1367 313 1434 potest
321 1363 487 1420 sacrificium
499 1365 677 1436 missaticum,
691 1369 723 1420 ut
737 1363 914 1422 ostendimus.
939 1370 963 1421 2.
974 1359 1054 1427 Quod
1079 1362 1169 1418 minus
1193 1362 1231 1417 ad
1248 1361 1380 1418 honorem
1397 1361 1452 1417 Dei
1477 1362 1621 1434 dirigant?
1656 1371 1681 1421 1.
1702 1364 1783 1430 Quod
1808 1368 1915 1424 Bellai·

222 1455 321 1519 negat,
352 1451 431 1504 serti
458 1459 485 1505 st
516 1460 753 1506 sawamentornm
779 1451 963 1507 miniterium
988 1461 1053 1502 socc
1078 1448 1608 1523 minusassent,oerbn1nissrovpyto
1635 1453 1750 1522 qnando
1770 1456 1916 1509 odoacro

220 1538 390 1613 λειτουργίας
408 1537 453 1591 liic
480 1538 576 1607 accipi
588 1555 688 1610 possa,
714 1556 774 1592 cam
800 1538 876 1592 illud
897 1555 954 1592 non
966 1550 1052 1605 prae·
1078 1539 1311 1592 accommodatam
1337 1543 1364 1590 ct
1395 1537 1520 1592 absonae
1548 1539 1578 1591 in
1608 1540 1758 1608 scriptoris
1784 1542 1913 1609 ponitur,

220 1627 307 1676 stetin
325 1624 405 1690 Deo,
428 1625 480 1677 scri
495 1625 617 1696 popolo,
646 1624 683 1680 sd
702 1624 771 1680 illud
788 1625 932 1695 ipsiusmet
946 1621 1052 1676 Bellat-
1077 1625 1177 1693 atique
1196 1624 1290 1693 accipi
1301 1641 1359 1693 pro
1377 1622 1531 1678 ministerio
1549 1624 1701 1695 sacrificis,
1719 1626 1749 1681 id
1768 1626 1792 1681 si
1810 1628 1914 1699 accipi-

220 1707 288 1762 mini
306 1709 397 1765 verbis
414 1711 626 1782 respondemur,
654 1712 695 1766 sic
715 1711 787 1767 enim
803 1710 901 1766 scribit
913 1708 961 1764 lib.
985 1713 996 1764 ι
1016 1706 1053 1760 do
1079 1718 1142 1767 stur
1159 1728 1242 1768 sensu
1260 1709 1477 1766 Bellarminiano
1493 1727 1544 1781 pro
1561 1711 1713 1768 ministerio
1726 1713 1855 1770 sacrificii
1869 1732 1915 1769 ex-

220 1795 304 1850 misss
321 1812 342 1851 o
365 1802 405 1853 15.
423 1794 452 1867 ξ.
473 1797 508 1852 do
525 1799 599 1852 loco:
618 1800 683 1854 Non
703 1799 795 1868 inepte
809 1803 909 1868 potest,
928 1795 979 1864 qai
990 1811 1052 1848 ooo·
1079 1798 1150 1853 terni
1176 1796 1288 1868 proprie
1312 1796 1351 1852 sic
1377 1796 1453 1865 dicti,
1477 1798 1643 1868 generaliter
1667 1816 1761 1855 verum
1780 1818 1837 1856 non
1858 1808 1916 1865 est3

221 1881 364 1952 cionatnr,
388 1883 448 1937 dici
466 1886 591 1940 Domino
610 1887 787 1955 ministrare,
813 1892 838 1939 st
855 1885 951 1939 eodem
970 1881 1053 1935 niodo
1081 1888 1236 1961 λειτουργία
1254 1882 1327 1939 enim
1355 1887 1470 1939 iocatur
1480 1886 1664 1954 praedicatio
1683 1888 1824 1956 euangelii
1843 1887 1917 1942 inter

216 1975 323 2038 potest,
340 1970 391 2039 qni
415 1969 605 2025 noetarntaae
626 1971 670 2026 cal
694 1971 825 2042 baptismi
848 1974 1053 2025 casamentum
1078 1978 1175 2045 gentes
1194 1987 1257 2025 cum
1275 1969 1351 2025 nullo
1369 1975 1480 2026 esterno
1498 1969 1633 2027 sacrificio
1657 1972 1769 2043 proprie
1786 1973 1828 2027 sic
1841 1973 1917 2028 dieto

221 2056 374 2124 dispensat,
394 2055 454 2111 dici
470 2057 633 2112 ministrare
649 2059 783 2114 Domino.
819 2056 848 2112 Si
866 2055 933 2127 quid
947 2051 1053 2109 roboris
1080 2059 1229 2128 conjuncta
1246 2054 1325 2111 Rom.
1349 2062 1389 2123 15,
1407 2075 1432 2109 v.
1456 2062 1495 2112 16.
1516 2061 1670 2135 λειτουργία
1693 2059 1776 2114 etiam
1799 2067 1917 2116 vocatur

183 2149 194 2205 j
221 2141 323 2198 inesset
355 2142 421 2198 huic
448 2144 574 2215 argutiae
597 2145 844 2214 Bellarminianse,
867 2161 923 2197 noa
942 2139 1054 2195 concio-
1079 2145 1315 2212 eleemosynarnm
1342 2143 1504 2198 distributio
1535 2161 1599 2199 cum
1616 2144 1693 2200 nullo
1713 2144 1849 2200 sacrificio
1870 2163 1916 2201 ei-

220 2246 321 2282 υιυιιιιι·
346 2231 426 2297 Deo,
451 2247 540 2299 negas
565 2240 743 2286 casamenta
768 2233 963 2302 dispensamur
981 2228 1053 2293 Deo,
1079 2235 1157 2285 terno
1177 2229 1287 2301 proprie
1305 2227 1345 2283 sio
1363 2228 1438 2285 dicto
1463 2232 1612 2301 conJ'uiiets
1637 2237 1661 2288 2.
1682 2231 1744 2288 Cor.
1766 2238 1797 2300 o,
1826 2250 1852 2288 i.
1876 2239 1916 2288 12.

220 2316 273 2369 ssd
283 2317 401 2388 popiola.
433 2317 512 2385 Ergo
523 2318 618 2386 perid
632 2321 801 2394 λειτουργεῖν
820 2320 944 2386 θεῷυου
960 2319 1053 2384 potest
1079 2317 1159 2373 Rom.
1182 2321 1222 2381 15,
1240 2331 1266 2369 v.
1286 2321 1326 2371 27.
1343 2321 1395 2371 etc.
1433 2315 1506 2373 Sane
1527 2318 1634 2389 quoties
1660 2318 1703 2374 iel
1728 2319 1763 2373 de
1782 2317 1918 2374 Leviticis

113 2417 117 2426 ·
221 2401 342 2470 intelligi
364 2403 443 2456 υιτιί
454 2405 637 2473 praedicatio
663 2412 688 2459 et
707 2412 946 2460 sacramentor-arn
963 2399 1053 2454 admi·
1079 2402 1284 2471 sacerdotibus,
1319 2403 1367 2474 qui
1394 2404 1552 2474 corporales
1576 2404 1679 2461 hostias
1706 2405 1735 2459 in
1758 2403 1821 2461 Vct.
1840 2405 1918 2463 Ten.

221 2488 360 2557 υιιιταιιυ,
379 2504 550 2562 consequens
567 2491 652 2560 foret,
680 2492 804 2565 linguam
828 2489 945 2563 apostoli
971 2485 1053 2542 corsi·
1079 2487 1316 2555 Deoobtulerunt,
1329 2488 1374 2543 rel
1387 2489 1422 2546 ds
1434 2489 1552 2554 Christo,
1562 2491 1610 2562 qui
1626 2507 1655 2546 se
1666 2490 1757 2561 ipsum
1775 2491 1918 2548 victimam

220 2573 341 2645 gandam
364 2592 437 2640 esse,
464 2576 575 2647 quando
598 2578 679 2633 Rom.
707 2584 755 2647 13,
777 2597 802 2633 v.
827 2583 851 2632 5.
875 2575 1053 2646 magistratus
1080 2573 1140 2628 Deo
1157 2574 1186 2629 in
1203 2576 1352 2631 sracrucis
1367 2575 1477 2643 obtulit,
1498 2581 1667 2654 λειτουργίας
1686 2595 1738 2632 vos
1756 2585 1918 2649 usurpatur,

220 2665 302 2716 vocat
318 2660 494 2736 λειτουργοὺς
509 2667 559 2718 τοῦ
570 2668 647 2729 θεοῦ,
664 2664 706 2719 illi
726 2664 798 2720 enim
811 2662 906 2718 itidem
916 2659 1053 2731 justitiam
1078 2658 1153 2731 quod
1169 2656 1204 2712 tit
1214 2660 1243 2714 in
1261 2655 1329 2715 locis
1349 2673 1366 2711 a
1384 2656 1552 2713 Bellarmino
1572 2661 1709 2734 allegatis
1726 2664 1916 2733 concedimus,
1932 2678 1961 2718 xi

221 2747 416 2804 administrant
427 2765 482 2805 non
496 2748 566 2815 Deo,
585 2750 635 2807 sed
647 2750 759 2823 populo.
792 2748 880 2820 Atqui
892 2746 1053 2818 invertimus
1079 2743 1206 2799 sacrificii
1225 2743 1330 2799 externi
1348 2743 1463 2814 proprie
1487 2743 1527 2800 sic
1554 2745 1621 2801 dicti
1646 2746 1813 2804 oblationem
1832 2751 1918 2806 simul

220 2838 427 2906 argumentum:
464 2835 703 2900 Quemadmodum
742 2835 921 2909 magistratus
948 2831 1054 2905 politici
1080 2830 1170 2887 notari
1187 2829 1324 2903 (quamvis
1342 2847 1398 2886 non
1418 2829 1521 2896 solam,
1547 2847 1611 2887 cuin
1629 2833 1714 2891 etiam
1731 2835 1802 2892 aliae
1820 2844 1916 2907 partes

220 2925 296 2975 recte
314 2920 443 2976 dicuntur
461 2926 612 2999 λειτουργοὶ
630 2923 697 2977 θεοῦ
728 2938 760 2976 sc
777 2921 839 2977 Deo
862 2922 891 2976 in
909 2918 993 2975 officii
1012 2919 1054 2974 sui
1080 2916 1224 2974 ministerii
1244 2916 1364 2973 Levitici
1386 2923 1414 2972 et
1432 2916 1517 2973 officii
1534 2936 1552 2973 a
1570 2918 1680 2976 Christo
1693 2922 1800 2991 perimi
1814 2939 1917 2980 conno-

222 3005 459 3064 administratione
485 3013 664 3085 λειτουργεῖν,
686 3008 753 3064 licet
776 3007 895 3064 subditis
916 3005 981 3074 suis,
999 3021 1055 3060 non
1079 3006 1200 3074 tentur);
1211 3004 1261 3059 sed
1275 3021 1308 3059 ex
1320 3020 1352 3059 eo
1365 3003 1460 3060 inferri
1471 3005 1576 3076 nequit,
1596 3007 1708 3077 quando
1722 3025 1777 3063 vor
1794 3013 1917 3087 λειτουρ-

221 3099 314 3149 autem
325 3092 386 3150 Deo
397 3095 523 3166 praemis
537 3100 566 3150 et
580 3111 685 3167 poenas
694 3093 862 3149 distribuant
880 3100 908 3148 et
916 3093 1055 3162 justitiam
1081 3099 1144 3163 γίυς
1155 3091 1191 3145 do
1205 3090 1336 3145 ministris
1357 3091 1490 3147 eeclesiae
1507 3091 1540 3149 N.
1553 3091 1585 3146 T.
1606 3101 1765 3165 usurpatur,
1784 3102 1852 3152 tunc
1872 3097 1916 3153 iti·

223 3180 430 3246 administrent,
456 3181 584 3236 nimirum
611 3181 676 3252 quia
700 3199 755 3235 non
778 3180 911 3249 ιστυιτιιι,
929 3182 981 3233 aad
996 3179 1057 3233 Dei
1082 3177 1145 3233 dem
1169 3176 1297 3232 sacrificii
1321 3177 1427 3234 externi
1451 3179 1562 3249 proprie
1586 3179 1626 3235 sic
1655 3181 1721 3236 dieti
1746 3181 1918 3240 oblationem

215 3267 359 3335 judicium
375 3275 515 3336 nascent,
538 3273 610 3323 teste
629 3267 780 3338 Jcsaphstc
799 3273 822 3323 2.
846 3267 910 3324 Par.
930 3270 969 3330 19,
986 3281 1011 3318 i.
1031 3270 1054 3319 6.
1081 3281 1131 3336 per
1142 3280 1203 3320 eam
1216 3263 1375 3335 significari,
1387 3264 1437 3320 sed
1450 3265 1617 3322 conmarium
1632 3268 1726 3339 potius
1737 3268 1916 3327 inferendum

221 3352 288 3423 quia
305 3371 325 3405 a
345 3355 468 3408 Domino
487 3355 558 3426 s'psis
572 3361 700 3423 potestas
717 3360 756 3407 est
775 3355 857 3423 data,
875 3354 956 3422 cajus
974 3350 1055 3405 niins'-
1081 3356 1130 3405 est
1168 3349 1294 3407 Christus
1316 3351 1389 3405 enim
1412 3352 1498 3405 unica
1516 3352 1654 3408 oblattbne
1680 3353 1723 3408 sui
1742 3357 1867 3425 corporis
1888 3358 1918 3412 in

222 3440 347 3493 strisant
360 3441 549 3509 τὐτυγυοιυυι
562 3441 772 3509 gubernatione.
787 3440 851 3512 Sap.
871 3446 894 3503 6,
906 3456 932 3492 r.
945 3445 968 3495 1.
987 3444 1016 3495 et
1028 3447 1052 3495 5.
1081 3452 1161 3491 cruce
1185 3441 1300 3507 peracta
1325 3435 1408 3492 finem
1441 3437 1573 3508 imposuit
1600 3437 1742 3494 sacrificiis
1771 3440 1918 3512 Leviticis,

222 3531 251 3580 et
268 3526 334 3597 quia
352 3528 412 3581 Dei
427 3528 550 3582 ministri
567 3535 630 3580 sant
648 3529 689 3580 οιί
707 3527 818 3595 bonnm,
842 3525 922 3581 Rom.
937 3531 977 3596 13,
990 3544 1015 3581 v.
1028 3531 1052 3581 1.
1078 3537 1131 3578 nec
1142 3522 1281 3579 ministros
1294 3522 1425 3580 ecclesias
1436 3523 1506 3580 Nor.
1522 3524 1598 3581 Test.
1610 3525 1753 3581 constituit
1760 3527 1917 3599 missifioes,

221 3611 262 3666 its
280 3627 404 3683 quoque;
425 3612 559 3669 ecclesiae
573 3611 689 3666 ministri
704 3617 780 3668 recte
792 3612 921 3668 dicuntur
934 3615 1052 3686 λειτουρ-
1079 3610 1128 3681 qui
1146 3615 1288 3666 externum
1307 3608 1422 3681 aliquod
1442 3609 1609 3666 sacrificium
1626 3612 1737 3683 proprie
1749 3613 1788 3668 sic
1807 3614 1916 3672 dictum

221 3701 266 3767 γυι
286 3701 355 3751 θεοῦ
368 3705 398 3753 ot
411 3697 472 3755 Dec
482 3699 511 3753 in
524 3696 609 3753 officii
622 3698 664 3753 sui
680 3698 918 3754 administratione
933 3702 1052 3773 λεττουρ·
1078 3695 1177 3751 offerre
1192 3695 1321 3764 debeant,
1339 3696 1389 3752 sed
1401 3697 1537 3769 evangelii
1556 3715 1707 3767 praecones
1719 3704 1748 3753 et
1760 3716 1917 3758 sacramen-

222 3790 289 3856 γεῖυ,
302 3783 432 3841 licetiion
446 3785 516 3849 Deo,
528 3784 746 3840 ssdhominibus
758 3785 874 3840 verbum
891 3785 1053 3856 praedicent
1078 3787 1169 3838 torum
1181 3783 1393 3853 dispensatores,
1404 3788 1437 3838 ut
1447 3783 1514 3841 alibi
1525 3784 1635 3856 plenius
1647 3785 1769 3843 docetur.
1797 3793 1820 3844 5.
1833 3787 1917 3852 Quod

221 3878 251 3927 et
269 3877 442 3926 sacramenta
459 3871 632 3942 dispensent,
663 3870 791 3926 nimirum
821 3873 886 3943 quis
913 3874 1052 3942 legatione
1079 3869 1118 3940 pii
1137 3874 1243 3925 veteres
1267 3887 1288 3923 s.
1308 3869 1503 3926 eucharistiam
1528 3878 1629 3927 vocant
1660 3871 1818 3945 liturgiam,
1844 3875 1917 3931 illud

217 3959 383 4028 jungantur
401 3958 461 4012 Dei
478 3958 603 4027 nornine,
627 3963 650 4012 2.
674 3955 734 4013 Cor.
760 3965 783 4024 5,
811 3975 836 4011 v
857 3965 898 4015 20.
922 3966 951 4015 et
974 3960 1052 4031 quid·
1078 3955 1174 4011 itidem
1193 3956 1333 4012 missatico
1350 3957 1486 4013 sacrificio
1503 3958 1572 4013 nihil
1591 3959 1743 4057 quidquam
1755 3963 1914 4031 patrocina-

221 4043 316 4115 quid
309 4061 337 4097 in
356 4042 448 4099 officio
467 4061 517 4099 suo
532 4045 614 4115 juxta
632 4044 832 4115 praescriptum
858 4045 936 4101 serbi
957 4051 1053 4118 agunt,
1078 4049 1132 4112 tur,
1151 4032 1189 4098 iit
1196 4043 1269 4098 enim
1281 4043 1352 4098 illud
1365 4044 1523 4115 cumprimis
1535 4043 1588 4099 hoc
1601 4046 1719 4116 nomine,
1735 4047 1916 4119 quiaeucha-

220 4129 249 4185 id
268 4129 329 4185 Deo
347 4135 454 4202 agunt,
474 4131 503 4185 id
521 4137 563 4186 est
581 4131 711 4203 utipsius
724 4131 885 4186 mandatum
898 4132 1053 4203 impleatur,
1080 4129 1173 4185 ristias
1185 4129 1387 4186 administratio
1403 4138 1445 4186 est
1459 4136 1631 4207 λειτουργίας
1649 4150 1708 4188 sive
1719 4133 1824 4205 publici
1836 4135 1914 4192 illius

221 4221 253 4271 ut
272 4215 358 4271 honor
373 4215 482 4272 debitus
494 4216 535 4271 illi
552 4223 714 4287 praestetur,
733 4223 765 4272 ut
778 4216 895 4274 ecclesia
907 4234 941 4273 er
953 4236 1054 4290 genere
1080 4218 1217 4282 muneris,
1242 4217 1317 4288 quod
1341 4218 1473 4272 ministris
1492 4218 1626 4275 ecclesiae
1644 4220 1828 4290 commissum,
1848 4241 1916 4294 pars

223 4302 342 4358 humano
360 4304 413 4375 ipsi
431 4303 592 4376 colligatur,
624 4320 720 4376 aqua
740 4303 909 4377 glorificetur
930 4322 964 4361 sc
984 4306 1053 4361 cele·
1081 4321 1136 4359 non
1163 4309 1317 4375 postrema3
1345 4306 1445 4361 deinde
1476 4307 1542 4378 quia
1570 4323 1634 4362 cum
1672 4309 1915 4367 administratione

224 4390 325 4456 bretun,
366 4396 391 4447 2.
417 4390 475 4447 Cor.
504 4397 529 4456 5,
562 4410 587 4448 v.
612 4397 651 4449 13.
676 4397 702 4448 ει
718 4392 863 4461 ἐξέστημεν
884 4394 947 4463 θεῷ,
966 4392 994 4447 id
1014 4399 1056 4448 est
1082 4390 1263 4447 eucharistiae
1276 4392 1753 4467 inprimitivaeoclesiaconjuncta
1771 4395 1825 4452 fuit
1844 4398 1917 4455 elee-

224 4477 283 4534 relo
301 4482 393 4534 nostro
410 4478 573 4534 inservimus
596 4479 671 4547 Deo,
696 4479 732 4534 de
754 4481 833 4550 quus
857 4478 946 4550 gloria
962 4481 1055 4551 agitur
1080 4494 1259 4549 mosynarum
1285 4478 1396 4534 collado
1425 4495 1459 4534 ac
1491 4479 1663 4550 distributio,
1694 4499 1765 4554 quas
1793 4499 1857 4538 cum
1886 4485 1917 4540 in

223 4569 252 4618 ct
267 4565 348 4636 cujus
372 4564 488 4620 ministri
515 4583 618 4623 sumus.
651 4565 730 4621 Rom.
759 4572 798 4634 11,
815 4583 840 4622 v.
859 4571 889 4624 t:
909 4567 963 4631 Qus
979 4585 1054 4621 man·
1082 4563 1233 4636 seripturis
1250 4566 1335 4619 moris
1355 4568 1510 4639 λειτουργία
1530 4569 1697 4639 appelletur,
1719 4570 1783 4626 inde
1800 4569 1917 4640 iactum,

223 4652 317 4717 ιιυιυί,
336 4651 461 4706 Domino
479 4654 648 4720 manducat,
667 4651 697 4706 id
716 4657 759 4707 est
788 4652 834 4722 qui
853 4652 999 4708 discrimen
1018 4653 1054 4708 ci·
1081 4658 1113 4706 ut
1129 4653 1165 4706 ad
1194 4651 1282 4722 ipsam
1302 4668 1414 4724 quoque
1446 4653 1629 4710 eucharistiae
1648 4656 1916 4716 ιιιιιιιιιτιιιιιοιιιιιι

221 4737 319 4791 borum
343 4736 372 4791 in
393 4737 456 4809 legs
481 4737 604 4793 Mosaios
632 4738 833 4810 praescriptum
858 4756 913 4794 non
935 4741 1054 4812 amplius
1080 4738 1245 4794 vccabulum
1276 4739 1346 4793 illud
1372 4738 1457 4794 inerit
1483 4744 1663 4808 sentimum
1699 4742 1817 4815 denique
1849 4747 1918 4817 quis

129 4823 134 4837 “
222 4822 365 4891 observat,
397 4824 446 4879 sed
464 4825 570 4897 absque
601 4826 758 4881 discrimine
786 4825 911 4882 ciborum
929 4826 1054 4883 levitico
1079 4826 1237 4898 spiritualia
1267 4824 1404 4881 sacrificis
1437 4827 1506 4887 Nor
1539 4829 1615 4885 'lest
1648 4822 1778 4886 viddicet
1807 4848 1917 4903 preces,

220 4910 376 4980 manducat,
396 4910 465 4967 iacit
481 4911 559 4967 hoc
550 4930 580 4966 in
598 4914 728 4969 honorem
742 4913 862 4981 Domini,
881 4932 929 4985 qui
921 4914 1053 4969 crederi-
1079 4912 1230 4984 grstiaiim
1249 4911 1387 4978 estimes,
1411 4913 1496 4969 totius
1521 4916 1639 4970 hominis
1662 4919 1833 4973 consecratio
1860 4926 1916 4976 ete.

218 5004 260 5053 tes
276 4997 305 5052 in
324 4998 393 5054 Nor
411 4997 486 5054 Test.
506 5016 524 5053 s
547 4998 657 5071 legibus
675 5000 905 5056 ceremonialibus
924 5000 1053 5055 Moesicis
1079 5002 1395 5071 ιιοιιιιιιιιλιιιυιργίαι,
1407 5004 1588 5076 quippequse
1596 5004 1916 5075 respondentLeviticae

217 5082 357 5148 liberavit,
382 5084 488 5155 quod'
481 5101 540 5155 ipse
565 5091 641 5140 certa
663 5085 779 5140 scieritis
798 5084 881 5140 novit
924 5085 980 5148 Qui
997 5105 1052 5141 non
1078 5087 1206 5158 liturgiae
1222 5087 1383 5144 inertemis
1400 5094 1429 5144 et
1442 5090 1629 5162 corporalibus
1644 5091 1785 5148 sacrificiis
1797 5094 1915 5166 positae,

216 5174 383 5240 mandarat,
402 5172 526 5225 Domino
546 5191 601 5228 non
618 5174 778 5240 manducat,
798 5171 827 5225 id
848 5176 904 5239 est,
932 5172 978 5242 qui
998 5173 1052 5228 dis
1079 5174 1141 5229 ideo
1158 5175 1243 5229 etiam
1262 5175 1389 5247 liturgias
1408 5193 1460 5231 ior
1479 5177 1515 5232 ad
1534 5177 1717 5234 eucharistiae
1736 5179 1912 5239 administra·

217 5257 320 5312 crimen
337 5257 405 5310 illud
425 5257 550 5312 ciborum
568 5259 597 5312 in
616 5259 680 5331 lege
704 5257 826 5314 Mosaios
850 5259 1050 5330 praescriptum
1078 5261 1179 5316 tionem
1200 5260 1254 5316 fuit
1269 5263 1412 5331 translata,
1432 5264 1536 5335 quippe
1547 5264 1577 5319 in
1588 5281 1645 5337 qua
1660 5266 1787 5322 solennes
1805 5283 1914 5337 preces,

216 5341 307 5398 adhuc
325 5342 467 5412 observat,
497 5342 566 5397 iacit
588 5344 617 5398 id
643 5343 672 5397 in
695 5345 826 5398 honorem
848 5343 974 5409 Domini,
1002 5347 1050 5418 qui
1076 5349 1228 5421 gratimum
1255 5350 1392 5420 ιιιιοιιιι,
1414 5351 1505 5405 totius
1529 5351 1648 5407 hominis
1677 5355 1847 5411 consecratio
1886 5364 1915 5412 et

216 5427 361 5484 discrimen
379 5428 447 5483 illud
466 5430 616 5501 praecepit,
644 5430 718 5501 quod
739 5429 902 5503 abrogatum
922 5448 982 5488 esse
1001 5433 1048 5488 ad-
1075 5433 1202 5491 sacrificii
1214 5435 1241 5489 iii
1253 5453 1335 5491 cruce
1347 5453 1364 5490 a
1375 5436 1485 5491 Christo
1499 5439 1606 5507 peracti
1618 5440 1841 5497 commemoratio
1852 5440 1914 5497 fieri

214 5513 269 5569 lise
295 5513 410 5585 ignorat
446 5521 469 5571 3.
497 5515 577 5582 Quod
597 5515 736 5588 jejunium
762 5517 825 5575 huic
848 5516 980 5592 liturgiae
998 5521 1047 5576 ad·
1075 5522 1161 5578 soleat
1179 5527 1263 5594 atquc
1279 5521 1364 5578 ettam
1386 5521 1493 5583 debeat
1528 5522 1754 5582 Interimtsmsn
1771 5526 1914 5600 liturgiam
