4020 6014
204 119 266 180 ιιι
476 200 478 205 y
787 111 909 172 rocus
927 109 1131 170 vrcusmm
1148 110 1313 172 mamm

203 267 376 322 amaricent
389 266 942 338 puamrcortatorcmsaciiiuspatiatar.
967 268 1034 320 Oam
1059 265 1135 339 Ergo
1153 267 1239 322 multo
1261 266 1350 339 magis
1373 282 1446 321 unus
1469 263 1573 336 poterit
1595 262 1679 319 simu
1694 277 1756 318 esse
1772 260 1894 317 maritus

203 353 290 422 ipitur
316 354 367 407 hoc
386 361 507 423 tempore
526 371 558 409 eo
575 354 748 408 necescitati
771 370 817 407 rec
829 354 1033 423 propmmdmn
1059 359 1088 407 et
1105 353 1242 410 smerdos.
1277 356 1304 408 3.
1323 355 1421 429 Potem
1432 353 1563 422 pmstifcn
1572 352 1733 405 unitarum
1746 348 1896 402 miccium

203 441 321 493 redacta
344 438 394 508 sit,
420 449 450 492 ut
471 449 520 494 aut
544 442 724 510 conjupatue,
750 446 798 491 aret
821 439 1034 493 concubinarius
1058 456 1155 508 repere
1185 448 1211 493 ct
1236 441 1318 508 lonpe
1343 440 1450 508 lateque
1474 445 1603 508 patenter
1624 437 1751 504 ropioncc
1773 434 1896 504 politico

204 527 338 578 cacerdm
356 526 395 578 sit
417 528 621 592 admittenda,
648 528 710 594 quia
736 543 791 578 non
809 526 898 588 uidet,
926 524 1035 578 etiamsi
1059 527 1177 594 imperio
1204 542 1331 595 mersere
1360 532 1387 579 et
1415 523 1585 579 Christianis
1607 521 1787 592 principibus
1816 520 1896 586 lepos

204 610 276 679 quid
292 612 323 663 in
340 612 393 664 troc
410 612 542 680 coniupio
567 614 605 666 eit
621 613 803 681 incommodi,
829 611 946 664 minoris
963 610 1035 663 mali
1060 615 1140 668 dare.
1175 611 1251 684 Ergo
1273 610 1359 666 multo
1385 610 1495 665 facilius
1511 608 1613 680 poterit
1630 608 1758 663 sacerdos
1775 621 1895 677 parvam

204 696 314 749 ratione
326 699 488 767 enepotius
501 699 740 767 dipendumtetc.
766 696 845 751 Haec
861 697 953 752 omnia
968 695 1034 751 Cas·
1059 698 1192 753 ecclesiae
1221 714 1333 752 manum
1358 714 1472 769 pascere
1498 701 1527 751 et
1561 696 1643 749 simul
1671 693 1793 749 familiae
1825 707 1898 747 suae

204 782 313 838 eander.
333 783 461 838 Andreas
472 782 623 863 Dudithius
636 781 958 854 Quinque-Ecclesiensis
977 781 1034 851 epi·
1060 801 1195 855 praeesse.
1233 789 1257 839 t.
1283 784 1337 847 Qui
1365 788 1501 839 dimerunt
1523 800 1624 837 naeres
1648 799 1681 836 eu
1706 781 1848 851 episcopie
1869 785 1897 832 et

205 885 305 939 scopus
322 870 350 923 in
374 887 466 926 ιιιιιι.
483 870 520 923 ad
538 868 756 924 Maximilianum
775 868 813 923 II.
834 870 1035 939 imperatorem,
1061 886 1132 940 quae
1149 879 1302 940 napaei-emt
1321 872 1372 933 iic,
1389 887 1490 924 ncorea
1504 871 1573 939 piae
1590 870 1721 936 fuerunt,
1737 876 1769 921 nt
1785 868 1822 919 de
1838 884 1897 935 pa-

205 954 235 1009 in
251 946 314 1026 qua'
322 955 442 1011 rationes
460 955 556 1020 affert,
580 973 629 1010 cur
645 958 807 1026 episcopatu
824 962 853 1010 et
869 956 931 1009 aliis
948 954 1034 1008 hono·
1060 958 1194 1011 triarclie
1218 965 1243 1010 et
1265 957 1403 1026 apootolis
1429 957 1500 1010 nihil
1526 957 1647 1010 dicatur.
1689 953 1765 1024 Ergo
1783 952 1896 1007 licitum

205 1041 281 1095 ribus
299 1041 435 1097 abdicatis
460 1060 572 1097 uxorem
591 1043 713 1108 duxerit,
739 1043 812 1097 circa
835 1041 919 1097 finem
939 1042 979 1095 sic
995 1041 1034 1095 lo·
1061 1044 1203 1114 estquod
1229 1043 1269 1097 illi
1291 1043 1424 1099 feceruut
1468 1049 1492 1098 5.
1511 1041 1641 1113 Denique
1657 1040 1791 1110 probatur
1808 1055 1897 1109 expe-

114 1141 122 1156 ·
206 1128 313 1198 quitur:
337 1129 425 1182 Nullo
444 1146 567 1199 unquam
587 1138 709 1198 tempore
721 1130 759 1182 in
777 1130 836 1182 uita
856 1127 1034 1197 tranquillio-
1061 1129 1168 1184 rientia.
1203 1129 1275 1185 Nam
1294 1128 1349 1182 nisi
1365 1128 1484 1183 facultas
1500 1127 1619 1183 ducendi
1642 1131 1741 1182 uxo'res
1757 1125 1898 1180 reddalm

205 1229 264 1265 rem
282 1222 308 1266 et
319 1215 497 1280 pacatiorem
517 1216 640 1269 onimmm
657 1214 751 1282 latui,
764 1222 916 1283 postquam
935 1230 968 1267 ea
982 1213 1035 1266 iilo
1062 1215 1258 1284 sacerdotibus,
1275 1215 1367 1269 nullus
1379 1214 1505 1270 critfinis
1519 1214 1723 1279 scortationum,
1743 1211 1897 1288 adulterio·

205 1298 312 1368 impuri
329 1300 480 1353 coelibatus
499 1316 584 1354 coeno
601 1301 661 1353 Dei
683 1301 813 1364 beneficio
838 1315 975 1367 cnierpcre
992 1315 1035 1351 me
1061 1320 1123 1356 rum
1142 1310 1170 1356 et
1186 1301 1389 1369 veneficiorum,
1411 1301 1512 1372 quibus
1531 1299 1682 1355 reformidis
1703 1315 1754 1354 nec
1773 1297 1898 1367 Dantm,

204 1386 280 1439 ιιιιιι·
293 1385 411 1452 abjecta
421 1387 516 1456 impiis
529 1387 589 1440 iilis
605 1387 826 1455 copitationibua
840 1386 1036 1456 purpotajam
1061 1405 1113 1442 nec
1131 1388 1278 1458 Bocatius,
1302 1406 1354 1444 nec
1372 1386 1525 1442 Petrarcha
1543 1385 1671 1440 sufficiet
1705 1383 1897 1439 Bollarminus
1953 1375 1961 1395 ⁰

205 1471 373 1524 conscientia
389 1490 459 1535 mea,
478 1491 583 1541 mapna
596 1473 705 1526 mcum
722 1474 831 1542 efferor,
850 1474 927 1542 quod
944 1480 1036 1524 trans·
1060 1473 1109 1530 lib.
1128 1474 1163 1529 de
1179 1474 1306 1532 monach.
1324 1492 1347 1529 c.
1365 1479 1405 1530 38.
1421 1472 1449 1546 ξ
1460 1473 1558 1528 Dices:
1583 1471 1763 1526 Monaeticac
1778 1472 1898 1540 profec-

204 1555 293 1610 latum
312 1574 354 1610 nee
372 1559 454 1611 uideo
473 1559 504 1611 in
516 1566 676 1612 cunctorum
687 1559 828 1614 limninum
846 1575 989 1612 numerum
1004 1574 1036 1610 eu
1062 1561 1137 1614 aioni
1151 1577 1206 1630 per
1229 1577 1260 1614 ce
1278 1568 1304 1614 ct
1326 1576 1359 1613 cc
1377 1568 1482 1613 nmura
1503 1559 1549 1613 rei
1565 1565 1703 1627 repnpnat
1723 1556 1897 1626 conjupium,

204 1640 360 1706 infelicium
379 1651 473 1710 coetu,
497 1645 547 1712 qui
569 1644 732 1698 libidinibus
758 1653 785 1698 et
807 1646 881 1699 uitae
906 1644 1037 1698 cordibae
1062 1664 1118 1699 non
1135 1654 1226 1700 auum
1242 1654 1381 1715 rcpupnat
1397 1662 1449 1715 per
1466 1662 1496 1698 se
1516 1653 1543 1698 ct
1563 1662 1594 1698 ca
1613 1652 1718 1697 natura
1735 1642 1780 1697 rei
1795 1641 1898 1696 ordini

205 1729 417 1782 contaminati
405 1748 435 1782 in
452 1748 559 1785 mmma
577 1731 720 1799 impietate
737 1739 947 1800 consenescunt,
971 1748 1037 1798 quo·
1061 1749 1153 1800 aomo,
1170 1734 1222 1785 sed
1239 1749 1272 1784 ca
1289 1732 1351 1786 solo
1368 1733 1478 1785 demeto
1495 1731 1636 1787 molaniae.
1641 1728 1678 1768 θ

204 1832 268 1867 rum
293 1815 401 1868 animoc
426 1833 488 1869 cum
512 1825 650 1914 perpetuo
676 1817 832 1915 voluptutes
859 1826 885 1870 et
908 1818 1037 1886 impurae
1099 1825 1156 1875 347.
1191 1819 1286 1890 Atque
1309 1818 1379 1873 haec
1401 1827 1467 1874 sunt
1491 1817 1646 1873 ιιιιιιιιιιιι
1663 1821 1774 1871 nmtrae
1791 1814 1895 1868 funda·
1911 1814 2002 1858 11111

205 1900 386 1969 copitationec
409 1919 482 1954 nnnc
506 1902 536 1954 in
559 1902 645 1970 lanc,
668 1921 739 1956 nunc
766 1904 797 1956 in
822 1903 904 1957 tilam
925 1913 1037 1972 partem
1064 1913 1169 1973 menta,
1193 1905 1328 1977 aquibus
1347 1911 1496 1977 antequam
1519 1904 1556 1958 sd
1580 1909 1743 1974 argumenta
1762 1877 2006 1968 adema-2210„

206 1987 290 2055 quari
306 1988 411 2054 fluctus
428 1989 543 2086 puidam
570 1989 731 2058 impellant,
760 2006 792 2043 co
819 1991 932 2043 tandem
958 1990 1037 2052 defe-
1064 1992 1167 2046 riorum
1178 1992 1355 2047 dissolvenda
1364 2008 1539 2063 progressum
1549 1989 1689 2054 sacramus
1701 1987 1933 2044 notabimusl.¹¹
1910 1981 1933 2018 ¹¹¹
1926 1981 1993 2070 ΠΝ

206 2157 321 2222 uiduam
350 2159 438 2212 omnia
460 2160 570 2227 pemeria
590 2161 735 2225 mulieres,
762 2178 796 2214 ne
821 2115 894 2230 quiri
915 2160 1038 2214 ἀιιιιιιιι
1066 2164 1196 2235 conjugio
1213 2164 1388 2218 sacerdotum
1405 2162 1570 2218 sententiam
1593 2176 1778 2233 praegravare
1795 2175 1897 2213 conen·
1910 2132 2008 2227 1,0,,“,ι.“”

207 2245 316 2310 dicam,
342 2247 383 2298 ad
409 2253 535 2314 stuprum
560 2245 720 2314 solicitant,
741 2255 834 2300 scorta
852 2247 928 2300 alere
951 2263 1038 2315 eoque
1064 2257 1118 2305 tur.
1154 2249 1357 2320 stapletonus
1348 2267 1378 2303 111
1397 2248 1490 2306 relect.
1512 2249 1599 2320 princ.
1616 2248 1682 2302 fidei
1700 2245 1896 2303 doctrinalium

205 2331 369 2399 frequenter
380 2332 458 2384 nonu
469 2332 675 2386 incredentibus
685 2341 850 2401 percantare
863 2350 947 2402 quam
958 2350 1038 2386 mmm
1065 2342 1186 2392 controv.
1208 2344 1230 2392 1.
1253 2336 1287 2390 de
1305 2336 1403 2390 eccles.
1423 2353 1449 2407 q.
1475 2343 1499 2391 5.
1517 2342 1569 2391 art
1590 2342 1614 2390 2.
1634 2340 1747 2390 ιιιιιιιιι
1765 2331 1897 2388 cochlaei

207 2435 328 2486 cruorem,
346 2425 378 2470 ut
397 2418 508 2471 Paulae
521 2419 673 2487 praecipit,
692 2420 733 2471 ad
748 2419 894 2472 uitandam
906 2418 1038 2487 fornica·
1065 2420 1148 2476 fidem
1165 2422 1262 2485 refert,
1284 2422 1495 2476 Oarolstadium
1510 2422 1634 2492 primum
1652 2438 1684 2474 ec
1702 2419 1898 2474 cacerdotibuc

208 2504 310 2557 donem
326 2504 436 2557 tabere.
476 2503 551 2558 Huic
568 2503 714 2576 apologiae
742 2504 869 2574 adjunxit
887 2504 1037 2560 Dudithius
1062 2517 1128 2578 port
1144 2509 1376 2570 reformationem
1403 2528 1422 2562 a
1448 2509 1571 2562 Luthero
1598 2507 1759 2560 inchoatam
1783 2506 1897 2559 danim

208 2589 384 2660 libellum,'
377 2607 405 2644 m
433 2606 488 2662 quo
518 2590 701 2658 demonstrat,
730 2591 937 2645 matrimonium
964 2594 1039 2645 omni
1064 2613 1191 2664 immam,
1221 2601 1250 2649 et
1276 2595 1389 2666 quidem
1415 2611 1487 2648 auno
1513 2592 1615 2648 Christi
1644 2599 1718 2648 1525.
1742 2591 1896 2647 Cochlaeus

207 2676 348 2730 hominum
368 2677 466 2730 ordini
490 2678 551 2730 cmc
581 2678 737 2747 exceptione
763 2678 862 2731 divina
892 2678 951 2745 iope
974 2696 1038 2747 per·
1064 2681 1150 2750 addit,
1168 2683 1342 2735 Ιιιιιιιαιιοι
1363 2698 1418 2749 pro
1442 2680 1495 2734 illo
1519 2681 1652 2748 ooniupio
1674 2695 1773 2732 nouam
1793 2679 1897 2740 contin-

206 2763 321 2817 micsum
339 2781 412 2827 csce‚·
436 2764 466 2818 in
483 2763 663 2834 publicum
655 2782 678 2818 ιι
697 2763 788 2818 editus
807 2771 849 2819 est
869 2781 953 2834 opera
973 2764 1038 2829 Qui-
1064 2768 1285 2835 inremissam,
1307 2784 1391 2835 quam
1415 2769 1490 2820 etin
1508 2766 1597 2821 lucem
1612 2767 1696 2819 cdere
1712 2782 1770 2818 non
1780 2763 1897 2831 sinerint

205 2848 259 2904 riui
278 2849 391 2906 Βιιιιιιι
410 2849 583 2907 Offenbachii
609 2866 682 2904 anno
709 2856 783 2906 1610.
826 2849 937 2905 Alberti
955 2850 1034 2904 ducis
1064 2853 1154 2922 ueriti,
1174 2856 1255 2923 cujua
1272 2854 1389 2907 collecto
1399 2853 1495 2921 suerit
1518 2853 1637 2906 ιἰιιαιιι
1667 2854 1748 2907 Dour
1770 2853 1820 2920 qui
1837 2852 1897 2905 An·

205 2935 492 3008 Bavariaelegatusin
508 2936 624 2991 concilio
637 2935 803 2991 Tridentino
817 2935 904 2992 libere
917 2952 1038 3006 pronun·
1064 2942 1163 2993 dream
1181 2939 1392 2993 Oarolstodium
1411 2957 1445 2992 ea
1464 2939 1559 3006 pratia
1579 2941 1687 2993 donare
1706 2940 1840 3005 dipnatus
1858 2956 1897 3007 cc,

204 3021 299 3091 liavit,
329 3024 505 3077 sacerdotum
528 3022 735 3076 matrimonium
764 3039 814 3075 nec
835 3023 892 3091 lepi
916 3024 1038 3087 diuinae,
1064 3035 1095 3080 ut
1109 3027 1218 3098 primur
1236 3026 1317 3079 nulla
1344 3026 1439 3079 tabita
1453 3025 1590 3094 papistici
1605 3025 1680 3092 juria
1696 3026 1808 3078 ratione
1828 3041 1896 3077 uuo·

207 3125 257 3163 nec
279 3117 401 3162 ueterum
425 3110 607 3163 monumentis
633 3126 799 3178 repupnare.
844 3108 1037 3164 Ferdinandus
1064 3131 1124 3167 rem
1141 3131 1227 3166 αιιιιιι
1244 3112 1333 3177 finer-it
1351 3113 1465 3180 diacre,
1496 3112 1536 3164 da
1556 3126 1730 3179 quaeramus,
1749 3119 1781 3164 ut
1800 3127 1898 3163 omnes
1942 3174 1947 3190 Ι

207 3195 364 3266 imperator,
388 3194 526 3250 Henricus
546 3196 583 3250 Π.
613 3201 642 3249 ιι
669 3194 785 3250 Carolus
806 3195 857 3249 IX.
883 3193 1037 3250 Galliarum
1064 3200 1223 3252 sacerdotes
1239 3197 1738 3266 receptatanamcnteojucecctipia
1751 3204 1897 3266 requenter

206 3299 285 3354 reges
304 3284 333 3337 in
351 3283 467 3338 concilio
487 3282 649 3337 ‘tridentino
663 3300 714 3353 per
728 3298 792 3337 suos
806 3282 913 3352 legatos
926 3289 1037 3337 ιιιιιιιιι
1064 3286 1159 3354 eJ'cctit
1178 3285 1339 3339 concubina
1366 3291 1415 3336 aut
1440 3283 1543 3335 eudem
1572 3283 1665 3335 ductio
1683 3285 1724 3336 ad
1742 3283 1897 3352 lepitimum

205 3369 376 3436 laborarunt,
395 3379 426 3424 ut
443 3371 618 3424 matrimonii
638 3371 753 3423 ineundi
771 3370 926 3423 libertatem
946 3386 1036 3424 sacer·
1065 3372 1234 3425 consortium
1259 3370 1317 3424 tori
1336 3377 1533 3423 convertantur
1555 3373 1607 3423 etc.
1641 3368 1731 3422 Addit
1749 3369 1896 3441 sequentia

206 3455 317 3511 dotibus
340 3458 528 3528 impetrarent
566 3455 737 3511 “Tandem
760 3471 924 3526 oppugnare
941 3471 1037 3525 possu-
1064 3458 1164 3512 musae
1181 3457 1221 3511 sic
1240 3455 1384 3511 habuisse:
1408 3456 1488 3507 Decio
1513 3456 1544 3508 in
1567 3455 1668 3508 uirtute
1692 3462 1742 3507 tua
1760 3455 1895 3510 Andreae

205 3561 266 3598 mus
279 3542 477 3599 Bellarminum
498 3543 723 3599 exBellarmino.
759 3543 948 3613 Quaecunque
963 3543 1036 3597 enim
1065 3543 1265 3598 Oarolstodius
1281 3543 1385 3612 pandet
1408 3550 1434 3594 et
1450 3541 1574 3594 leuatur
1593 3541 1717 3594 tiammo
1736 3543 1896 3610 copulatur.

205 3637 370 3701 argumenta
390 3630 495 3701 profert
516 3630 564 3684 lib.
592 3639 616 3687 5.
642 3631 677 3684 de
699 3629 777 3684 Rom.
804 3635 881 3699 pont.
905 3646 927 3684 c.
955 3635 979 3686 9.
1006 3636 1038 3683 ut
1065 3629 1215 3701 subjungit
1238 3629 1363 3699 ejusdem
1385 3627 1538 3682 sententiae
1556 3632 1663 3681 secreta
1681 3634 1710 3681 ct
1731 3627 1897 3697 complenda

205 3716 317 3786 probet,
336 3734 392 3770 non
411 3733 580 3788 repugnare,
605 3715 763 3788 pontificem
781 3732 841 3771 esse
861 3716 942 3769 simul
960 3717 1034 3787 prin·
1064 3733 1097 3770 ac
1119 3715 1232 3771 tandem
1256 3731 1290 3770 er
1312 3714 1422 3769 infelice
1449 3730 1578 3768 successu
1595 3712 1762 3768 Carolstadii
1780 3713 1896 3785 colligit,

204 3803 295 3872 cipem
313 3802 483 3871 spiritualem
495 3807 523 3857 et
534 3803 715 3874 temporalem
732 3802 850 3873 alicujus
870 3803 1036 3873 provinciae,
1064 3805 1241 3858 cacerdotnm
1267 3802 1400 3870 conjupia
1426 3801 1561 3854 diuinitus
1585 3799 1749 3869 improbari.
1791 3799 1897 3855 Verum

206 3904 240 3943 ea
259 3887 350 3941 omnia
371 3903 422 3957 pro
446 3888 621 3943 sacerdotum
644 3890 775 3961 conjugio
795 3905 894 3960 urgere
913 3895 1037 3959 possunt.
1065 3887 1327 3961 peccatCochlaeus
1347 3894 1376 3941 et
1394 3904 1456 3941 eum
1476 3892 1586 3941 secutus
1598 3885 1778 3955 Stapletonue
1799 3892 1896 3941 contra

207 3978 232 4031 1.
244 3974 383 4027 Producit
397 3975 522 4042 exempla
536 3975 746 4044 Metelieedeci,
766 3977 854 4040 Noae,
872 3977 1039 4042 Amatam,
1065 3976 1196 4031 historiae
1215 3973 1305 4042 fidem,
1325 3991 1382 4028 non
1401 3974 1474 4027 enim
1495 3970 1691 4034 Carolstadius,
1711 3973 1760 4026 scd
1779 3972 1897 4027 Bartho

109 4048 112 4054 Δ
207 4062 312 4129 Icaaci,
325 4060 438 4125 iacobi,
458 4062 577 4128 Moysis,
596 4062 665 4115 Heli
681 4071 707 4115 et
715 4062 952 4115 Maccahaeorum
958 4065 1038 4132 prin·
1066 4064 1188 4118 lomaeus
1215 4060 1369 4115 Bernhardi
1393 4059 1610 4131 Kambergensls
1639 4059 1826 4130 praepositus,
1855 4059 1897 4113 vir

207 4150 299 4216 cipum
318 4147 403 4200 cimai
422 4154 447 4198 et
465 4164 633 4200 summorum
647 4149 820 4215 pontificum.
855 4148 896 4202 At
915 4148 956 4202 illi
976 4149 1038 4219 ipsi,
1067 4151 1129 4220 pius
1148 4158 1176 4204 et
1187 4148 1320 4217 cruditus,
1339 4164 1372 4202 eo
1384 4157 1516 4218 tempore,
1528 4165 1583 4217 quo
1602 4145 1742 4200 Lutherus
1753 4144 1784 4199 in
1797 4145 1897 4200 Patmo

208 4240 293 4306 atque
309 4232 379 4288 adeo
397 4249 491 4286 omnes
509 4233 607 4285 summi
625 4231 769 4302 pontifices
781 4233 842 4288 Deo
860 4233 942 4288 simul
960 4236 1038 4289 mini-
1066 4236 1236 4302 versabatur,
1254 4235 1360 4304 primus
1378 4252 1412 4289 ex
1429 4231 1621 4288 sacerdotibus
1638 4248 1749 4286 uxorem
1767 4231 1897 4287 duritas

207 4326 330 4376 stranmt
349 4328 378 4374 ιι
394 4318 496 4374 liberos
511 4336 544 4372 ex
563 4319 692 4390 conjugio
709 4327 898 4391 succeperunt,
918 4320 945 4374 id
964 4323 1037 4393 quod
1064 4322 1133 4377 facti
1163 4321 1206 4375 ιιιι
1236 4321 1371 4375 rationem
1400 4320 1429 4374 in
1453 4319 1556 4389 scripto
1581 4317 1755 4389 apologetico
1784 4318 1897 4388 publice

205 4414 284 4463 tanto
311 4407 426 4469 ceruus,
457 4410 561 4476 quanto
582 4405 726 4470 incertius,
750 4407 826 4477 quod
854 4408 1037 4463 Bellurminus
1064 4407 1199 4477 reddidit,
1224 4408 1300 4478 quod
1326 4411 1415 4462 exstat
1441 4412 1506 4461 tom.
1536 4411 1560 4461 2.
1587 4421 1662 4476 oper.
1690 4404 1753 4460 Lat.
1781 4404 1896 4461 Jcnena

205 4495 240 4549 de
260 4493 316 4547 illis
335 4492 448 4561 assent,
468 4509 532 4546 cum
551 4491 626 4556 Noe,
651 4492 807 4561 Abraham,
828 4494 922 4564 Isaac,
946 4494 1035 4550 Jacob
1064 4492 1179 4549 Lutheri
1199 4509 1232 4548 ac
1248 4493 1351 4548 citatur
1368 4480 1544 4549 u'Nevimno
1564 4491 1593 4545 in
1621 4491 1691 4545 silva
1709 4491 1829 4561 nuptiali
1846 4491 1897 4544 im-

204 4579 404 4636 contexerint
428 4579 482 4633 nisi
505 4578 611 4648 amplas
634 4595 698 4632 suas
723 4578 843 4635 familias
868 4598 919 4636 uec
938 4583 1036 4637 summi
1063 4597 1158 4652 pressa
1181 4579 1305 4634 Venetiis
1330 4594 1402 4633 anno
1427 4582 1501 4632 loto.
1526 4576 1546 4633 f.
1573 4581 1613 4632 et.
1640 4577 1721 4646 cujus
1739 4575 1896 4631 Bernhardi

203 4669 368 4736 sacerdotes,
389 4667 437 4721 sed
455 4665 606 4737 prophetae
624 4665 735 4720 fuerint.
766 4673 790 4722 2.
809 4666 901 4722 Affert
915 4676 1035 4740 quatuor
1062 4665 1203 4720 familia
1195 4684 1224 4719 m
1255 4664 1303 4719 illo
1335 4664 1438 4734 oppido
1469 4669 1497 4718 et
1525 4664 1619 4734 ampla
1645 4670 1674 4718 ιι
1704 4664 1770 4718 felix
1799 4664 1896 4719 evasit

203 4754 336 4819 rationes,
363 4770 432 4825 quas
458 4752 574 4808 totidem
598 4751 689 4807 verbis
716 4759 813 4806 contra
835 4753 1033 4810 Bellerminum
1063 4752 1298 4822 2.Ipnominioca
1307 4752 1383 4803 dicta
1385 4749 1505 4820 ,quibus
1518 4749 1679 4821 conjugium
1692 4749 1894 4803 sanctissimam
1908 4750 1927 4791 2
1942 4752 2009 4800 luno-

202 4846 361 4911 retorquerc
380 4854 532 4908 possumus.
574 4844 596 4894 1.
617 4838 813 4893 Sacmdotimn
831 4847 857 4892 ct
876 4842 1034 4910 conjupium
1061 4839 1136 4893 illam
1162 4837 1217 4891 Dei
1241 4837 1442 4892 ordinationem
1467 4837 1604 4907 impetunt
1623 4852 1707 4906 seque
1727 4833 1895 4892 Antichristi
1908 4805 2009 4896 uniit&

202 4943 258 4979 non
275 4932 339 4976 cunt
358 4928 511 4988 contraria,
529 4927 581 4979 ced
597 4933 743 4993 urumque
761 4924 869 4992 bonum,
887 4916 1194 4994 utrumquelsatellites
1212 4940 1245 4978 eo
1257 4941 1317 4993 rpso
1330 4924 1527 4988 demonstrant,
1546 4923 1580 4980 de
1592 4941 1647 4994 quo
1659 4922 1732 4978 Dan
1754 4928 1794 4988 11,
1812 4938 1838 4976 v.
1852 4927 1895 4978 37.

203 5031 222 5066 a
240 5014 321 5079 Deo,
346 5019 492 5079 utrumpee
515 5012 660 5066 laudabile
685 5019 712 5066 ct
729 5029 814 5065 unum
832 5011 919 5064 alteri
940 5013 1032 5065 seruit.
1060 5011 1244 5082 praedictum,
1263 5009 1337 5081 quod
1357 5014 1399 5064 ad
1415 5012 1586 5066 deciderium
1603 5027 1637 5063 ac
1655 5026 1777 5063 aucorem
1797 5009 1894 5062 mulie·

201 5097 277 5167 Ergo
294 5085 349 5151 non
368 5102 496 5167 pugnant
518 5098 590 5152 inter
614 5104 690 5154 sect
708 5097 790 5152 simul
808 5097 838 5151 in
855 5096 954 5151 eodem
974 5113 1034 5152 esse
1060 5116 1137 5166 mun,
1162 5096 1216 5152 hoc
1234 5105 1276 5151 est
1300 5097 1336 5151 ad
1351 5096 1498 5154 honestum
1516 5105 1545 5153 et
1562 5097 1668 5151 licitum
1687 5111 1809 5151 amorem
1826 5112 1891 5149 con·

201 5190 325 5253 possunt
370 5186 396 5236 2.
423 5183 523 5251 Mopis
549 5186 663 5238 diuersa
696 5192 761 5238 cunt
787 5202 848 5254 pac
876 5191 902 5237 et
932 5183 1033 5236 bellum
1057 5183 1199 5254 jugalem,
1226 5199 1282 5236 nou
1307 5183 1344 5238 sit
1367 5185 1489 5239 animum
1511 5182 1701 5250 adhibiturus,
1725 5183 1774 5236 sed
1800 5182 1894 5252 potius

201 5286 284 5338 quam
304 5271 465 5339 conjupium
492 5267 519 5322 'et
538 5272 735 5325 caeci-dotium.
771 5272 811 5324 At
826 5287 899 5323 anns
916 5277 942 5322 et
959 5270 1034 5322 idem
1062 5268 1154 5340 specie
1178 5270 1333 5325 sanctitatis
1359 5272 1476 5326 eundem
1500 5267 1691 5339 prohibiturus
1719 5274 1741 5324 l.
1766 5268 1838 5324 Tim.
1867 5274 1894 5332 4,

200 5372 251 5408 rea
266 5365 379 5425 praem
402 5355 515 5409 senatui
532 5364 560 5409 et
578 5358 723 5422 ιιιιιιιιιι,
738 5357 842 5426 topatiis
861 5364 887 5410 ot
906 5356 1032 5410 arniatia
1062 5374 1088 5412 v.
1113 5363 1138 5411 3.
1181 5356 1294 5412 Siricius
1320 5357 1438 5428 epistola
1459 5362 1485 5410 4.
1506 5361 1535 5408 ιι
1556 5353 1735 5410 Innocentius
1761 5355 1842 5425 epist
1869 5361 1894 5409 3.
