4020 6014
659 390 712 445 DE
732 390 984 448 MAGISTRATU
1002 392 1189 451 POLI'I'ICO.
1713 410 1773 464 325

75 541 265 594 antecessoris.
303 546 327 597 6.
352 542 436 611 Apud
462 544 569 596 Persae
594 544 693 599 delecti
714 544 825 613 judices
851 561 912 614 per·
939 547 1067 615 publicae
1086 552 1173 602 status
1199 549 1285 603 fuisse
1312 550 1422 604 videtur
1445 551 1496 605 snb
1520 552 1646 623 regibus;
1672 555 1773 607 arieta-
1787 564 1844 605 1111.
1854 563 1902 609 tte.

76 631 161 693 petuo
182 626 210 680 id
227 643 328 681 munus
348 627 488 690 obtinent,
519 629 573 683 nisi
596 629 691 685 delicti
708 630 827 700 alicujus
848 648 912 684 con·
939 635 1062 687 cratian
1080 635 1131 689 sub
1150 636 1305 691 senioribus
1325 645 1354 690 et
1370 638 1491 692 tribuum
1508 639 1688 709 principibus,
1709 657 1772 693 eum

74 709 142 763 vieti
160 711 270 774 fuerint,
289 711 447 766 Herodotus
467 712 484 768 l,
505 719 528 768 3.
547 732 573 782 p.
599 720 639 770 83.
675 715 911 786 Distinguendum
939 719 1062 772 nandum
1081 738 1129 774 rex
1143 722 1409 792 essetcoustitutus3
1428 727 1640 793 dernocraticaa,
1661 726 1773 795 quanda

79 803 99 849 1.
118 795 190 850 inter
201 798 396 865 mapietratam
407 817 543 852 mmmam
560 809 586 853 et
603 801 756 864 inferiores
763 822 775 866 ‚·
794 807 817 856 2.
841 800 912 855 iuter
939 821 971 858 es
991 806 1124 875 suffragio
1142 807 1227 860 totius
1249 808 1344 876 populi
1368 806 1403 862 de
1427 826 1535 863 summa
1558 827 1649 864 rerum
1668 817 1773 866 statue·

74 887 178 936 etatum
202 882 372 952 reipublicae
397 886 606 939 nonar-cattam
636 895 661 939 et
684 888 910 956 palparclicam3
939 889 1029 944 batur.
1069 891 1134 946 lud.
1164 898 1205 947 20.
1233 899 1262 946 et
1285 900 1324 947 tt.
1361 893 1417 958 Qui
1436 894 1609 949 dichetomiis
1634 897 1772 951 delectau-

74 977 99 1024 3.
118 970 191 1023 inter
211 969 283 1022 cives
303 971 480 1039 inaequales,
505 989 622 1042 quorum
650 973 762 1042 quidam
782 973 819 1027 ad
839 973 910 1043 regi·
938 983 1001 1044 tur,
1028 977 1138 1046 politiae
1165 978 1287 1034 dividere
1307 985 1424 1049 possunt
1442 981 1471 1033 in
1488 989 1580 1033 rectas
1600 987 1630 1035 et
1646 984 1771 1038 uitiosae.

75 1072 138 1110 meu
160 1054 251 1108 minus
280 1055 386 1120 idonei,
416 1062 445 1109 et
471 1058 605 1126 aequales
626 1058 687 1127 pari
711 1059 860 1128 prudentia
883 1067 912 1112 et
941 1063 1142 1124 Hectoreum,
1172 1080 1243 1133 quae
1261 1063 1418 1134 publicum,
1436 1067 1566 1132 uitiosae,
1592 1084 1665 1136 quae
1682 1068 1772 1136 prisa-

74 1140 211 1211 regnandi
249 1140 364 1194 scientia
399 1141 555 1196 instructas.
600 1143 740 1212 Respecto
767 1142 911 1213 magistra·
938 1155 997 1200 tum
1015 1147 1118 1200 bonum
1136 1148 1293 1217 respiciunt.
1331 1149 1364 1202 ln
1382 1150 1465 1204 rectis
1490 1152 1613 1220 regimen
1638 1158 1667 1205 et
1686 1153 1770 1222 juris·

77 1233 122 1280 tus
142 1226 241 1279 summi
270 1226 297 1280 in
322 1227 496 1281 monarchico
513 1228 682 1296 reipublicae
702 1236 776 1282 statu
797 1237 824 1283 et
840 1227 912 1282 inter
937 1233 1022 1288 dictio
1042 1239 1084 1287 est
1101 1240 1150 1287 aut
1163 1249 1252 1301 penca
1270 1252 1362 1297 antem,
1382 1240 1430 1288 ant
1444 1253 1531 1303 penes
1548 1238 1652 1304 plnres,
1669 1254 1772 1308 eosque

74 1311 148 1364 cives
175 1311 334 1381 inaequales
361 1319 485 1381 praestat
511 1312 704 1382 magistratum
727 1330 786 1368 esse
813 1329 910 1381 perpe·
938 1318 982 1371 vel
1001 1319 1148 1386 optimates
1165 1320 1208 1374 vel
1224 1337 1326 1386 amnes,
1345 1322 1419 1375 uude
1436 1327 1526 1376 status
1543 1323 1710 1393 reipublicae
1727 1325 1772 1378 vel

74 1404 168 1459 tuum;
186 1403 313 1466 respectu
332 1397 491 1451 inferiorum
511 1398 721 1469 magistratuum
742 1407 771 1453 et
788 1399 816 1451 in
836 1406 910 1452 statu
923 1402 925 1409 '
937 1411 980 1457 est
1000 1405 1203 1473 nsanaralricaa,
1221 1406 1264 1460 vel
1274 1407 1484 1475 polycraticus,
1506 1408 1585 1479 isque
1605 1408 1650 1462 vel
1669 1410 1771 1461 arista-

74 1482 246 1551 reipublieae
264 1483 453 1537 aristocratica
471 1500 504 1536 ae
522 1483 720 1550 democratieo,
744 1501 777 1538 ac
796 1485 910 1554 quaudo
937 1490 1359 1559 crartan,ve1demoaaacm.
1399 1493 1507 1559 Quibus
1530 1500 1707 1564 opponuntur
1731 1502 1772 1549 to·

73 1568 148 1622 cives
178 1573 243 1621 sunt
271 1569 416 1638 aequales,
446 1568 658 1623 ambulatorium
694 1576 816 1639 praestat
850 1576 1022 1690 esse,tidem
1060 1577 1167 1645 species
1202 1578 1363 1632 vitiosarum
1410 1580 1676 1648 rerumpublicarum
1712 1581 1771 1635 sive

75 1652 276 1723 magistratum.
937 1661 1143 1734 παρεκβάσεων.
1188 1662 1426 1726 Quemadmodum
1451 1665 1523 1719 enim
1542 1665 1624 1732 ferro,
1661 1665 1770 1737 rubigo,

921 1705 1013 1818 iligna
1031 1748 1174 1802 vermiculi
1198 1766 1233 1803 ac
1249 1750 1394 1804 teredones
1418 1749 1598 1806 adnascuntes
1620 1753 1770 1821 perniciem
1839 1781 1841 1783 >

921 1805 1071 1895 lafferunt,
1100 1840 1129 1889 ct
1152 1852 1311 1906 quanquam
1337 1845 1453 1891 externa
1475 1843 1578 1891 cuneta
1605 1844 1772 1892 nocumenta

321 1925 340 1983 s
359 1925 384 1983 Ε
403 1925 499 1985 οΤῙ
519 1927 541 1986 0
577 1925 653 1985 111,
936 1919 1085 1989 effugiant,
1113 1922 1149 1974 ab
1167 1922 1228 1977 istis
1243 1929 1350 1989 tamen,
1368 1937 1439 1992 quae
1457 1923 1561 1976 adnata
1580 1930 1659 1987 suut,
1687 1925 1768 1979 absu-

936 2013 1060 2071 muntur,
1093 2006 1146 2059 hoc
1164 2015 1247 2075 pacto
1274 2014 1301 2061 et
1326 2008 1494 2077 reipublicae
1518 2008 1633 2079 cuilibet
1654 2026 1704 2079 pro
1722 2028 1770 2066 na·

10 2147 12 2156 ¹
73 2080 144 2143 DE
176 2079 354 2145 VARIIS
375 2081 907 2147 RERUMPUBLICARUM
935 2097 998 2143 tura
1028 2091 1115 2160 ipsius
1143 2093 1279 2161 quaedam
1299 2093 1459 2147 adnascitur
1482 2101 1511 2148 et
1536 2095 1669 2148 adhaeret
1687 2112 1769 2164 pecu·

173 2182 368 2248 FORMIS
398 2182 461 2247 AC
491 2183 800 2248 GENERIBUS¹
935 2176 1009 2229 liaris
1039 2177 1161 2244 malitis,
1196 2178 1224 2230 in
1258 2194 1340 2248 quam
1364 2177 1447 2232 focile
1479 2180 1643 2249 degenerat,
1673 2188 1770 2251 utpote

935 2277 1022 2331 regna
1040 2262 1175 2332 tyrannis,
1193 2263 1385 2317 aristocratiae
1402 2263 1564 2334 aligarchia,
1585 2265 1770 2323 democratiae

10 2398 26 2423 ,,
110 2356 165 2404 tar.
203 2348 366 2405 Aristotelea
392 2356 408 2404 1.
427 2358 449 2403 3.
476 2352 532 2420 pol.
558 2369 581 2405 e.
603 2358 628 2406 1.
648 2355 762 2406 secutus
781 2351 904 2406 Herodo-
936 2347 1113 2423 ochlocratia,
1136 2348 1271 2417 Polybius
1298 2348 1345 2403 lib.
1365 2355 1388 2403 a.
1410 2348 1459 2402 ubi
1481 2350 1647 2419 notandum,
1676 2354 1769 2406 ιίσαισ·

71 2442 130 2488 turn
150 2435 177 2487 in
198 2435 277 2488 Thal.
296 2438 445 2491 Isocratem
457 2445 525 2491 arat
545 2443 569 2491 3.
582 2437 618 2490 ad
637 2436 742 2491 Nicocl.
760 2436 906 2492 Platonem
934 2435 1041 2486 cratiae
1066 2451 1161 2488 vocem
1187 2449 1247 2488 esse
1272 2433 1300 2488 la
1326 2438 1379 2487 rain
1397 2435 1426 2487 lv
1438 2438 1515 2507 μίσῳ
1541 2440 1686 2504 κειμένων.
1722 2440 1769 2493 Ab

71 2528 95 2576 8.
116 2521 150 2574 de
176 2521 280 2590 republ.
302 2531 330 2576 et
349 2522 418 2576 alias
436 2528 542 2577 veteres
565 2529 621 2577 tres
642 2528 786 2577 enumerat
803 2540 905 2578 rerum·
933 2519 1083 2573 Aristotele
1103 2519 1174 2574 enim
1192 2519 1309 2573 sumitur
1332 2520 1360 2573 in
1384 2521 1485 2573 malam
1502 2528 1609 2590 partem
1629 2540 1679 2591 pro
1699 2545 1769 2595 παρ-

69 2607 243 2677 publicarum
271 2607 457 2677 legitimarum
482 2608 597 2678 species.
641 2607 711 2661 Cam
740 2610 905 2678 paternella
933 2604 1041 2670 εκίίάσει
1067 2609 1218 2672 πολιτείας,
1242 2604 1279 2658 ab
1297 2605 1358 2658 aliis
1373 2622 1438 2658 vero
1451 2607 1630 2676 scriptoribus
1647 2609 1768 2678 politicis

69 2695 191 2747 civitatis
208 2693 317 2764 (inquit)
335 2701 360 2747 et
375 2695 497 2760 repimen
509 2695 585 2748 idem
598 2695 764 2764 sipnificeat,
781 2696 905 2765 repimen
932 2692 961 2744 in
980 2691 1082 2746 bonam
1101 2708 1151 2760 pra
1170 2691 1253 2745 tertia
1271 2691 1441 2760 reipublicae
1457 2699 1550 2746 rectae
1568 2694 1669 2762 specie,
1690 2697 1765 2764 quod

68 2789 161 2832 antem
179 2781 216 2831 sit
230 2787 357 2847 pateatne
377 2780 506 2847 civitatis,
530 2787 712 2845 amassent,
741 2789 905 2849 palestinam
931 2778 1022 2846 ipsum
1042 2777 1125 2831 edam
1138 2777 1173 2830 de
1194 2776 1354 2843 tyrannidis
1371 2777 1556 2845 appellatione
1577 2778 1735 2836 dicendum.

67 2866 232 2934 ltajaamadi
250 2872 299 2917 nat
312 2881 400 2932 penes
419 2883 504 2917 anam
522 2881 594 2934 estc,
615 2875 663 2918 aat
679 2882 768 2935 penca
787 2884 904 2936 patmos,
968 2867 1025 2918 132,
1055 2864 1101 2916 An
1120 2870 1229 2931 praeter
1246 2863 1329 2916 hasce
1346 2868 1403 2916 tres
1428 2864 1695 2934 rerumpublicarum
1709 2866 1764 2920 far·
1779 2867 1797 2908 ¹·
1805 2868 1837 2908 sn
1848 2871 1914 2957 aptus

66 2960 116 3004 ant
136 2969 223 3020 penae
248 2950 357 3003 meritas.
397 2950 517 3011 (ίασιιιίσ
543 2950 630 3018 ipitar·
658 2969 729 3004 anas
752 2953 797 3006 ael
815 2954 905 3021 panai
931 2965 1004 3015 mas,
1030 2964 1099 3018 quas
1122 2954 1223 3002 vocant
1239 2947 1390 3016 simplices,
1417 2949 1498 3003 detur
1517 2950 1609 3004 adhuc
1628 2953 1765 3021 quaedam
1779 2930 1877 3011 iirbis'

66 3040 110 3091 vel
128 3038 211 3090 malti
227 3052 394 3088 catrtntancm
414 3036 564 3089 utilitatem
587 3038 617 3089 in
642 3038 844 3106 paternatiane
862 3056 903 3091 se·
931 3034 1025 3101 mista,
1047 3034 1147 3087 acriter
1167 3033 1381 3088 controvertitur
1398 3035 1469 3090 inter
1487 3035 1629 3107 politicos,
1650 3036 1763 3107 quibus·
1779 3022 1857 3062 Μ·

69 3132 208 3193 quantur,
231 3124 282 3175 liae
305 3139 364 3175 esse
387 3132 479 3175 rectas
496 3124 769 3192 rerampallicannn
788 3123 903 3194 speeies,
931 3120 995 3173 dam
1013 3119 1225 3187 affirmantibus,
1244 3127 1275 3174 ut
1286 3125 1371 3187 Mora,
1390 3120 1554 3184 Castorem,
1573 3122 1765 3192 Macbiavello,

65 3211 115 3271 ’τὰς
130 3209 221 3283 ὀρθὰς
238 3212 378 3268 πολιτείας
397 3204 475 3273 εἶναι,
495 3226 604 3262 necesse
615 3218 667 3278 cst,
684 3212 798 3279 quanda
811 3218 904 3263 oseem
930 3206 1043 3274 Frisio,
1062 3205 1110 3276 qui
1128 3222 1162 3259 ex
1182 3204 1334 3272 Herodoto,
1353 3205 1517 3263 Aristotele.
1536 3208 1655 3278 Polybio
1675 3215 1704 3264 et
1720 3209 1764 3263 Ci-

66 3299 108 3349 arl
121 3296 273 3365 propriam
292 3295 443 3348 utilitatem
460 3294 505 3347 ael
522 3295 605 3347 anina
623 3296 668 3347 ael
684 3313 842 3365 paaoaram
859 3297 903 3349 nel
929 3309 1028 3346 eamne
1055 3309 1121 3346 snae
1151 3293 1305 3346 sententiae
1337 3291 1422 3345 robur
1456 3309 1590 3362 quaerere
1629 3295 1764 3351 nituntur.

66 3383 257 3436 multitudinis
276 3383 459 3450 pabernatar,
477 3382 714 3449 transgressiones
732 3389 798 3435 sant
816 3390 842 3434 et
860 3383 901 3437 la
931 3381 1029 3433 Petrus
1056 3377 1172 3448 Gregor.
1200 3377 1228 3430 in
1255 3384 1328 3447 synt.
1354 3385 1404 3432 art.
1425 3377 1522 3432 mirab.
1550 3378 1610 3433 libr.
1637 3386 1677 3434 21.
1697 3397 1720 3434 c.
1740 3387 1764 3435 l.

65 3470 119 3535 bes,
136 3466 325 3539 παρεκβάσεις.
366 3469 472 3521 Vocare
491 3475 584 3520 antem
610 3468 816 3535 camaeaimaa,
840 3486 902 3521 cam
930 3465 1031 3519 mixtae
1050 3463 1219 3534 reipublicae
1235 3463 1390 3532 exemplum
1408 3464 1536 3533 proponit
1548 3465 1576 3517 in
1595 3465 1764 3520 Venetorum

66 3571 138 3605 ιαιαο
153 3555 195 3604 ari
221 3551 370 3605 utilitatem
394 3569 563 3606 commeream
588 3553 741 3624 reepicicas
758 3555 901 3622 palernat,
929 3551 1087 3621 republica,
1119 3568 1201 3620 quarn
1226 3567 1258 3603 ex
1281 3549 1447 3604 democratia
1467 3554 1495 3603 et
1508 3549 1680 3605 aristocratia
1697 3552 1764 3605 rr‘rix·

64 3638 173 3707 rapiam
203 3646 381 3706 patestatem,
416 3645 574 3707 βασιλείαν,
615 3657 676 3691 cam
712 3656 777 3692 ocra
814 3641 905 3709 pauci
930 3644 986 3691 tam
1016 3645 1122 3705 censet3
1150 3635 1315 3706 quibusdam
1342 3652 1407 3688 vero
1435 3634 1620 3705 negantibus,
1647 3654 1763 3708 quarum

65 3724 235 3792 palernam,
263 3724 363 3795 plores
390 3731 482 3776 tamen
507 3743 581 3788 ana,
615 3725 790 3794 optimatium
806 3727 903 3794 paler·
930 3732 1023 3794 partes
1035 3728 1194 3791 propugnat
1206 3721 1330 3775 Bodinus
1342 3721 1389 3777 lib.
1402 3726 1425 3775 2.
1437 3722 1471 3776 de
1482 3723 1579 3791 repub.
1590 3741 1613 3779 e.
1631 3730 1652 3780 1,
1666 3741 1693 3777 u.
1706 3730 1765 3780 116.

65 3811 176 3876 tionem,
196 3807 417 3883 ἀριστοκραιίαν,
436 3808 479 3861 ael
496 3826 529 3862 ea
548 3826 594 3879 eo,
612 3812 680 3878 qaia
703 3812 804 3879 optimi
816 3829 902 3883 prae·
931 3808 1064 3873 Quamvis
1082 3823 1147 3860 vero
1165 3807 1219 3861 hae
1237 3807 1343 3876 speeies
1361 3807 1432 3862 inter
1445 3825 1474 3862 se
1495 3808 1663 3862 misceantur
1675 3810 1764 3874 inten-

66 3904 144 3956 nint.
170 3896 214 3949 ael
231 3911 264 3947 ea
283 3912 330 3959 ea,
354 3895 421 3963 atria
440 3898 482 3948 ad
501 3896 633 3965 optimum
649 3898 796 3965 publicam
814 3899 902 3951 admi·
931 3894 1021 3950 dendo
1040 3909 1073 3948 ac
1091 3892 1274 3960 remittendo,
1302 3909 1411 3962 semper
1438 3900 1531 3948 tamen
1552 3895 1709 3962 praeminet
1729 3914 1764 3950 aa

66 3984 207 4048 nietrant,·
237 3999 299 4033 cam
325 3988 418 4033 autem
444 3982 594 4035 multitado
621 3983 757 4052 paler-nat
772 3986 813 4037 ad
831 4001 901 4037 eam·
927 3982 1143 4051 praeponderat
1161 3998 1228 4047 aaa,
1248 3996 1266 4034 a
1285 3997 1340 4049 qua
1358 3978 1432 4032 illius
1445 3979 1632 4034 denominatio
1651 3981 1763 4051 petitur.

70 4085 177 4120 manem
196 4067 360 4134 utilitatem,
378 4075 495 4122 vacatur
512 4071 653 4122 cammani
668 4071 778 4123 nomine
796 4086 902 4123 reram·
931 4068 1031 4122 Penus
1056 4064 1172 4136 Gregor.
1194 4064 1242 4120 lib.
1272 4071 1296 4118 5.
1320 4066 1355 4120 de
1379 4065 1486 4134 republ.
1513 4082 1574 4136 cap.
1603 4073 1624 4121 1.
1643 4084 1719 4120 num.
1738 4075 1762 4123 3.

63 4154 245 4223 pollicarem
273 4155 395 4207 amnium
418 4155 591 4225 respublica,
624 4158 757 4211 saltreia.
799 4157 902 4210 Prola-
930 4153 1044 4224 Lipsius
1072 4152 1119 4208 lib.
1147 4157 1171 4205 2.
1198 4150 1274 4221 polit.
1305 4168 1366 4221 cap.
1393 4157 1416 4209 2.
1453 4153 1605 4208 Arniseeus
1631 4153 1659 4206 in
1685 4153 1763 4223 polit.

66 4242 169 4291 lantar
194 4253 258 4289 vera
284 4256 319 4290 aa
344 4241 593 4306 traneprcdinntar
616 4241 781 4308 huiuamodi
796 4243 902 4310 species
929 4258 990 4311 cap.
1009 4246 1033 4296 8.
1053 4257 1081 4309 p.
1098 4243 1154 4292 162.
1173 4237 1259 4292 talem
1271 4236 1410 4292 mistionis
1425 4238 1536 4292 modum
1549 4238 1607 4293 dari
1623 4254 1703 4308 posse
1722 4239 1762 4291 di·

66 4344 100 4379 ec
118 4325 200 4394 sepia
218 4325 419 4390 paternatiane
438 4327 469 4379 ia
487 4328 678 4395 tyrannidem,
705 4344 737 4380 aa
761 4329 902 4396 optimati·
929 4332 1039 4397 sputat‚
1065 4339 1121 4394 quo
1145 4325 1219 4392 jara
1244 4324 1402 4391 majestatis
1426 4331 1589 4394 separantur
1613 4331 1640 4378 et
1655 4323 1764 4378 diversa

67 4414 118 4464 bas
136 4411 167 4463 in
182 4426 340 4480 paucarum
355 4413 528 4482 potentiam,
546 4430 578 4466 ea
597 4413 744 4482 republica
763 4421 855 4467 autem
872 4415 902 4466 in
930 4411 1045 4467 diversis
1076 4409 1194 4465 statibus
1228 4410 1431 4473 attribuuntur,
1465 4416 1561 4479 utpote
1592 4409 1615 4461 si
1637 4408 1763 4476 popalus

63 4498 235 4567 papularem
253 4503 364 4564 atatam,
382 4497 399 4563 ἡ
417 4503 547 4567 τυραννίς
563 4503 733 4569 πσρίιιβασίς
750 4499 807 4554 lars
824 4506 901 4568 βασι·
929 4497 1032 4553 habeat
1048 4511 1143 4550 curam
1161 4494 1261 4549 aerarii
1279 4494 1392 4564 publici,
1409 4502 1521 4547 serratas
1539 4493 1573 4546 iis
1588 4493 1671 4548 rebus
1684 4510 1762 4562 prae·

66 4589 148 4651 λείας,
179 4582 326 4653 ὀλιγαρχία
354 4583 384 4635 lt
414 4581 638 4657 ἀριστοκρατίας,
667 4587 841 4659 δημοκρατία
870 4587 899 4639 al
928 4582 1054 4650 finiatur,
1080 4597 1152 4652 quae
1169 4580 1287 4633 maxime
1307 4579 1433 4650 indigent
1455 4577 1616 4646 prudentia,
1643 4585 1674 4633 ut
1697 4585 1763 4632 eunt

66 4674 213 4727 ποίιιιίας,
256 4667 447 4734 Tyrannirlem
465 4669 536 4723 enim
556 4687 614 4724 erse
634 4672 755 4725 dicimus
775 4673 901 4725 ‹tamina-
925 4668 1034 4739 judicia
1052 4664 1180 4737 publiea,
1202 4667 1338 4735 princeps
1361 4681 1425 4719 vero
1453 4663 1557 4720 habeat
1579 4680 1714 4718 summam
1734 4669 1762 4717 et

66 4765 122 4809 lam
155 4755 238 4807 reniae
268 4756 309 4805 ad
335 4754 485 4822 propriam
514 4759 687 4810 carnmadam
719 4758 898 4816 tannasara:
928 4753 1155 4825 perfectissimam
1168 4758 1341 4822 potestatem.

64 4859 221 4911 paucarum
249 4848 341 4893 aretem
354 4839 527 4910 potentiam,
554 4858 616 4894 cnm
639 4845 681 4895 ad
696 4844 900 4912 opulentiarum
966 4845 1022 4895 133.
1047 4839 1107 4895 Nec
1127 4837 1232 4893 minare
1251 4845 1352 4891 conatu
1373 4834 1516 4905 quaeritur
1533 4835 1605 4889 iuter
1623 4834 1759 4904 politicos,
1772 4841 1870 4932 29⁰3?

67 4928 242 4981 commodam
261 4927 452 4995 palarentur-,⁰
474 4926 646 4997 paparionem
671 4936 765 4982 autem
790 4937 901 4996 statam,
923 4914 1065 4996 ’σαιισοσαι
1076 4926 1174 4989 forata
1187 4923 1359 4992 reipublicae
1375 4921 1494 4988 reliquia
1511 4921 1548 4974 sit
1556 4923 1760 4990 praeferenda.
1775 4905 1847 4984 iiiiii.
1859 4925 1888 4985 s'n

66 5032 128 5066 aum
148 5016 189 5066 ool
209 5015 382 5067 commodam
401 5027 558 5080 spanorum.
605 5012 684 5068 Haec
707 5012 901 5084 Philosophus,
928 5009 1106 5068 Monarchiae
1128 5011 1232 5080 primas
1261 5006 1388 5063 tribuunt
1414 5006 1539 5077 plerique
1566 5024 1668 5064 amnes.
1716 4998 1869 5098 Eafflglel'

66 5099 167 5169 quibus
195 5099 334 5169 plerique*
346 5113 439 5153 omnes
457 5096 564 5168 politici
592 5098 788 5170 suffragantur.
819 5098 900 5155 Corn.
928 5098 1053 5152 omnibns
1090 5095 1248 5165 reipublice
1280 5093 1391 5156 formis,
1423 5092 1506 5145 etiam
1526 5093 1620 5159 οοιιίε,
1654 5093 1761 5160 optima
1775 5101 1850 5139 renas.

66 5184 181 5239 Tacitus
200 5183 217 5242 l.
238 5192 260 5239 t.
285 5185 391 5238 annal:
420 5183 542 5237 Cunctas
559 5184 688 5238 nationes
708 5193 734 5239 et
752 5186 834 5238 arbes
851 5193 902 5239 aut
928 5193 968 5239 est
998 5182 1191 5243 monarchiae,
1221 5179 1311 5250 inquit
1342 5177 1444 5233 Darius
1476 5180 1551 5249 apud
1588 5177 1760 5233 Herodotum

63 5271 196 5342 populas,
216 5277 266 5323 σαί
280 5272 436 5340 primores,
461 5278 510 5322 σαί
535 5269 641 5338 sinpali
659 5277 766 5337 raptast.
803 5270 900 5342 Augu·
927 5272 975 5327 lib.
1001 5277 1024 5326 3.
1062 5268 1096 5323 Ut
1120 5266 1293 5332 monarchia,
1315 5266 1395 5318 lania
1419 5265 1524 5333 lapibus
1550 5264 1690 5329 instituta,
1720 5272 1761 5318 eat

66 5357 156 5410 atinus
169 5355 186 5409 l.
203 5361 226 5411 2.
239 5356 274 5409 de
287 5357 339 5410 civ.
353 5356 407 5410 Dei
420 5373 481 5425 cap.
505 5361 547 5410 21.
568 5372 601 5410 ex
614 5355 746 5410 Cicerone
763 5355 811 5411 lib.
824 5363 847 5411 3.
866 5358 900 5412 de
928 5357 1049 5409 amnium
1068 5352 1239 5422 reipublicae
1256 5353 1420 5417 formarum
1435 5351 1699 5418 praestantissima,
1722 5351 1763 5404 eie

66 5458 139 5510 rep:
158 5441 330 5512 Respublica
347 5459 393 5495 ree
409 5449 451 5494 est
465 5441 582 5511 papali,
610 5458 671 5494 arim
693 5442 760 5494 benc
777 5459 812 5495 aa
824 5443 902 5510 jaste
929 5444 1014 5496 bonae
1036 5457 1085 5493 rea
1108 5445 1148 5492 est
1172 5437 1246 5490 celest
1269 5439 1338 5489 claua
1372 5437 1488 5506 paidom
1524 5437 1596 5489 inter
1621 5437 1763 5506 mortales,

65 5528 173 5593 peritas
191 5528 226 5579 σίι
245 5546 299 5581 nna
311 5544 385 5598 repe,
405 5528 492 5581 sicea
507 5527 613 5596 paucis
631 5526 823 5597 optimatibus,
840 5528 899 5582 siae
928 5527 1019 5599 inquit
1036 5525 1118 5579 Plato
1139 5522 1168 5576 in
1180 5521 1245 5577 dial.
1257 5521 1334 5592 polit.
1356 5521 1414 5576 Οὐκ
1426 5521 1538 5593 ἀγαθὸν
1555 5526 1760 5592 πολυκοιρανίη,

65 5615 101 5666 ab
126 5613 256 5666 aniverso
278 5613 394 5682 popolo.
431 5613 634 5669 Manarclicaa
657 5611 829 5668 Israllliticae
846 5612 900 5668 rei·
930 5607 969 5675 είς
988 5616 1118 5682 ιισίροισς
1128 5610 1208 5679 ἔσται,
1224 5603 1264 5670 είς
1282 5606 1410 5676 βασιλεύς
1428 5607 1511 5663 cauit.
1524 5607 1665 5664 Hom
1679 5607 1777 5665 [bade
