4020 6014
238 291 294 351 108
816 282 939 342 moue
955 278 1160 338 VIOESIMUS
1178 280 1342 339 TERTIUS

233 438 344 507 halent,
363 438 414 507 pai
432 439 467 491 al
487 438 594 491 undele
611 439 759 504 recedunt,
778 439 832 492 sed
848 447 940 492 tamen
958 437 1069 502 baberet,
1098 434 1211 488 sterium
1230 434 1335 489 idoneis
1357 434 1482 505 personis
1507 433 1717 490 commendarit
1755 432 1859 487 Falsus
1880 432 1939 503 spi·

234 531 263 578 et
277 524 341 578 ideo
359 524 562 578 redonatiaco
579 522 727 592 redditam
754 523 796 577 sic
820 523 905 577 etiam
921 540 978 576 aon
996 528 1070 575 recte
1097 536 1198 591 scopus
1216 521 1277 585 fuit,
1296 528 1433 593 quatenns
1448 521 1634 577 sinceritatem
1654 519 1740 574 divini
1760 518 1840 592 verbi
1859 518 1938 574 trun

235 609 363 680 111111·
379 610 415 663 ab
435 609 543 663 nudate
560 609 683 678 recedit,
700 611 751 662 sesi
767 616 861 663 tamea
878 610 943 674 slat,
961 615 987 661 et
1005 607 1070 659 ideo
1098 606 1371 676 interpretationibus
1403 607 1538 676 conupit,
1577 605 1720 678 papalium
1752 604 1936 660 traditionum

234 695 284 764 qai
303 695 339 748 ab
357 710 388 747 eo
407 694 520 763 accipit,
538 693 659 747 uenienti
673 695 714 746 ad
730 694 866 747 unitatem
878 711 934 746 noa
953 695 1072 747 iteratur
1096 692 1260 746 fermentum
1296 693 1337 746 illi
1361 692 1518 759 immiscuit,
1546 690 1712 747 sacrificium
1744 691 1848 746 missae
1876 689 1936 746 loco

221 783 285 837 stc.
321 779 497 835 Lombardus
519 779 635 834 adducit
659 779 750 834 locum
773 796 806 835 ex
827 779 875 834 lib.
904 786 926 834 1.
945 779 979 833 de
998 777 1072 832 unic.
1098 794 1200 832 coenae
1220 778 1382 833 Dominicae
1400 778 1551 834 celebrarit
1570 784 1622 832 stc.
1663 777 1784 832 Proinde
1800 792 1868 831 oum
1895 792 1935 830 or·

234 864 376 936 baptism:
398 867 491 921 ntiae
512 876 551 920 est
570 885 627 922 ncn
650 867 752 920 liniare
778 867 903 935 elimaid,
932 866 1015 919 alind
1032 872 1072 917 ert
1098 863 1204 917 dinatio
1223 863 1411 918 ministrorum
1424 866 1460 919 sit
1475 880 1540 934 pars
1561 863 1646 919 oflicii
1666 862 1848 933 episcopalis,
1873 861 1941 917 ideo·

234 970 288 1006 noa
312 953 379 1020 jare
405 954 507 1007 habere
535 953 580 1006 vel
606 953 705 1007 illicite
728 969 875 1020 sssurpare.
913 952 979 1006 Noa
1005 967 1072 1017 erpo
1098 947 1244 1019 episcopus
1262 949 1318 1018 ills,
1336 966 1354 1003 a
1372 967 1427 1021 quo
1446 949 1586 1004 Lntherus
1606 949 1751 1004 ordinatus
1769 953 1822 1012 est,
1841 947 1935 1002 hacte-

234 1039 373 1094 11111111
391 1048 453 1093 seut
470 1048 649 1094 sacraenemc
668 1038 776 1092 Christi
792 1046 817 1090 et
836 1037 984 1103 ecclemae,
1004 1037 1073 1105 quia
1098 1052 1149 1088 nus
1167 1040 1195 1088 et
1213 1035 1264 1089 boc
1281 1041 1422 1105 respectu,
1449 1035 1500 1090 boc
1532 1042 1574 1090 set
1596 1035 1707 1106 quando
1727 1033 1885 1089 Lntberum
1908 1039 1936 1088 ct

234 1126 275 1180 eie
297 1126 397 1180 illicite
420 1133 537 1180 alantur
558 1144 616 1179 noa
640 1127 723 1178 ruodo
743 1124 893 1187 hunnici,
919 1123 1072 1177 sedetiam
1097 1120 1166 1175 alios
1187 1121 1334 1189 ordinavit,
1351 1139 1407 1175 non
1425 1120 1479 1176 fuit
1499 1121 1590 1192 lupus,
1610 1122 1659 1176 sed
1678 1137 1760 1175 serus
1778 1120 1934 1190 episcopus

227 1228 329 1282 ,omnes
352 1209 446 1280 impii,
472 1213 525 1265 secl
549 1211 596 1264 illi
612 1210 776 1279 corrigendi
800 1216 864 1263 sunt
881 1217 907 1262 et
922 1209 1073 1277 puniendi,
1097 1206 1226 1261 Vicissim
1254 1207 1366 1278 quando
1393 1207 1468 1263 idem
1492 1208 1639 1279 episeopus
1662 1207 1806 1278 amplexus
1832 1211 1875 1261 est
1903 1222 1935 1263 ec

235 1298 290 1352 illa
311 1305 403 1351 aretem
426 1304 489 1350 enat
512 1297 695 1365 agnoscenda
722 1303 747 1348 et
769 1297 941 1350 cremanda.
980 1293 1072 1359 (Lcm-
1098 1294 1285 1364 propugnavit
1310 1310 1415 1349 errores
1439 1294 1554 1365 papales
1579 1293 1680 1364 quibus
1707 1293 1762 1348 init
1780 1292 1934 1360 immersus,

234 1382 338 1438 bardus
359 1382 441 1444 dicit,
468 1383 520 1435 loc
538 1381 750 1449 intelligendum
777 1383 812 1433 de
832 1379 993 1446 haereticis,
1024 1378 1073 1447 qui
1097 1384 1164 1433 tunc
1184 1378 1318 1434 hactenus
1336 1385 1364 1434 et
1382 1380 1434 1434 hoc
1452 1387 1588 1449 respectu,
1609 1398 1665 1434 non
1682 1378 1794 1433 iunctus
1814 1384 1859 1433 est
1877 1377 1935 1432 vesi

234 1488 288 1525 son
306 1469 445 1523 sententia
464 1467 613 1530 ecclenoe,
642 1468 694 1521 sed
705 1467 850 1535 prmritate
869 1482 966 1520 smmis
986 1466 1033 1518 sai
1052 1482 1071 1517 a
1098 1465 1220 1535 episcopi
1238 1465 1296 1520 sive
1315 1465 1433 1536 pastoris
1453 1465 1556 1532 officio,
1576 1467 1626 1522 sed
1643 1464 1745 1520 falsum
1763 1464 1935 1535 episcopum,

236 1556 305 1620 tdei
323 1556 441 1608 veritate
460 1571 495 1607 ac
514 1554 659 1607 dochinus
676 1554 784 1607 unitate
807 1553 893 1606 demi
918 1561 996 1620 11111,
1022 1551 1073 1621 qai
1097 1550 1153 1605 imo
1179 1551 1276 1621 lupum
1302 1551 1354 1606 bac
1382 1551 1410 1605 in
1438 1559 1516 1622 parte
1542 1570 1572 1608 se
1595 1551 1734 1623 praestitit
1752 1557 1781 1606 et
1798 1551 1935 1606 hactenus

235 1641 300 1696 lieet
317 1641 391 1694 tales
410 1639 475 1703 siat,
487 1639 540 1707 jus
560 1647 653 1693 temen
667 1639 826 1693 ordinandi
842 1647 868 1691 et
886 1637 1072 1692 consecrandi
1097 1637 1278 1692 secessionem
1298 1636 1334 1692 ab
1353 1638 1415 1708 ipso
1433 1637 1525 1693 iacere
1539 1638 1679 1693 Lutbsrus
1699 1652 1753 1692 uon
1767 1638 1857 1692 solnm
1872 1638 1937 1708 jure

236 1727 342 1781 labent.
378 1725 434 1781 Sed
457 1723 526 1780 haec
549 1724 643 1795 glossa
660 1732 702 1780 est
718 1725 857 1780 contraria
876 1723 977 1793 textui,
1005 1723 1072 1792 qnia
1096 1723 1195 1793 potuit,
1215 1723 1264 1778 scd
1282 1724 1365 1779 etiem
1383 1724 1494 1779 omnino
1514 1724 1618 1779 debuit.
1656 1729 1678 1779 3.
1700 1722 1846 1778 Declarari
1864 1721 1936 1778 illud

236 1810 413 1883 Augustinus
433 1810 535 1865 (1111111
561 1810 684 1881 loquitur
708 1810 742 1865 de
760 1809 906 1865 haereticis
925 1808 1071 1872 damnatis,
1097 1814 1188 1878 potest
1215 1808 1299 1863 simili
1330 1809 1473 1879 exemplo:
1515 1809 1652 1880 Tempore
1685 1808 1788 1864 Christi
1825 1808 1856 1863 in
1892 1806 1937 1862 bis

237 1897 421 1954 schismaticis
444 1912 477 1952 sc
495 1896 648 1967 praecisis.)
679 1896 831 1967 Gregorius
851 1896 899 1952 lib.
925 1902 948 1950 1.
966 1911 1010 1965 ep.
1029 1899 1071 1948 32.
1097 1894 1178 1947 terris
1210 1894 1334 1950 docentis
1357 1897 1465 1948 scribac
1501 1904 1526 1948 et
1554 1895 1707 1949 Pharisaei
1737 1895 1873 1948 sedebant
1907 1894 1938 1947 irs

236 1984 273 2038 sd
287 1982 351 2038 lob.
371 1983 455 2052 episc.
471 1982 686 2038 Ravennatem:
708 1983 792 2045 Quod
810 1982 914 2050 dicitis,
933 1989 964 2034 at
981 1984 1006 2034 is
1025 1980 1075 2049 qai
1099 1981 1236 2034 callais-a
1256 1981 1374 2048 illapsis,
1391 1979 1443 2035 hoc
1460 1987 1502 2035 est
1520 1981 1664 2035 constituti
1682 1986 1762 2036 erant
1774 1979 1803 2034 in
1821 1996 1939 2035 munere

238 2069 388 2125 ordinatas
406 2076 454 2136 ert,
472 2072 572 2122 iterem
586 2071 741 2132 ordinetur,
759 2069 844 2123 ualde
855 2068 1009 2121 ridiculum
1024 2073 1073 2119 est.
1099 2065 1295 2121 ecclesiastico.
1331 2066 1474 2131 Quatenus
1500 2067 1587 2138 igitur
1612 2067 1641 2120 in
1670 2066 1803 2121 cathedra
1831 2065 1938 2137 Moysis

99 2163 225 2210 matti·
238 2155 321 2209 Adsit
339 2162 430 2209 aetem
449 2172 468 2207 a
484 2155 664 2219 fraternitate
682 2162 773 2207 restra
792 2155 832 2207 sic
851 2157 959 2222 sapere.
996 2152 1075 2205 stan
1101 2151 1246 2219 sedebant,
1278 2151 1331 2206 boc
1359 2157 1402 2206 est
1423 2161 1611 2208 consentanea
1629 2152 1767 2227 Moesicae
1791 2151 1937 2207 dochinus

238 2240 312 2295 enim
327 2239 482 2309 baptizatus
501 2240 585 2293 semel
615 2241 715 2293 iterum
736 2239 877 2308 baptisari
905 2257 961 2292 son
986 2237 1075 2304 delet,
1100 2236 1278 2307 proferebant
1302 2244 1330 2292 et
1354 2245 1432 2292 actus
1450 2238 1487 2292 ad
1505 2238 1628 2293 officium
1654 2239 1779 2310 ipsorum
1797 2237 1939 2308 pertinen-

240 2328 281 2381 ito
298 2327 349 2395 qni
365 2331 543 2379 consecratas
561 2326 716 2393 celeraret,
740 2326 770 2377 ie
794 2327 892 2379 coelem
912 2324 1012 2377 iterem
1031 2340 1075 2374 or·
1101 2329 1143 2377 tes
1169 2323 1348 2388 exercebant,
1374 2329 1488 2379 eatenus
1512 2329 1592 2380 eraut
1612 2324 1744 2379 audiendi
1768 2329 1798 2380 et
1822 2330 1939 2379 eatenus

237 2413 302 2467 diae
320 2429 375 2466 aori
397 2411 475 2465 delet
494 2411 664 2478 comecrari,
683 2412 757 2482 quod
771 2409 900 2481 Gregorii
912 2425 1075 2481 responsum
1101 2408 1224 2480 ipsorum
1241 2410 1326 2464 sacris
1344 2416 1405 2464 erat
1421 2409 1569 2479 utendum,
1592 2410 1690 2465 Matth.
1712 2413 1762 2479 te,
1780 2427 1807 2464 v.
1826 2414 1852 2465 2.
1869 2425 1938 2481 qua·

236 2497 355 2557 reatum
372 2501 416 2552 est
434 2497 462 2551 in
478 2497 526 2567 jus
540 2497 704 2553 canonicum
723 2514 747 2552 c.
765 2499 837 2552 sicut
850 2497 935 2552 semel
954 2497 1017 2551 dist.
1032 2501 1074 2552 68.
1101 2502 1181 2551 tenus
1201 2512 1266 2550 vero
1282 2498 1453 2561 fermentum
1471 2516 1565 2565 mam,
1585 2497 1638 2552 hoc
1658 2501 1701 2551 est
1717 2496 1818 2551 falsam
1837 2495 1938 2551 doctri-

239 2589 268 2640 st
287 2584 324 2638 ad
341 2582 415 2639 benc
426 2583 617 2654 quaestionem
629 2583 865 2639 accommodatum
885 2582 1074 2638 eLombardo
1102 2599 1164 2636 nam
1182 2582 1388 2650 imiscebaut,
1416 2582 1514 2638 Mattb.
1536 2587 1581 2645 16,
1610 2600 1636 2637 v.
1662 2587 1686 2637 6.
1707 2586 1736 2637 et
1761 2588 1938 2638 1111111111

237 2669 264 2727 d.
294 2669 312 2727 l.
339 2669 417 2739 Conj.
443 2686 466 2725 c.
504 2667 583 2732 Quod
608 2668 731 2739 quidam.
760 2675 782 2724 1.
808 2686 833 2739 q.
858 2668 1073 2735 11111ἀὶ11111,
1102 2674 1181 2723 erant
1202 2668 1328 2740 tugierffli
1354 2675 1382 2723 et
1399 2668 1435 2723 ab
1461 2669 1583 2739 ipsorum
1598 2669 1734 2725 fermento
1759 2673 1820 2724 erat
1837 2684 1938 2723 caveu-

237 2772 284 2812 111
303 2755 353 2825 qni
378 2773 397 2808 a
424 2754 570 2809 Catholicis
589 2754 707 2808 ecelesia
731 2754 870 2824 deiciam,
890 2755 1074 2809 nihilominus
1102 2754 1177 2811 dum.
1214 2754 1261 2811 Sic
1281 2754 1426 2825 episcopus
1445 2755 1507 2825 ille,
1535 2771 1553 2808 a
1577 2772 1632 2826 quo
1656 2755 1795 2811 [suthem
1821 2754 1877 2810 tuit
1896 2771 1939 2810 or·

238 2842 367 2899 ordinem
378 2842 508 2909 retinere,
521 2858 577 2895 non
588 2843 672 2895 modo
686 2848 752 2896 actu
758 2842 865 2910 primo,
883 2842 1075 2895 verumetiam
1103 2841 1229 2911 dinatus,
1253 2846 1389 2913 quatenus
1407 2841 1436 2895 iu
1455 2840 1546 2896 officio
1562 2841 1752 2898 ecclesiastico
1770 2841 1939 2897 conensem·

238 2936 304 2983 ecta
328 2929 452 2983 secando
478 2929 575 2996 galaad
599 2927 732 2996 baptismi
760 2928 959 2982 collationem.
990 2944 1014 2982 c
1044 2927 1074 2982 Si
1102 2928 1239 2999 quaedam
1258 2928 1351 2982 divino
1369 2927 1453 2982 verbo
1470 2933 1656 2983 consentanea
1673 2928 1801 2998 docebat,
1821 2934 1938 2983 eatenus

238 3013 286 3084 qui
305 3030 328 3067 c.
348 3011 518 3068 Ostenditur.
542 3029 566 3067 c.
591 3013 774 3084 rebaptizare.
798 3013 861 3070 dist.
886 3021 911 3072 1.
929 3014 1076 3070 decenae
1103 3013 1257 3069 audiendus
1275 3020 1347 3077 erat,
1378 3019 1412 3069 et·
1430 3018 1569 3085 quatenus
1588 3013 1673 3069 officii
1692 3013 1735 3068 sui
1752 3019 1846 3084 partes
1863 3030 1940 3069 exse·

237 3105 306 3155 crat
325 3105 354 3154 et
370 3098 475 3153 ordinis
495 3097 684 3155 translatione.
704 3117 728 3157 c.
764 3099 827 3156 Nou
846 3100 918 3157 licet.
940 3101 1000 3156 eod.
1103 3098 1255 3171 quebstur,
1283 3105 1397 3155 eatenus
1421 3100 1508 3170 ipsius
1530 3099 1615 3154 sacris
1633 3099 1767 3154 utendum
1785 3105 1860 3168 erat3
1890 3098 1940 3154 sed

275 3193 334 3242 tet.
361 3184 399 3240 Et
418 3184 495 3240 hisce
511 3186 682 3255 praenotatis
701 3185 777 3240 facili
794 3186 904 3258 negotio
916 3186 1076 3258 responderi
1104 3193 1240 3256 quatenus
1258 3185 1428 3256 corruptelas
1455 3184 1627 3256 proterebat,
1654 3185 1804 3257 spargebat
1824 3202 1860 3240 ac
1879 3203 1942 3257 pro-

237 3276 330 3344 potest
338 3272 374 3326 sd
384 3271 515 3327 cavillum
523 3271 625 3327 iacobi
636 3271 767 3344 Beihingn'
779 3272 941 3329 lesuitaein
952 3273 1076 3329 tundam.
1103 3271 1258 3344 pugnabat,
1273 3276 1388 3326 eatenus
1406 3278 1465 3326 erat
1477 3272 1655 3331 deserendus.
1678 3279 1702 3328 4.
1722 3271 1838 3342 Semper
1855 3272 1943 3344 igitur

238 3365 262 3415 3.
272 3359 352 3431 relig.
365 3358 471 3416 Cstbol
483 3377 511 3430 p.
522 3365 567 3416 tt:
580 3360 650 3422 Quis
659 3368 686 3415 te
695 3359 806 3431 (inquit)
817 3360 937 3413 Latiare
944 3362 1077 3414 sacerdo·
1105 3357 1332 3429 distinguendum
1351 3357 1473 3412 officium
1492 3375 1509 3411 a
1526 3374 1652 3428 persona.
1688 3357 1769 3422 Quod
1793 3357 1942 3430 opiscopus

238 3446 757 3517 tioianuyuraeithuistilrioffereadi
766 3445 1081 3515 etpeccataremittendi
1104 3446 1151 3500 ille
1172 3443 1324 3498 Lutherum
1340 3445 1486 3512 ordinavit,
1507 3445 1543 3499 ad
1558 3445 1645 3516 ipsius
1658 3442 1779 3499 officium
1799 3445 1942 3515 pertinuit,

236 3532 756 3606 potestatemimpertivittc'atlrolicus
764 3533 931 3603 episeopus!
944 3532 1079 3586 Vererer
1105 3530 1180 3603 quod
1197 3531 1346 3602 papalibus
1363 3531 1502 3586 erroribus
1528 3531 1582 3585 tuit
1609 3531 1765 3594 immersus,
1795 3532 1943 3602 personale

239 3618 470 3682 salsustPartor
483 3619 634 3687 culturus!
654 3617 807 3688 Sipastor,
822 3616 920 3672 abillo
931 3618 1079 3671 discedam
1105 3616 1172 3687 fuit,
1200 3618 1260 3687 jam
1285 3632 1351 3670 vero
1380 3634 1413 3672 ex
1443 3617 1509 3672 vitio
1538 3633 1672 3687 personae
1699 3622 1943 3686 sacramentorum,

242 3701 433 3770 lupussuetses
442 3719 486 3769 es,·
504 3704 632 3773 sitimus,
647 3704 854 3773 quistealnpo
865 3703 1079 3772 factompasto·
1106 3704 1207 3758 nedum
1234 3703 1413 3758 ordinationis
1434 3704 1586 3774 integritati
1609 3703 1679 3758 nihil
1707 3702 1830 3771 decedit,
1859 3703 1943 3759 modo

240 3803 299 3839 rem
310 3796 443 3854 aproscat
453 3790 465 3841 1
474 3788 632 3842 Praeclare
636 3791 770 3856 prosecta
779 3797 881 3856 cctam,
891 3790 919 3842 si
928 3790 991 3858 quis
1004 3806 1079 3842 orem
1106 3788 1302 3843 substantialia
1329 3790 1515 3845 observentur.
1555 3798 1577 3846 5.
1603 3791 1646 3845 Ac
1670 3789 1757 3860 probe
1780 3789 1943 3854 notandum,

241 3872 310 3941 lupo
324 3875 482 3927 committat.
520 3875 589 3928 Vide
609 3876 639 3929 irs
655 3883 774 3944 qaemte
790 3876 1080 3945 perpiteminjeceria.
1107 3875 1182 3947 quod
1201 3876 1347 3946 episcopus
1366 3875 1413 3930 ille
1431 3876 1603 3940 Pontificius,
1622 3893 1640 3931 e
1656 3892 1712 3947 quo
1731 3875 1871 3931 lantherus
1887 3874 1945 3930 tuit

244 3959 279 4013 Si
288 3959 414 4028 episcopi
424 3959 585 4014 Catholicae
596 3961 730 4015 eceleeiae
741 3978 802 4014 eam
814 3963 849 4014 ab
861 3962 897 4015 iis
911 3969 1079 4032 111191191-
1107 3962 1262 4031 ordinatus,
1293 3979 1347 4016 non
1374 3979 1424 4016 suo
1453 3962 1502 4017 ssd
1530 3962 1663 4018 ecelesiae
1681 3966 1775 4033 (quem
1801 3962 1830 4016 in
1850 3961 1943 4016 medio
1957 3967 2002 4008 ¹1¹

243 4062 299 4114 res,
315 4047 376 4100 ceri
385 4053 518 4114 pastores
528 4048 653 4114 suerum,
668 4048 832 4116 apostasiae
845 4055 910 4100 tuae
924 4047 1028 4102 crimen
1040 4057 1081 4101 est
1105 4056 1211 4121 papatu
1229 4054 1418 4104 conservatam
1434 4048 1521 4103 fnisse
1541 4049 1659 4117 mustat)
1673 4049 1784 4103 nomine
1803 4054 1832 4103 et
1848 4054 1944 4104 aucto·

243 4133 432 4194 manifestam.
460 4131 494 4185 Si
506 4148 599 4185 omnes
610 4131 658 4185 slli
668 4131 739 4201 lapi,
754 4132 849 4201 primo
861 4135 1037 4187 mendacium
1045 4136 1080 4189 cle
1107 4136 1190 4191 ritate
1220 4135 1421 4190 ordinationem
1439 4135 1580 4207 peregerit
1605 4135 1735 4206 qnodque
1759 4135 1788 4188 iu
1814 4133 1876 4205 ipso
1903 4151 1945 4190 or·

245 4234 387 4288 nunquam
400 4217 550 4272 interitura
561 4234 690 4284 verorum
702 4219 895 4288 episcoporum
906 4219 980 4273 serie
992 4221 1080 4289 scrip·
1108 4221 1256 4276 dinationis
1285 4221 1341 4275 ritu
1371 4220 1406 4274 ad
1438 4221 1594 4276 docendum
1624 4220 1741 4276 verbum
1771 4220 1827 4275 Dei
1851 4218 1944 4291 ipsum

244 4305 321 4369 sisti,
347 4304 449 4358 deinde
469 4305 504 4356 de
523 4305 650 4359 mediata
667 4313 716 4359 tua
740 4305 884 4380 vacatione
904 4306 1080 4365 caasaceci·
1108 4305 1301 4375 adstrinxerit,
1328 4322 1414 4376 quere
1439 4323 1500 4360 cum
1526 4304 1666 4361 liutherus
1683 4306 1791 4362 videret
1811 4306 1945 4378 dogmate

246 4392 322 4446 disti.
349 4389 575 4460 Respondemus:
596 4397 618 4445 1.
639 4391 708 4447 illud
726 4393 755 4446 in
767 4408 869 4463 genere
886 4390 969 4462 objici
987 4397 1081 4463 posset
1108 4393 1245 4465 quaedam
1263 4398 1332 4449 tuuc
1349 4393 1480 4463 temporis
1498 4392 1609 4463 publice
1632 4397 1744 4463 recepta
1769 4408 1834 4447 cum
1858 4391 1945 4447 verbo
1969 4456 1973 4463 ¹

244 4477 388 4547 omnibus,
423 4476 471 4547 qui
496 4475 533 4530 ab
558 4475 704 4532 haereticis
729 4477 849 4533 ordinati
877 4479 913 4533 ad
946 4478 1082 4534 eeclesiae
1108 4480 1161 4535 Dei
1179 4493 1320 4550 pugnare,
1339 4477 1365 4531 vi
1383 4478 1470 4548 ipsius
1489 4479 1643 4534 vocationis
1660 4486 1688 4534 et
1709 4479 1891 4534 ordinationis
1911 4494 1946 4532 ea

245 4565 380 4637 gremium
409 4562 535 4619 redeunt.
569 4561 635 4616 lam
660 4580 733 4619 vero·
747 4565 814 4633 jura
835 4563 981 4619 Pontificia
1006 4563 1079 4618 affir-
1107 4563 1255 4634 reprobare
1273 4570 1301 4619 et
1318 4563 1481 4633 impugnare
1501 4562 1650 4618 obstrictus
1668 4563 1731 4618 tuit
1768 4570 1790 4619 e.
1812 4564 1945 4635 Superius

246 4655 335 4717 mant,
362 4651 446 4706 etiem
466 4649 503 4705 ab
519 4647 666 4704 haereticis
684 4649 825 4704 ordinatos
843 4652 908 4705 ver'e
931 4667 992 4706 esse
1008 4650 1081 4705 ordi-
1108 4651 1191 4705 etiam
1210 4649 1375 4713 monuimus,
1394 4648 1520 4719 quamvis
1532 4649 1712 4704 ordinationis
1723 4650 1794 4704 ritus
1811 4649 1841 4703 iu
1858 4649 1945 4704 eccle·

245 4740 325 4788 ustos
343 4742 370 4790 et
388 4736 464 4790 illam
481 4734 683 4791 ordinationem
696 4751 751 4788 non
765 4734 865 4790 debere
877 4736 986 4799 mutari,
1004 4737 1079 4808 quod
1108 4736 1150 4790 sia
1168 4734 1316 4791 Pontifioia
1327 4735 1421 4789 multis
1440 4734 1638 4805 superstitiosis
1657 4744 1684 4791 et
1703 4735 1850 4791 inutilibus
1868 4750 1944 4791 esre·

246 4819 343 4874 mento
368 4828 449 4892 urget
475 4821 614 4876 Lutherus
641 4827 691 4875 art.
722 4826 761 4875 to.
794 4820 976 4876 Schmalcald.
1003 4840 1029 4892 p.
1056 4828 1080 4878 3.
1108 4822 1207 4878 moniis
1225 4822 1262 4876 sit
1282 4821 1409 4886 vitiatus,
1434 4836 1467 4875 er
1493 4838 1525 4876 eo
1542 4830 1636 4876 tamen
1655 4822 1741 4893 ipsius
1761 4819 1944 4877 ordinationis

247 4911 270 4961 1.
295 4904 450 4975 Episcopus
477 4907 539 4976 ille,
571 4924 588 4961 a
615 4924 670 4978 quo
688 4905 829 4961 Inrtherns
851 4906 906 4961 fuit
931 4906 1081 4978 ordinatus,
1108 4910 1244 4964 esseutiae
1264 4907 1331 4961 nihil
1350 4908 1494 4976 decedere,
1511 4909 1630 4979 ideoque
1648 4909 1676 4962 in
1695 4908 1757 4978 ipse
1770 4907 1946 4963 ordinatione

247 4991 372 5063 quamvis
392 4993 536 5062 papisticis
553 4993 691 5050 erroribus
709 4992 795 5048 fuerit
811 4994 969 5061 immersus,
989 4999 1081 5049 nmen
1110 4992 1337 5064 distinguendum
1357 5009 1418 5047 esse
1437 4993 1560 5049 divinum
1578 4994 1614 5049 ab
1635 4994 1771 5062 humano,
1799 4993 1947 5049 essentiale

247 5078 301 5134 tuit
319 5085 432 5133 vocatus
449 5084 478 5132 et
497 5081 664 5135 constitutus
691 5077 824 5135 ecclesiae
841 5077 993 5148 episcopus.
1032 5078 1081 5133 Di·
1109 5079 1146 5134 ab
1177 5077 1356 5143 accidentali,
1383 5079 1460 5150 pium
1488 5087 1516 5135 et
1542 5079 1729 5135 Christianum
1754 5079 1791 5134 ab
1806 5078 1948 5134 Antichri-

248 5183 327 5220 verso
346 5165 432 5236 igitur
449 5171 576 5233 respectu
594 5166 650 5221 fuit
672 5171 700 5222 et
723 5181 805 5220 verus
824 5170 854 5220 et
870 5163 958 5219 ialsus
977 5165 1080 5234 episco·
1110 5163 1208 5218 adano.
1245 5171 1268 5217 l.
1289 5164 1330 5218 Ex
1348 5165 1449 5236 quibus
1475 5166 1602 5221 omnibus
1620 5165 1770 5238 colligitur,
1789 5181 1842 5220 nec
1861 5165 1948 5220 medi·

247 5268 309 5323 pus.
345 5250 436 5306 Verus
454 5249 600 5320 spiscopus
618 5251 690 5321 fuit,
710 5260 847 5324 qnatenus
866 5249 1005 5304 insiticio
1024 5251 1080 5321 epi·
1110 5255 1158 5304 sta
1171 5250 1956 5316 suavocationeLutherumcecidisseuecmendscium.

246 5337 353 5408 seopeli
376 5335 542 5392 constitutus
566 5336 660 5407 aliqua
682 5336 824 5394 dochinae
850 5337 944 5409 capita
971 5336 1085 5392 retinuit
1112 5337 1147 5388 de
1171 5352 1314 5406 nunquam
1339 5338 1485 5394 interitura
1507 5335 1626 5390 ecelesia
1652 5336 1801 5406 scripsisse.
1843 5334 1950 5392 Scribit
1974 5350 1977 5357 ’

247 5439 281 5478 ac
308 5423 404 5478 docuit
431 5423 603 5493 noenupts,
630 5422 834 5480 administravit
859 5423 1028 5494 baptismum
1050 5422 1084 5490 (si
1113 5422 1223 5494 quidem
1241 5423 1270 5478 in
1288 5440 1386 5480 comm.
1405 5441 1429 5481 c.
1448 5431 1469 5478 1.
1489 5420 1583 5476 Galat.
1603 5423 1754 5475 mediatam
1772 5423 1948 5475 vocatiouem

247 5515 340 5565 tamen
358 5508 624 5576 administravittet
642 5524 692 5579 per
710 5509 793 5563 ritum
807 5508 987 5564 ordinationis
1002 5507 1082 5563 mini·
1096 5472 1100 5574 i
1113 5525 1171 5563 esse
1194 5511 1383 5565 scrutariam
1416 5524 1531 5577 eamque
1553 5523 1639 5578 usqae
1664 5510 1707 5562 ad
1736 5511 1819 5573 taem
1847 5512 1948 5564 maadi
