<?xml version="1.0" encoding="UTF-8"?>
<!DOCTYPE html PUBLIC "-//W3C//DTD XHTML 1.0 Transitional//EN"
    "http://www.w3.org/TR/xhtml1/DTD/xhtml1-transitional.dtd">
<html xmlns="http://www.w3.org/1999/xhtml" xml:lang="en" lang="en">
 <head>
  <title>
</title>
<meta http-equiv="Content-Type" content="text/html;charset=utf-8" />
  <meta name='ocr-system' content='tesseract 3.04.00' />
  <meta name='ocr-capabilities' content='ocr_page ocr_carea ocr_par ocr_line ocrx_word'/>
</head>
<body>
  <div class='ocr_page' id='page_1' title='image "./locitheologicic01gerhgoog/locitheologicic01gerhgoog_0492.png"; bbox 0 0 4020 6014; ppageno 0'>
   <div class='ocr_carea' id='block_1_1' title="bbox 671 194 1757 269">
    <p class='ocr_par' dir='ltr' id='par_1_1' title="bbox 671 194 1757 269">
     <span class='ocr_line' id='line_1_1' title="bbox 671 194 1757 269; baseline 0.017 -18"><span class='ocrx_word' id='word_1_1' title='bbox 671 196 722 252; x_wconf 84' lang='lat' dir='ltr'>DE</span> <span class='ocrx_word' id='word_1_2' title='bbox 741 194 995 253; x_wconf 73' lang='lat' dir='ltr'>usulsrttsw</span> <span class='ocrx_word' id='word_1_3' title='bbox 1015 196 1204 256; x_wconf 81' lang='lat' dir='ltr'>POLITICO.</span> <span class='ocrx_word' id='word_1_4' title='bbox 1696 211 1757 269; x_wconf 82' lang='grc'>483</span> 
     </span>
    </p>
   </div>
   <div class='ocr_carea' id='block_1_2' title="bbox 10 347 1835 2906">
    <p class='ocr_par' dir='ltr' id='par_1_2' title="bbox 11 347 1778 1369">
     <span class='ocr_line' id='line_1_2' title="bbox 11 347 1759 425; baseline 0.006 -23"><span class='ocrx_word' id='word_1_5' title='bbox 11 392 14 397; x_wconf 91' lang='grc'><strong>.</strong></span> <span class='ocrx_word' id='word_1_6' title='bbox 58 351 185 416; x_wconf 76' lang='lat' dir='ltr'>qratiam</span> <span class='ocrx_word' id='word_1_7' title='bbox 193 354 369 422; x_wconf 73' lang='lat' dir='ltr'>pro‘pratia,</span> <span class='ocrx_word' id='word_1_8' title='bbox 388 370 415 405; x_wconf 86' lang='lat' dir='ltr'>v.</span> <span class='ocrx_word' id='word_1_9' title='bbox 431 358 470 408; x_wconf 84' lang='grc'>11.</span> <span class='ocrx_word' id='word_1_10' title='bbox 484 353 552 422; x_wconf 82' lang='lat' dir='ltr'>quie</span> <span class='ocrx_word' id='word_1_11' title='bbox 569 353 615 404; x_wconf 80' lang='lat' dir='ltr'>ies</span> <span class='ocrx_word' id='word_1_12' title='bbox 632 368 684 419; x_wconf 87' lang='lat' dir='ltr'>per</span> <span class='ocrx_word' id='word_1_13' title='bbox 696 352 818 418; x_wconf 73' lang='lat' dir='ltr'>Moysen</span> <span class='ocrx_word' id='word_1_14' title='bbox 830 354 901 404; x_wconf 87' lang='lat' dir='ltr'>data</span> <span class='ocrx_word' id='word_1_15' title='bbox 927 347 1051 418; x_wconf 81' lang='lat' dir='ltr'>Christo,</span> <span class='ocrx_word' id='word_1_16' title='bbox 1074 352 1123 421; x_wconf 93' lang='lat' dir='ltr'>qui</span> <span class='ocrx_word' id='word_1_17' title='bbox 1146 352 1175 411; x_wconf 89' lang='lat' dir='ltr'>in</span> <span class='ocrx_word' id='word_1_18' title='bbox 1195 368 1297 422; x_wconf 80' lang='lat' dir='ltr'>genere</span> <span class='ocrx_word' id='word_1_19' title='bbox 1317 352 1352 406; x_wconf 89' lang='lat' dir='ltr'>de</span> <span class='ocrx_word' id='word_1_20' title='bbox 1372 355 1505 423; x_wconf 87' lang='lat' dir='ltr'>apostolis</span> <span class='ocrx_word' id='word_1_21' title='bbox 1529 349 1598 409; x_wconf 81' lang='lat' dir='ltr'>dicit</span> <span class='ocrx_word' id='word_1_22' title='bbox 1617 354 1714 410; x_wconf 84' lang='lat' dir='ltr'>Matth.</span> <span class='ocrx_word' id='word_1_23' title='bbox 1736 363 1759 425; x_wconf 81' lang='lat' dir='ltr'>t,</span> 
     </span>
     <span class='ocr_line' id='line_1_3' title="bbox 59 437 1758 511; baseline 0.005 -24"><span class='ocrx_word' id='word_1_24' title='bbox 59 445 114 500; x_wconf 88' lang='lat' dir='ltr'>est,</span> <span class='ocrx_word' id='word_1_25' title='bbox 142 438 236 503; x_wconf 78' lang='lat' dir='ltr'>pratia</span> <span class='ocrx_word' id='word_1_26' title='bbox 263 447 289 491; x_wconf 89' lang='lat' dir='ltr'>et</span> <span class='ocrx_word' id='word_1_27' title='bbox 312 439 417 492; x_wconf 86' lang='lat' dir='ltr'>veritas</span> <span class='ocrx_word' id='word_1_28' title='bbox 437 456 492 507; x_wconf 89' lang='lat' dir='ltr'>per</span> <span class='ocrx_word' id='word_1_29' title='bbox 514 437 657 490; x_wconf 74' lang='lat' dir='ltr'>Christum</span> <span class='ocrx_word' id='word_1_30' title='bbox 681 438 790 493; x_wconf 83' lang='lat' dir='ltr'>Jesum.</span> <span class='ocrx_word' id='word_1_31' title='bbox 812 454 838 490; x_wconf 86' lang='lat' dir='ltr'>v.</span> <span class='ocrx_word' id='word_1_32' title='bbox 861 440 899 490; x_wconf 83' lang='grc'>18.</span> <span class='ocrx_word' id='word_1_33' title='bbox 925 453 949 489; x_wconf 87' lang='lat' dir='ltr'>v.</span> <span class='ocrx_word' id='word_1_34' title='bbox 972 442 1015 490; x_wconf 77' lang='lat'>14:</span> <span class='ocrx_word' id='word_1_35' title='bbox 1039 437 1094 489; x_wconf 89' lang='lat' dir='ltr'>Vos</span> <span class='ocrx_word' id='word_1_36' title='bbox 1113 437 1178 490; x_wconf 85' lang='lat' dir='ltr'>estis</span> <span class='ocrx_word' id='word_1_37' title='bbox 1196 437 1226 490; x_wconf 76' lang='grc' dir='ltr'>τὸ</span> <span class='ocrx_word' id='word_1_38' title='bbox 1246 443 1306 506; x_wconf 72' lang='grc' dir='ltr'>ιμῦς</span> <span class='ocrx_word' id='word_1_39' title='bbox 1324 445 1373 491; x_wconf 78' lang='lat' dir='ltr'>roi</span> <span class='ocrx_word' id='word_1_40' title='bbox 1393 439 1509 507; x_wconf 77' lang='grc' dir='ltr'>κόσμου,</span> <span class='ocrx_word' id='word_1_41' title='bbox 1526 448 1555 494; x_wconf 86' lang='grc'>01</span> <span class='ocrx_word' id='word_1_42' title='bbox 1574 440 1706 511; x_wconf 90' lang='lat' dir='ltr'>inspecie</span> <span class='ocrx_word' id='word_1_43' title='bbox 1725 442 1758 495; x_wconf 91' lang='lat' dir='ltr'>de</span> 
     </span>
     <span class='ocr_line' id='line_1_4' title="bbox 59 519 1757 594; baseline 0.003 -21"><span class='ocrx_word' id='word_1_44' title='bbox 59 525 154 574; x_wconf 84' lang='lat' dir='ltr'>Deum</span> <span class='ocrx_word' id='word_1_45' title='bbox 172 541 250 575; x_wconf 87' lang='lat' dir='ltr'>nemo</span> <span class='ocrx_word' id='word_1_46' title='bbox 270 525 342 576; x_wconf 81' lang='lat' dir='ltr'>vidit</span> <span class='ocrx_word' id='word_1_47' title='bbox 356 541 496 591; x_wconf 84' lang='lat' dir='ltr'>unq-uam,</span> <span class='ocrx_word' id='word_1_48' title='bbox 517 523 627 591; x_wconf 70' lang='lat' dir='ltr'>silim,</span> <span class='ocrx_word' id='word_1_49' title='bbox 651 527 759 591; x_wconf 82' lang='lat' dir='ltr'>quiesi</span> <span class='ocrx_word' id='word_1_50' title='bbox 786 523 816 575; x_wconf 88' lang='lat' dir='ltr'>in</span> <span class='ocrx_word' id='word_1_51' title='bbox 836 523 899 574; x_wconf 86' lang='lat' dir='ltr'>sinu</span> <span class='ocrx_word' id='word_1_52' title='bbox 924 519 1053 575; x_wconf 72' lang='lat' dir='ltr'>«Iohanne</span> <span class='ocrx_word' id='word_1_53' title='bbox 1073 522 1200 593; x_wconf 75' lang='lat' dir='ltr'><strong>Baptista</strong></span> <span class='ocrx_word' id='word_1_54' title='bbox 1217 525 1307 594; x_wconf 91' lang='lat' dir='ltr'>inquit</span> <span class='ocrx_word' id='word_1_55' title='bbox 1325 525 1389 581; x_wconf 78' lang='lat' dir='ltr'>doh.</span> <span class='ocrx_word' id='word_1_56' title='bbox 1411 533 1440 590; x_wconf 85' lang='lat'>5,</span> <span class='ocrx_word' id='word_1_57' title='bbox 1459 545 1483 578; x_wconf 86' lang='lat' dir='ltr'>v.</span> <span class='ocrx_word' id='word_1_58' title='bbox 1503 532 1549 580; x_wconf 76' lang='lat'>35:</span> <span class='ocrx_word' id='word_1_59' title='bbox 1576 527 1642 593; x_wconf 84' lang='lat' dir='ltr'>Ipse</span> <span class='ocrx_word' id='word_1_60' title='bbox 1662 526 1757 579; x_wconf 66' lang='lat' dir='ltr'>mati</span> 
     </span>
     <span class='ocr_line' id='line_1_5' title="bbox 59 605 1758 681; baseline 0.004 -23"><span class='ocrx_word' id='word_1_61' title='bbox 59 608 166 673; x_wconf 72' lang='lat' dir='ltr'>Patris,</span> <span class='ocrx_word' id='word_1_62' title='bbox 184 609 245 675; x_wconf 77' lang='lat' dir='ltr'>ipse</span> <span class='ocrx_word' id='word_1_63' title='bbox 262 611 405 662; x_wconf 76' lang='lat' dir='ltr'><strong><em>enarravit</em></strong></span> <span class='ocrx_word' id='word_1_64' title='bbox 423 610 509 664; x_wconf 78' lang='lat' dir='ltr'>nodia</span> <span class='ocrx_word' id='word_1_65' title='bbox 528 626 554 661; x_wconf 77' lang='lat' dir='ltr'>r.</span> <span class='ocrx_word' id='word_1_66' title='bbox 572 614 618 663; x_wconf 77' lang='lat'>29:</span> <span class='ocrx_word' id='word_1_67' title='bbox 639 609 713 661; x_wconf 80' lang='lat' dir='ltr'>Ecce</span> <span class='ocrx_word' id='word_1_68' title='bbox 725 626 816 676; x_wconf 80' lang='lat' dir='ltr'>aqneis</span> <span class='ocrx_word' id='word_1_69' title='bbox 836 609 895 660; x_wconf 86' lang='lat' dir='ltr'>Dei</span> <span class='ocrx_word' id='word_1_70' title='bbox 924 605 1024 674; x_wconf 77' lang='grc' dir='ltr'><strong><em>λύχνος</em></strong></span> <span class='ocrx_word' id='word_1_71' title='bbox 1040 607 1055 661; x_wconf 87' lang='grc' dir='ltr'>ὁ</span> <span class='ocrx_word' id='word_1_72' title='bbox 1074 610 1221 681; x_wconf 73' lang='grc' dir='ltr'><strong><em>καιόμενος</em></strong></span> <span class='ocrx_word' id='word_1_73' title='bbox 1239 616 1286 663; x_wconf 69' lang='grc' dir='ltr'>καὶ</span> <span class='ocrx_word' id='word_1_74' title='bbox 1300 617 1420 681; x_wconf 74' lang='grc' dir='ltr'>φαίνων,</span> <span class='ocrx_word' id='word_1_75' title='bbox 1441 613 1491 666; x_wconf 84' lang='grc' dir='ltr'>0οἀ</span> <span class='ocrx_word' id='word_1_76' title='bbox 1511 613 1695 666; x_wconf 87' lang='lat' dir='ltr'>determinate</span> <span class='ocrx_word' id='word_1_77' title='bbox 1713 628 1758 665; x_wconf 82' lang='lat' dir='ltr'>ne</span> 
     </span>
     <span class='ocr_line' id='line_1_6' title="bbox 58 693 1759 769; baseline 0.003 -23"><span class='ocrx_word' id='word_1_78' title='bbox 58 695 108 759; x_wconf 79' lang='lat' dir='ltr'>qui</span> <span class='ocrx_word' id='word_1_79' title='bbox 128 694 203 746; x_wconf 85' lang='lat' dir='ltr'>toiiit</span> <span class='ocrx_word' id='word_1_80' title='bbox 219 702 339 761; x_wconf 86' lang='lat' dir='ltr'>peccata</span> <span class='ocrx_word' id='word_1_81' title='bbox 360 695 466 749; x_wconf 88' lang='lat' dir='ltr'>mundi.</span> <span class='ocrx_word' id='word_1_82' title='bbox 501 693 565 749; x_wconf 85' lang='lat' dir='ltr'>Joh.</span> <span class='ocrx_word' id='word_1_83' title='bbox 586 701 609 758; x_wconf 90' lang='grc'>3,</span> <span class='ocrx_word' id='word_1_84' title='bbox 629 711 653 748; x_wconf 89' lang='lat' dir='ltr'>v.</span> <span class='ocrx_word' id='word_1_85' title='bbox 675 699 721 747; x_wconf 79' lang='lat'>29:</span> <span class='ocrx_word' id='word_1_86' title='bbox 743 694 797 756; x_wconf 79' lang='lat' dir='ltr'>Qui</span> <span class='ocrx_word' id='word_1_87' title='bbox 818 693 981 769; x_wconf 76' lang='lat' dir='ltr'>babet,gat,</span> <span class='ocrx_word' id='word_1_88' title='bbox 1000 693 1156 764; x_wconf 89' lang='lat' dir='ltr'>Baptistam</span> <span class='ocrx_word' id='word_1_89' title='bbox 1175 695 1262 750; x_wconf 88' lang='lat' dir='ltr'>fuisse</span> <span class='ocrx_word' id='word_1_90' title='bbox 1282 697 1312 748; x_wconf 85' lang='grc' dir='ltr'>τὸ</span> <span class='ocrx_word' id='word_1_91' title='bbox 1329 702 1404 766; x_wconf 66' lang='lat' dir='ltr'>epate,</span> <span class='ocrx_word' id='word_1_92' title='bbox 1431 698 1506 750; x_wconf 93' lang='lat' dir='ltr'>illam</span> <span class='ocrx_word' id='word_1_93' title='bbox 1524 698 1629 765; x_wconf 90' lang='lat' dir='ltr'>lucem,</span> <span class='ocrx_word' id='word_1_94' title='bbox 1649 699 1683 752; x_wconf 92' lang='lat' dir='ltr'>de</span> <span class='ocrx_word' id='word_1_95' title='bbox 1703 714 1759 768; x_wconf 85' lang='lat' dir='ltr'>qua</span> 
     </span>
     <span class='ocr_line' id='line_1_7' title="bbox 57 772 1757 854; baseline 0.002 -22"><span class='ocrx_word' id='word_1_96' title='bbox 57 797 199 846; x_wconf 68' lang='lat' dir='ltr'>nimitum,</span> <span class='ocrx_word' id='word_1_97' title='bbox 209 797 328 847; x_wconf 83' lang='lat' dir='ltr'>sponsas</span> <span class='ocrx_word' id='word_1_98' title='bbox 342 787 390 842; x_wconf 89' lang='lat' dir='ltr'>est,</span> <span class='ocrx_word' id='word_1_99' title='bbox 409 782 516 833; x_wconf 79' lang='lat' dir='ltr'>anticus</span> <span class='ocrx_word' id='word_1_100' title='bbox 527 788 619 832; x_wconf 89' lang='lat' dir='ltr'>autem</span> <span class='ocrx_word' id='word_1_101' title='bbox 630 780 735 848; x_wconf 62' lang='lat' dir='ltr'>monn,</span> <span class='ocrx_word' id='word_1_102' title='bbox 749 780 798 846; x_wconf 86' lang='lat' dir='ltr'>qui</span> <span class='ocrx_word' id='word_1_103' title='bbox 808 786 865 831; x_wconf 86' lang='lat' dir='ltr'>stat</span> <span class='ocrx_word' id='word_1_104' title='bbox 874 787 899 830; x_wconf 86' lang='lat' dir='ltr'>et</span> <span class='ocrx_word' id='word_1_105' title='bbox 910 772 913 811; x_wconf 82' lang='lat' dir='ltr'>t</span> <span class='ocrx_word' id='word_1_106' title='bbox 924 796 949 831; x_wconf 88' lang='lat' dir='ltr'>v.</span> <span class='ocrx_word' id='word_1_107' title='bbox 968 784 992 834; x_wconf 82' lang='lat' dir='ltr'>t.</span> <span class='ocrx_word' id='word_1_108' title='bbox 1014 787 1042 834; x_wconf 93' lang='lat' dir='ltr'>et</span> <span class='ocrx_word' id='word_1_109' title='bbox 1060 789 1085 836; x_wconf 81' lang='lat'>5.</span> <span class='ocrx_word' id='word_1_110' title='bbox 1104 781 1220 847; x_wconf 85' lang='lat' dir='ltr'>dixerat,</span> <span class='ocrx_word' id='word_1_111' title='bbox 1237 781 1289 835; x_wconf 89' lang='lat' dir='ltr'>hoc</span> <span class='ocrx_word' id='word_1_112' title='bbox 1308 790 1350 837; x_wconf 89' lang='lat' dir='ltr'>est</span> <span class='ocrx_word' id='word_1_113' title='bbox 1369 783 1434 853; x_wconf 89' lang='lat' dir='ltr'>quia</span> <span class='ocrx_word' id='word_1_114' title='bbox 1454 784 1579 854; x_wconf 85' lang='lat' dir='ltr'>plerique</span> <span class='ocrx_word' id='word_1_115' title='bbox 1603 784 1757 837; x_wconf 88' lang='lat' dir='ltr'>Johannem</span> 
     </span>
     <span class='ocr_line' id='line_1_8' title="bbox 58 819 1757 949; baseline 0.005 -33"><span class='ocrx_word' id='word_1_116' title='bbox 58 867 141 916; x_wconf 87' lang='lat' dir='ltr'>audit</span> <span class='ocrx_word' id='word_1_117' title='bbox 154 881 223 927; x_wconf 78' lang='lat' dir='ltr'>euni,</span> <span class='ocrx_word' id='word_1_118' title='bbox 236 868 340 931; x_wconf 81' lang='lat' dir='ltr'>pandet</span> <span class='ocrx_word' id='word_1_119' title='bbox 348 874 467 934; x_wconf 88' lang='lat' dir='ltr'>propter</span> <span class='ocrx_word' id='word_1_120' title='bbox 483 883 574 919; x_wconf 85' lang='lat' dir='ltr'>uocem</span> <span class='ocrx_word' id='word_1_121' title='bbox 585 867 690 933; x_wconf 72' lang='lat' dir='ltr'>spionsi.</span> <span class='ocrx_word' id='word_1_122' title='bbox 706 883 731 920; x_wconf 86' lang='lat' dir='ltr'>v.</span> <span class='ocrx_word' id='word_1_123' title='bbox 745 871 785 919; x_wconf 76' lang='lat'>35.</span> <span class='ocrx_word' id='word_1_124' title='bbox 807 866 899 917; x_wconf 88' lang='lat' dir='ltr'>Pater</span> <span class='ocrx_word' id='word_1_125' title='bbox 910 819 1080 949; x_wconf 59' lang='lat' dir='ltr'>iBaptistam</span> <span class='ocrx_word' id='word_1_126' title='bbox 1104 868 1214 922; x_wconf 83' lang='lat' dir='ltr'>Christo</span> <span class='ocrx_word' id='word_1_127' title='bbox 1238 870 1411 939; x_wconf 79' lang='lat' dir='ltr'>aequabant,</span> <span class='ocrx_word' id='word_1_128' title='bbox 1439 871 1484 924; x_wconf 83' lang='lat' dir='ltr'>vel</span> <span class='ocrx_word' id='word_1_129' title='bbox 1513 872 1596 924; x_wconf 88' lang='lat' dir='ltr'>etiam</span> <span class='ocrx_word' id='word_1_130' title='bbox 1617 871 1757 939; x_wconf 85' lang='lat' dir='ltr'>praefero·</span> 
     </span>
     <span class='ocr_line' id='line_1_9' title="bbox 63 951 1778 1024; baseline 0.004 -23"><span class='ocrx_word' id='word_1_131' title='bbox 63 951 161 1015; x_wconf 79' lang='lat' dir='ltr'>diiipit</span> <span class='ocrx_word' id='word_1_132' title='bbox 179 951 285 1003; x_wconf 84' lang='lat' dir='ltr'>Filium</span> <span class='ocrx_word' id='word_1_133' title='bbox 305 960 329 1003; x_wconf 89' lang='lat' dir='ltr'>et</span> <span class='ocrx_word' id='word_1_134' title='bbox 351 953 445 1004; x_wconf 89' lang='lat' dir='ltr'>amnia</span> <span class='ocrx_word' id='word_1_135' title='bbox 465 952 544 1005; x_wconf 87' lang='lat' dir='ltr'>dedit</span> <span class='ocrx_word' id='word_1_136' title='bbox 561 952 590 1004; x_wconf 90' lang='lat' dir='ltr'>in</span> <span class='ocrx_word' id='word_1_137' title='bbox 608 969 693 1004; x_wconf 83' lang='lat' dir='ltr'>rauna</span> <span class='ocrx_word' id='word_1_138' title='bbox 721 952 790 1018; x_wconf 79' lang='lat' dir='ltr'>ejus.</span> <span class='ocrx_word' id='word_1_139' title='bbox 811 969 835 1004; x_wconf 87' lang='lat' dir='ltr'>v.</span> <span class='ocrx_word' id='word_1_140' title='bbox 857 955 897 1005; x_wconf 84' lang='grc'>311.</span> <span class='ocrx_word' id='word_1_141' title='bbox 924 953 1006 1015; x_wconf 90' lang='lat' dir='ltr'>bant,</span> <span class='ocrx_word' id='word_1_142' title='bbox 1037 952 1100 1007; x_wconf 90' lang='lat' dir='ltr'>ideo</span> <span class='ocrx_word' id='word_1_143' title='bbox 1127 957 1298 1024; x_wconf 88' lang='lat' dir='ltr'>evangelista</span> <span class='ocrx_word' id='word_1_144' title='bbox 1322 956 1443 1011; x_wconf 76' lang='lat' dir='ltr'>ostendit</span> <span class='ocrx_word' id='word_1_145' title='bbox 1478 955 1662 1010; x_wconf 88' lang='lat' dir='ltr'>differentiam</span> <span class='ocrx_word' id='word_1_146' title='bbox 1688 957 1778 1008; x_wconf 87' lang='lat' dir='ltr'>inter·</span> 
     </span>
     <span class='ocr_line' id='line_1_10' title="bbox 62 1035 1759 1109; baseline 0.004 -24"><span class='ocrx_word' id='word_1_147' title='bbox 62 1036 119 1096; x_wconf 76' lang='lat' dir='ltr'>Qui</span> <span class='ocrx_word' id='word_1_148' title='bbox 138 1037 228 1089; x_wconf 81' lang='lat' dir='ltr'>credit</span> <span class='ocrx_word' id='word_1_149' title='bbox 247 1038 276 1089; x_wconf 87' lang='lat' dir='ltr'>in</span> <span class='ocrx_word' id='word_1_150' title='bbox 289 1038 407 1104; x_wconf 83' lang='lat' dir='ltr'>Filium,</span> <span class='ocrx_word' id='word_1_151' title='bbox 437 1039 519 1090; x_wconf 79' lang='lat' dir='ltr'>habet</span> <span class='ocrx_word' id='word_1_152' title='bbox 536 1039 622 1090; x_wconf 84' lang='lat' dir='ltr'>uitam</span> <span class='ocrx_word' id='word_1_153' title='bbox 639 1046 789 1090; x_wconf 83' lang='lat' dir='ltr'>aeternam.</span> <span class='ocrx_word' id='word_1_154' title='bbox 823 1035 898 1090; x_wconf 88' lang='lat' dir='ltr'>Nihil</span> <span class='ocrx_word' id='word_1_155' title='bbox 924 1038 1073 1093; x_wconf 89' lang='lat' dir='ltr'>Dominum</span> <span class='ocrx_word' id='word_1_156' title='bbox 1085 1046 1112 1093; x_wconf 89' lang='lat' dir='ltr'>et</span> <span class='ocrx_word' id='word_1_157' title='bbox 1128 1040 1290 1095; x_wconf 90' lang='lat' dir='ltr'>ministrum.</span> <span class='ocrx_word' id='word_1_158' title='bbox 1317 1041 1458 1096; x_wconf 78' lang='lat' dir='ltr'>iohannes</span> <span class='ocrx_word' id='word_1_159' title='bbox 1469 1042 1523 1095; x_wconf 85' lang='lat' dir='ltr'>fuit</span> <span class='ocrx_word' id='word_1_160' title='bbox 1533 1042 1623 1109; x_wconf 86' lang='lat' dir='ltr'>homa,</span> <span class='ocrx_word' id='word_1_161' title='bbox 1635 1041 1759 1096; x_wconf 88' lang='lat' dir='ltr'>Christus</span> 
     </span>
     <span class='ocr_line' id='line_1_11' title="bbox 60 1121 1758 1193; baseline 0.004 -19"><span class='ocrx_word' id='word_1_162' title='bbox 60 1122 145 1174; x_wconf 88' lang='lat' dir='ltr'>etiam</span> <span class='ocrx_word' id='word_1_163' title='bbox 168 1124 204 1175; x_wconf 86' lang='lat' dir='ltr'>ad</span> <span class='ocrx_word' id='word_1_164' title='bbox 227 1141 275 1177; x_wconf 90' lang='lat' dir='ltr'>nos</span> <span class='ocrx_word' id='word_1_165' title='bbox 302 1123 460 1177; x_wconf 86' lang='lat' dir='ltr'>attinebant</span> <span class='ocrx_word' id='word_1_166' title='bbox 483 1138 582 1192; x_wconf 70' lang='lat' dir='ltr'>grain</span> <span class='ocrx_word' id='word_1_167' title='bbox 613 1122 678 1176; x_wconf 90' lang='lat' dir='ltr'>illae</span> <span class='ocrx_word' id='word_1_168' title='bbox 694 1121 897 1176; x_wconf 75' lang='lat' dir='ltr'>cohortationes</span> <span class='ocrx_word' id='word_1_169' title='bbox 925 1124 1027 1191; x_wconf 81' lang='grc' dir='ltr'>Λόγος,</span> <span class='ocrx_word' id='word_1_170' title='bbox 1046 1123 1133 1193; x_wconf 90' lang='lat' dir='ltr'>Deus,</span> <span class='ocrx_word' id='word_1_171' title='bbox 1150 1127 1208 1180; x_wconf 89' lang='lat' dir='ltr'>vita</span> <span class='ocrx_word' id='word_1_172' title='bbox 1229 1135 1256 1181; x_wconf 91' lang='lat' dir='ltr'>et</span> <span class='ocrx_word' id='word_1_173' title='bbox 1274 1126 1330 1180; x_wconf 87' lang='lat' dir='ltr'>lux.</span> <span class='ocrx_word' id='word_1_174' title='bbox 1361 1126 1503 1182; x_wconf 77' lang='lat' dir='ltr'>iohannes</span> <span class='ocrx_word' id='word_1_175' title='bbox 1516 1128 1758 1192; x_wconf 82' lang='lat' dir='ltr'>nonfuitmissus,</span> 
     </span>
     <span class='ocr_line' id='line_1_12' title="bbox 60 1206 1759 1283; baseline 0.004 -24"><span class='ocrx_word' id='word_1_176' title='bbox 60 1208 96 1259; x_wconf 89' lang='lat' dir='ltr'>ad</span> <span class='ocrx_word' id='word_1_177' title='bbox 117 1207 318 1275; x_wconf 90' lang='lat' dir='ltr'>poenitentiam</span> <span class='ocrx_word' id='word_1_178' title='bbox 332 1209 479 1277; x_wconf 87' lang='lat' dir='ltr'>agendam.</span> <span class='ocrx_word' id='word_1_179' title='bbox 496 1206 595 1261; x_wconf 88' lang='lat' dir='ltr'>Matth.</span> <span class='ocrx_word' id='word_1_180' title='bbox 614 1212 638 1275; x_wconf 87' lang='lat'>3,</span> <span class='ocrx_word' id='word_1_181' title='bbox 657 1225 681 1260; x_wconf 87' lang='lat' dir='ltr'>v.</span> <span class='ocrx_word' id='word_1_182' title='bbox 700 1212 729 1261; x_wconf 76' lang='lat'>2:</span> <span class='ocrx_word' id='word_1_183' title='bbox 750 1208 897 1260; x_wconf 87' lang='lat' dir='ltr'>Paeniten-</span> <span class='ocrx_word' id='word_1_184' title='bbox 926 1216 956 1262; x_wconf 92' lang='lat' dir='ltr'>ut</span> <span class='ocrx_word' id='word_1_185' title='bbox 973 1215 1046 1263; x_wconf 91' lang='lat' dir='ltr'>esset</span> <span class='ocrx_word' id='word_1_186' title='bbox 1069 1208 1211 1279; x_wconf 84' lang='lat' dir='ltr'>ipsa-lux,</span> <span class='ocrx_word' id='word_1_187' title='bbox 1238 1210 1287 1265; x_wconf 88' lang='lat' dir='ltr'>sed</span> <span class='ocrx_word' id='word_1_188' title='bbox 1311 1218 1343 1264; x_wconf 89' lang='lat' dir='ltr'>ut</span> <span class='ocrx_word' id='word_1_189' title='bbox 1366 1212 1401 1264; x_wconf 91' lang='lat' dir='ltr'>de</span> <span class='ocrx_word' id='word_1_190' title='bbox 1421 1211 1546 1276; x_wconf 77' lang='lat' dir='ltr'>Christo,</span> <span class='ocrx_word' id='word_1_191' title='bbox 1574 1214 1622 1283; x_wconf 93' lang='lat' dir='ltr'>qui</span> <span class='ocrx_word' id='word_1_192' title='bbox 1641 1230 1711 1266; x_wconf 89' lang='lat' dir='ltr'>unus</span> <span class='ocrx_word' id='word_1_193' title='bbox 1731 1223 1759 1268; x_wconf 91' lang='lat' dir='ltr'>et</span> 
     </span>
     <span class='ocr_line' id='line_1_13' title="bbox 59 1293 1758 1369; baseline 0.005 -26"><span class='ocrx_word' id='word_1_194' title='bbox 59 1295 129 1344; x_wconf 89' lang='lat' dir='ltr'>tiam</span> <span class='ocrx_word' id='word_1_195' title='bbox 148 1295 241 1361; x_wconf 79' lang='lat' dir='ltr'>apite,</span> <span class='ocrx_word' id='word_1_196' title='bbox 271 1294 508 1362; x_wconf 79' lang='lat' dir='ltr'>appropinquavit</span> <span class='ocrx_word' id='word_1_197' title='bbox 526 1294 598 1346; x_wconf 90' lang='lat' dir='ltr'>enim</span> <span class='ocrx_word' id='word_1_198' title='bbox 616 1309 732 1360; x_wconf 83' lang='lat' dir='ltr'>repnum</span> <span class='ocrx_word' id='word_1_199' title='bbox 749 1293 897 1345; x_wconf 86' lang='lat' dir='ltr'>coelorum.</span> <span class='ocrx_word' id='word_1_200' title='bbox 924 1295 999 1348; x_wconf 91' lang='lat' dir='ltr'>solus</span> <span class='ocrx_word' id='word_1_201' title='bbox 1019 1302 1061 1349; x_wconf 91' lang='lat' dir='ltr'>est</span> <span class='ocrx_word' id='word_1_202' title='bbox 1079 1311 1144 1349; x_wconf 86' lang='lat' dir='ltr'>vera</span> <span class='ocrx_word' id='word_1_203' title='bbox 1168 1295 1217 1351; x_wconf 88' lang='lat' dir='ltr'>illa</span> <span class='ocrx_word' id='word_1_204' title='bbox 1245 1296 1291 1350; x_wconf 83' lang='lat' dir='ltr'>lux</span> <span class='ocrx_word' id='word_1_205' title='bbox 1320 1297 1461 1366; x_wconf 79' lang='lat' dir='ltr'>depellens</span> <span class='ocrx_word' id='word_1_206' title='bbox 1487 1300 1614 1353; x_wconf 90' lang='lat' dir='ltr'>tenebras</span> <span class='ocrx_word' id='word_1_207' title='bbox 1631 1299 1758 1369; x_wconf 89' lang='lat' dir='ltr'>ignoran-</span> 
     </span>
    </p>

    <p class='ocr_par' dir='ltr' id='par_1_3' title="bbox 10 1380 1835 2906">
     <span class='ocr_line' id='line_1_14' title="bbox 10 1380 1758 1455; baseline 0.003 -24"><span class='ocrx_word' id='word_1_208' title='bbox 10 1380 45 1420; x_wconf 79' lang='lat' dir='ltr'>aa.</span> <span class='ocrx_word' id='word_1_209' title='bbox 58 1396 84 1433; x_wconf 88' lang='lat' dir='ltr'>v.</span> <span class='ocrx_word' id='word_1_210' title='bbox 113 1386 138 1433; x_wconf 81' lang='lat' dir='ltr'>s.</span> <span class='ocrx_word' id='word_1_211' title='bbox 183 1380 282 1433; x_wconf 85' lang='lat' dir='ltr'>Facite</span> <span class='ocrx_word' id='word_1_212' title='bbox 305 1382 424 1446; x_wconf 75' lang='lat' dir='ltr'>frustm</span> <span class='ocrx_word' id='word_1_213' title='bbox 452 1381 626 1448; x_wconf 85' lang='lat' dir='ltr'>poenitentia</span> <span class='ocrx_word' id='word_1_214' title='bbox 656 1380 766 1446; x_wconf 81' lang='lat' dir='ltr'>dipnos.</span> <span class='ocrx_word' id='word_1_215' title='bbox 797 1397 822 1430; x_wconf 87' lang='lat' dir='ltr'>v.</span> <span class='ocrx_word' id='word_1_216' title='bbox 857 1383 896 1432; x_wconf 84' lang='lat'>10.</span> <span class='ocrx_word' id='word_1_217' title='bbox 924 1381 992 1445; x_wconf 86' lang='lat' dir='ltr'>tiae,</span> <span class='ocrx_word' id='word_1_218' title='bbox 1011 1389 1189 1449; x_wconf 88' lang='lat' dir='ltr'>peccatorum</span> <span class='ocrx_word' id='word_1_219' title='bbox 1202 1399 1236 1436; x_wconf 89' lang='lat' dir='ltr'>ac</span> <span class='ocrx_word' id='word_1_220' title='bbox 1253 1383 1356 1446; x_wconf 88' lang='lat' dir='ltr'>mortis,</span> <span class='ocrx_word' id='word_1_221' title='bbox 1372 1382 1572 1438; x_wconf 85' lang='lat' dir='ltr'>testificaretur.</span> <span class='ocrx_word' id='word_1_222' title='bbox 1595 1384 1636 1436; x_wconf 86' lang='lat' dir='ltr'>Ex</span> <span class='ocrx_word' id='word_1_223' title='bbox 1658 1401 1690 1437; x_wconf 91' lang='lat' dir='ltr'>eo</span> <span class='ocrx_word' id='word_1_224' title='bbox 1707 1384 1758 1455; x_wconf 86' lang='lat' dir='ltr'>igi·</span> 
     </span>
     <span class='ocr_line' id='line_1_15' title="bbox 61 1465 1759 1539; baseline 0.004 -23"><span class='ocrx_word' id='word_1_225' title='bbox 61 1465 158 1516; x_wconf 86' lang='lat' dir='ltr'>Omnis</span> <span class='ocrx_word' id='word_1_226' title='bbox 179 1467 273 1531; x_wconf 81' lang='lat' dir='ltr'>arbor,</span> <span class='ocrx_word' id='word_1_227' title='bbox 292 1482 365 1534; x_wconf 84' lang='lat' dir='ltr'>quae</span> <span class='ocrx_word' id='word_1_228' title='bbox 384 1485 441 1518; x_wconf 88' lang='lat' dir='ltr'>non</span> <span class='ocrx_word' id='word_1_229' title='bbox 458 1468 532 1528; x_wconf 81' lang='lat' dir='ltr'>facit</span> <span class='ocrx_word' id='word_1_230' title='bbox 550 1468 676 1528; x_wconf 67' lang='lat' dir='ltr'>frutetum</span> <span class='ocrx_word' id='word_1_231' title='bbox 695 1466 810 1529; x_wconf 71' lang='lat' dir='ltr'>boisum,</span> <span class='ocrx_word' id='word_1_232' title='bbox 829 1465 897 1516; x_wconf 78' lang='lat' dir='ltr'>erci-</span> <span class='ocrx_word' id='word_1_233' title='bbox 925 1472 970 1518; x_wconf 88' lang='lat' dir='ltr'>tur</span> <span class='ocrx_word' id='word_1_234' title='bbox 1000 1482 1055 1519; x_wconf 91' lang='lat' dir='ltr'>non</span> <span class='ocrx_word' id='word_1_235' title='bbox 1080 1471 1173 1535; x_wconf 90' lang='lat' dir='ltr'>potest</span> <span class='ocrx_word' id='word_1_236' title='bbox 1199 1483 1250 1521; x_wconf 89' lang='lat' dir='ltr'>nec</span> <span class='ocrx_word' id='word_1_237' title='bbox 1279 1468 1363 1522; x_wconf 88' lang='lat' dir='ltr'>debet</span> <span class='ocrx_word' id='word_1_238' title='bbox 1379 1467 1489 1531; x_wconf 87' lang='lat' dir='ltr'>inferri,</span> <span class='ocrx_word' id='word_1_239' title='bbox 1518 1471 1593 1539; x_wconf 93' lang='lat' dir='ltr'>quod</span> <span class='ocrx_word' id='word_1_240' title='bbox 1617 1468 1759 1523; x_wconf 72' lang='lat' dir='ltr'>iohannes</span> 
     </span>
     <span class='ocr_line' id='line_1_16' title="bbox 59 1549 1760 1624; baseline 0.004 -23"><span class='ocrx_word' id='word_1_241' title='bbox 59 1553 140 1602; x_wconf 75' lang='lat' dir='ltr'>‹iiticr</span> <span class='ocrx_word' id='word_1_242' title='bbox 152 1559 178 1602; x_wconf 87' lang='lat' dir='ltr'>et</span> <span class='ocrx_word' id='word_1_243' title='bbox 192 1552 223 1602; x_wconf 91' lang='lat' dir='ltr'>in</span> <span class='ocrx_word' id='word_1_244' title='bbox 235 1552 326 1616; x_wconf 78' lang='lat' dir='ltr'>ipnem</span> <span class='ocrx_word' id='word_1_245' title='bbox 338 1552 466 1605; x_wconf 79' lang='lat' dir='ltr'>mittitur.</span> <span class='ocrx_word' id='word_1_246' title='bbox 494 1557 518 1605; x_wconf 84' lang='grc'>4.</span> <span class='ocrx_word' id='word_1_247' title='bbox 533 1551 648 1604; x_wconf 82' lang='lat' dir='ltr'>Frustra</span> <span class='ocrx_word' id='word_1_248' title='bbox 660 1550 763 1620; x_wconf 84' lang='lat' dir='ltr'>regerit</span> <span class='ocrx_word' id='word_1_249' title='bbox 776 1549 897 1603; x_wconf 76' lang='grc'>80110101-</span> <span class='ocrx_word' id='word_1_250' title='bbox 925 1550 1000 1603; x_wconf 89' lang='lat' dir='ltr'>nullo</span> <span class='ocrx_word' id='word_1_251' title='bbox 1031 1551 1112 1604; x_wconf 91' lang='lat' dir='ltr'>modo</span> <span class='ocrx_word' id='word_1_252' title='bbox 1140 1551 1224 1606; x_wconf 89' lang='lat' dir='ltr'>fuerit</span> <span class='ocrx_word' id='word_1_253' title='bbox 1250 1554 1296 1606; x_wconf 84' lang='lat' dir='ltr'>lux</span> <span class='ocrx_word' id='word_1_254' title='bbox 1321 1561 1349 1606; x_wconf 90' lang='lat' dir='ltr'>et</span> <span class='ocrx_word' id='word_1_255' title='bbox 1374 1555 1449 1624; x_wconf 88' lang='lat' dir='ltr'>qnod</span> <span class='ocrx_word' id='word_1_256' title='bbox 1473 1553 1609 1609; x_wconf 75' lang='lat' dir='ltr'>iohannis</span> <span class='ocrx_word' id='word_1_257' title='bbox 1633 1555 1760 1608; x_wconf 76' lang='lat' dir='ltr'>donnino</span> 
     </span>
     <span class='ocr_line' id='line_1_17' title="bbox 59 1636 1759 1708; baseline 0.001 -19"><span class='ocrx_word' id='word_1_258' title='bbox 59 1636 141 1704; x_wconf 84' lang='lat' dir='ltr'>taius,</span> <span class='ocrx_word' id='word_1_259' title='bbox 164 1637 302 1690; x_wconf 72' lang='lat' dir='ltr'>Christum</span> <span class='ocrx_word' id='word_1_260' title='bbox 319 1653 378 1689; x_wconf 88' lang='lat' dir='ltr'>esse</span> <span class='ocrx_word' id='word_1_261' title='bbox 397 1637 538 1704; x_wconf 41' lang='lat' dir='ltr'>evoanpeiii</span> <span class='ocrx_word' id='word_1_262' title='bbox 554 1637 672 1703; x_wconf 71' lang='lat' dir='ltr'>iramque</span> <span class='ocrx_word' id='word_1_263' title='bbox 688 1637 897 1705; x_wconf 67' lang='grc' dir='ltr'>01110πά19000-</span> <span class='ocrx_word' id='word_1_264' title='bbox 925 1653 976 1689; x_wconf 92' lang='lat' dir='ltr'>nec</span> <span class='ocrx_word' id='word_1_265' title='bbox 1000 1638 1029 1690; x_wconf 90' lang='lat' dir='ltr'>in</span> <span class='ocrx_word' id='word_1_266' title='bbox 1054 1636 1123 1705; x_wconf 89' lang='lat' dir='ltr'>fide,</span> <span class='ocrx_word' id='word_1_267' title='bbox 1150 1653 1201 1692; x_wconf 90' lang='lat' dir='ltr'>nec</span> <span class='ocrx_word' id='word_1_268' title='bbox 1225 1639 1254 1691; x_wconf 91' lang='lat' dir='ltr'>in</span> <span class='ocrx_word' id='word_1_269' title='bbox 1277 1639 1336 1692; x_wconf 86' lang='lat' dir='ltr'>vita</span> <span class='ocrx_word' id='word_1_270' title='bbox 1364 1640 1451 1693; x_wconf 90' lang='lat' dir='ltr'>lucem</span> <span class='ocrx_word' id='word_1_271' title='bbox 1469 1640 1548 1693; x_wconf 89' lang='lat' dir='ltr'>nobis</span> <span class='ocrx_word' id='word_1_272' title='bbox 1565 1646 1700 1708; x_wconf 88' lang='lat' dir='ltr'>praestet,</span> <span class='ocrx_word' id='word_1_273' title='bbox 1727 1646 1759 1692; x_wconf 94' lang='lat' dir='ltr'>ut</span> 
     </span>
     <span class='ocr_line' id='line_1_18' title="bbox 58 1721 1758 1794; baseline 0.001 -20"><span class='ocrx_word' id='word_1_274' title='bbox 58 1724 102 1774; x_wconf 87' lang='lat' dir='ltr'>ris</span> <span class='ocrx_word' id='word_1_275' title='bbox 120 1729 270 1786; x_wconf 88' lang='lat' dir='ltr'>auctorem,</span> <span class='ocrx_word' id='word_1_276' title='bbox 290 1721 342 1776; x_wconf 90' lang='lat' dir='ltr'>hoc</span> <span class='ocrx_word' id='word_1_277' title='bbox 355 1728 404 1788; x_wconf 88' lang='lat' dir='ltr'>est,</span> <span class='ocrx_word' id='word_1_278' title='bbox 425 1728 456 1774; x_wconf 91' lang='lat' dir='ltr'>ut</span> <span class='ocrx_word' id='word_1_279' title='bbox 475 1721 542 1774; x_wconf 91' lang='lat' dir='ltr'>alibi</span> <span class='ocrx_word' id='word_1_280' title='bbox 560 1729 680 1774; x_wconf 91' lang='lat' dir='ltr'>mentem</span> <span class='ocrx_word' id='word_1_281' title='bbox 697 1738 776 1775; x_wconf 89' lang='lat' dir='ltr'>suam</span> <span class='ocrx_word' id='word_1_282' title='bbox 797 1721 898 1775; x_wconf 88' lang='lat' dir='ltr'>clarius</span> <span class='ocrx_word' id='word_1_283' title='bbox 925 1721 1107 1776; x_wconf 83' lang='lat' dir='ltr'>Schmaltnius</span> <span class='ocrx_word' id='word_1_284' title='bbox 1135 1724 1295 1790; x_wconf 85' lang='lat' dir='ltr'>contendit,</span> <span class='ocrx_word' id='word_1_285' title='bbox 1328 1725 1393 1794; x_wconf 91' lang='lat' dir='ltr'>quia</span> <span class='ocrx_word' id='word_1_286' title='bbox 1421 1725 1480 1793; x_wconf 92' lang='lat' dir='ltr'>ipse</span> <span class='ocrx_word' id='word_1_287' title='bbox 1506 1725 1677 1794; x_wconf 83' lang='lat' dir='ltr'>evangelista</span> <span class='ocrx_word' id='word_1_288' title='bbox 1695 1740 1758 1777; x_wconf 86' lang='lat' dir='ltr'>con·</span> 
     </span>
     <span class='ocr_line' id='line_1_19' title="bbox 60 1796 1758 1880; baseline 0 -19"><span class='ocrx_word' id='word_1_289' title='bbox 60 1809 188 1876; x_wconf 85' lang='lat' dir='ltr'>exponit,</span> <span class='ocrx_word' id='word_1_290' title='bbox 215 1808 355 1861; x_wconf 75' lang='lat' dir='ltr'>Christum</span> <span class='ocrx_word' id='word_1_291' title='bbox 379 1810 627 1880; x_wconf 83' lang='lat' dir='ltr'>nososquasdam</span> <span class='ocrx_word' id='word_1_292' title='bbox 647 1796 721 1877; x_wconf 78' lang='lat' dir='ltr'>lepos</span> <span class='ocrx_word' id='word_1_293' title='bbox 741 1809 897 1860; x_wconf 71' lang='lat' dir='ltr'>tradidisti&gt;</span> <span class='ocrx_word' id='word_1_294' title='bbox 925 1806 1039 1859; x_wconf 74' lang='lat' dir='ltr'>tranum</span> <span class='ocrx_word' id='word_1_295' title='bbox 1057 1808 1170 1876; x_wconf 85' lang='lat' dir='ltr'>subjicit</span> <span class='ocrx_word' id='word_1_296' title='bbox 1188 1825 1213 1861; x_wconf 76' lang='lat' dir='ltr'>u.</span> <span class='ocrx_word' id='word_1_297' title='bbox 1236 1815 1267 1862; x_wconf 77' lang='lat' dir='ltr'>i:</span> <span class='ocrx_word' id='word_1_298' title='bbox 1299 1809 1354 1861; x_wconf 88' lang='lat' dir='ltr'>Hie</span> <span class='ocrx_word' id='word_1_299' title='bbox 1371 1811 1445 1861; x_wconf 78' lang='lat' dir='ltr'>uertit</span> <span class='ocrx_word' id='word_1_300' title='bbox 1463 1811 1494 1862; x_wconf 88' lang='lat' dir='ltr'>in</span> <span class='ocrx_word' id='word_1_301' title='bbox 1514 1808 1705 1876; x_wconf 82' lang='lat' dir='ltr'>testimonium,</span> <span class='ocrx_word' id='word_1_302' title='bbox 1728 1818 1758 1861; x_wconf 86' lang='lat' dir='ltr'>ut</span> 
     </span>
     <span class='ocr_line' id='line_1_20' title="bbox 61 1893 1757 1963; baseline 0.002 -18"><span class='ocrx_word' id='word_1_303' title='bbox 61 1902 86 1945; x_wconf 82' lang='lat' dir='ltr'>et</span> <span class='ocrx_word' id='word_1_304' title='bbox 102 1895 266 1962; x_wconf 76' lang='lat' dir='ltr'>praeceptio</span> <span class='ocrx_word' id='word_1_305' title='bbox 292 1895 432 1947; x_wconf 80' lang='lat' dir='ltr'>Mosaici&#39;s</span> <span class='ocrx_word' id='word_1_306' title='bbox 455 1896 596 1961; x_wconf 79' lang='lat' dir='ltr'>quaedam</span> <span class='ocrx_word' id='word_1_307' title='bbox 618 1893 797 1962; x_wconf 80' lang='lat' dir='ltr'>perfectiora</span> <span class='ocrx_word' id='word_1_308' title='bbox 820 1909 897 1944; x_wconf 86' lang='lat' dir='ltr'>man·</span> <span class='ocrx_word' id='word_1_309' title='bbox 926 1893 1109 1944; x_wconf 86' lang='lat' dir='ltr'>testimonium</span> <span class='ocrx_word' id='word_1_310' title='bbox 1131 1893 1289 1963; x_wconf 77' lang='lat' dir='ltr'>perhiberet</span> <span class='ocrx_word' id='word_1_311' title='bbox 1317 1896 1353 1947; x_wconf 88' lang='lat' dir='ltr'>de</span> <span class='ocrx_word' id='word_1_312' title='bbox 1372 1896 1488 1961; x_wconf 76' lang='lat' dir='ltr'>lamnae,</span> <span class='ocrx_word' id='word_1_313' title='bbox 1506 1904 1536 1947; x_wconf 89' lang='lat' dir='ltr'>ut</span> <span class='ocrx_word' id='word_1_314' title='bbox 1553 1913 1644 1948; x_wconf 82' lang='lat' dir='ltr'>ornnes</span> <span class='ocrx_word' id='word_1_315' title='bbox 1664 1897 1757 1948; x_wconf 87' lang='lat' dir='ltr'>crede·</span> 
     </span>
     <span class='ocr_line' id='line_1_21' title="bbox 60 1979 1759 2049; baseline 0.001 -18"><span class='ocrx_word' id='word_1_316' title='bbox 60 1982 132 2032; x_wconf 81' lang='lat' dir='ltr'>data</span> <span class='ocrx_word' id='word_1_317' title='bbox 148 1981 311 2042; x_wconf 72' lang='lat' dir='ltr'>addidisse,</span> <span class='ocrx_word' id='word_1_318' title='bbox 334 1979 363 2032; x_wconf 92' lang='lat' dir='ltr'>id</span> <span class='ocrx_word' id='word_1_319' title='bbox 380 1979 453 2033; x_wconf 91' lang='lat' dir='ltr'>enim</span> <span class='ocrx_word' id='word_1_320' title='bbox 472 1980 563 2032; x_wconf 91' lang='lat' dir='ltr'>adhuc</span> <span class='ocrx_word' id='word_1_321' title='bbox 582 1980 610 2032; x_wconf 89' lang='lat' dir='ltr'>in</span> <span class='ocrx_word' id='word_1_322' title='bbox 629 1979 790 2049; x_wconf 73' lang='lat' dir='ltr'>quaestione</span> <span class='ocrx_word' id='word_1_323' title='bbox 806 1987 849 2031; x_wconf 89' lang='lat' dir='ltr'>est</span> <span class='ocrx_word' id='word_1_324' title='bbox 867 1986 895 2032; x_wconf 90' lang='lat' dir='ltr'>et</span> <span class='ocrx_word' id='word_1_325' title='bbox 925 1988 988 2031; x_wconf 88' lang='lat' dir='ltr'>rent</span> <span class='ocrx_word' id='word_1_326' title='bbox 1004 1996 1058 2046; x_wconf 89' lang='lat' dir='ltr'>per</span> <span class='ocrx_word' id='word_1_327' title='bbox 1078 1980 1175 2046; x_wconf 83' lang='lat' dir='ltr'>iiiam,</span> <span class='ocrx_word' id='word_1_328' title='bbox 1202 1979 1254 2033; x_wconf 92' lang='lat' dir='ltr'>hoo</span> <span class='ocrx_word' id='word_1_329' title='bbox 1276 1986 1318 2035; x_wconf 91' lang='lat' dir='ltr'>est</span> <span class='ocrx_word' id='word_1_330' title='bbox 1336 1980 1518 2035; x_wconf 88' lang='lat' dir='ltr'>ministerium</span> <span class='ocrx_word' id='word_1_331' title='bbox 1539 1981 1683 2049; x_wconf 86' lang='lat' dir='ltr'>Baptistae</span> <span class='ocrx_word' id='word_1_332' title='bbox 1704 1981 1759 2034; x_wconf 85' lang='lat' dir='ltr'>fuit</span> 
     </span>
     <span class='ocr_line' id='line_1_22' title="bbox 60 2063 1758 2136; baseline 0.003 -20"><span class='ocrx_word' id='word_1_333' title='bbox 60 2082 112 2118; x_wconf 90' lang='lat' dir='ltr'>suo</span> <span class='ocrx_word' id='word_1_334' title='bbox 132 2064 192 2118; x_wconf 88' lang='lat' dir='ltr'>loeo</span> <span class='ocrx_word' id='word_1_335' title='bbox 204 2065 373 2118; x_wconf 74' lang='lat' dir='ltr'>conuarium</span> <span class='ocrx_word' id='word_1_336' title='bbox 386 2065 526 2121; x_wconf 87' lang='lat' dir='ltr'>luculente</span> <span class='ocrx_word' id='word_1_337' title='bbox 540 2065 750 2119; x_wconf 86' lang='lat' dir='ltr'>demonstratur.</span> <span class='ocrx_word' id='word_1_338' title='bbox 777 2064 835 2119; x_wconf 91' lang='lat' dir='ltr'>Nos</span> <span class='ocrx_word' id='word_1_339' title='bbox 847 2063 899 2118; x_wconf 92' lang='lat' dir='ltr'>hoc</span> <span class='ocrx_word' id='word_1_340' title='bbox 926 2065 1048 2119; x_wconf 88' lang='lat' dir='ltr'>salutare</span> <span class='ocrx_word' id='word_1_341' title='bbox 1067 2072 1096 2118; x_wconf 90' lang='lat' dir='ltr'>et</span> <span class='ocrx_word' id='word_1_342' title='bbox 1114 2065 1213 2119; x_wconf 84' lang='lat' dir='ltr'>efficax</span> <span class='ocrx_word' id='word_1_343' title='bbox 1233 2082 1376 2135; x_wconf 88' lang='lat' dir='ltr'>organum,</span> <span class='ocrx_word' id='word_1_344' title='bbox 1397 2084 1447 2136; x_wconf 90' lang='lat' dir='ltr'>per</span> <span class='ocrx_word' id='word_1_345' title='bbox 1465 2067 1540 2136; x_wconf 90' lang='lat' dir='ltr'>quod</span> <span class='ocrx_word' id='word_1_346' title='bbox 1560 2066 1654 2120; x_wconf 88' lang='lat' dir='ltr'>divina</span> <span class='ocrx_word' id='word_1_347' title='bbox 1672 2068 1758 2121; x_wconf 88' lang='lat' dir='ltr'>virtus</span> 
     </span>
     <span class='ocr_line' id='line_1_23' title="bbox 59 2141 1835 2220; baseline 0.002 -18"><span class='ocrx_word' id='word_1_348' title='bbox 59 2149 122 2203; x_wconf 91' lang='lat' dir='ltr'>loco</span> <span class='ocrx_word' id='word_1_349' title='bbox 140 2157 237 2203; x_wconf 84' lang='lat' dir='ltr'>contra</span> <span class='ocrx_word' id='word_1_350' title='bbox 256 2149 452 2205; x_wconf 85' lang='lat' dir='ltr'>Schmaltzium</span> <span class='ocrx_word' id='word_1_351' title='bbox 470 2150 510 2203; x_wconf 89' lang='lat' dir='ltr'>sic</span> <span class='ocrx_word' id='word_1_352' title='bbox 531 2150 730 2204; x_wconf 87' lang='lat' dir='ltr'>concludimus.</span> <span class='ocrx_word' id='word_1_353' title='bbox 761 2148 839 2211; x_wconf 78' lang='lat' dir='ltr'>Quae</span> <span class='ocrx_word' id='word_1_354' title='bbox 857 2157 899 2203; x_wconf 89' lang='lat' dir='ltr'>est</span> <span class='ocrx_word' id='word_1_355' title='bbox 926 2150 1049 2204; x_wconf 87' lang='lat' dir='ltr'>homines</span> <span class='ocrx_word' id='word_1_356' title='bbox 1067 2150 1292 2220; x_wconf 89' lang='lat' dir='ltr'>adagnitionem</span> <span class='ocrx_word' id='word_1_357' title='bbox 1321 2161 1349 2206; x_wconf 90' lang='lat' dir='ltr'>et</span> <span class='ocrx_word' id='word_1_358' title='bbox 1372 2149 1455 2205; x_wconf 86' lang='lat' dir='ltr'>fidem</span> <span class='ocrx_word' id='word_1_359' title='bbox 1476 2151 1578 2204; x_wconf 79' lang='lat' dir='ltr'>Christi</span> <span class='ocrx_word' id='word_1_360' title='bbox 1597 2152 1714 2205; x_wconf 80' lang='lat' dir='ltr'>adduxit</span> <span class='ocrx_word' id='word_1_361' title='bbox 1731 2160 1758 2206; x_wconf 92' lang='lat' dir='ltr'>et</span> <span class='ocrx_word' id='word_1_362' title='bbox 1820 2141 1835 2180; x_wconf 72' lang='lat'>·&#39;</span> 
     </span>
     <span class='ocr_line' id='line_1_24' title="bbox 59 2235 1759 2307; baseline 0.001 -19"><span class='ocrx_word' id='word_1_363' title='bbox 59 2235 131 2288; x_wconf 89' lang='lat' dir='ltr'>ratio</span> <span class='ocrx_word' id='word_1_364' title='bbox 155 2235 279 2299; x_wconf 87' lang='lat' dir='ltr'>theseos,</span> <span class='ocrx_word' id='word_1_365' title='bbox 313 2236 411 2290; x_wconf 89' lang='lat' dir='ltr'>eadem</span> <span class='ocrx_word' id='word_1_366' title='bbox 435 2236 519 2289; x_wconf 91' lang='lat' dir='ltr'>etiam</span> <span class='ocrx_word' id='word_1_367' title='bbox 543 2235 613 2289; x_wconf 90' lang='lat' dir='ltr'>ratio</span> <span class='ocrx_word' id='word_1_368' title='bbox 640 2240 683 2287; x_wconf 90' lang='lat' dir='ltr'>est</span> <span class='ocrx_word' id='word_1_369' title='bbox 712 2235 898 2304; x_wconf 86' lang='lat' dir='ltr'>hypotheseos</span> <span class='ocrx_word' id='word_1_370' title='bbox 925 2237 1105 2301; x_wconf 83' lang='lat' dir='ltr'>illuminavit,</span> <span class='ocrx_word' id='word_1_371' title='bbox 1137 2253 1187 2304; x_wconf 86' lang='lat' dir='ltr'>per</span> <span class='ocrx_word' id='word_1_372' title='bbox 1216 2236 1291 2307; x_wconf 89' lang='lat' dir='ltr'>quod</span> <span class='ocrx_word' id='word_1_373' title='bbox 1317 2236 1353 2289; x_wconf 87' lang='lat' dir='ltr'>ad</span> <span class='ocrx_word' id='word_1_374' title='bbox 1381 2253 1476 2290; x_wconf 87' lang='lat' dir='ltr'>veram</span> <span class='ocrx_word' id='word_1_375' title='bbox 1508 2237 1705 2306; x_wconf 84' lang='lat' dir='ltr'>poenitentiam</span> <span class='ocrx_word' id='word_1_376' title='bbox 1731 2247 1759 2290; x_wconf 87' lang='grc'>01</span> 
     </span>
     <span class='ocr_line' id='line_1_25' title="bbox 59 2320 1759 2392; baseline 0.002 -19"><span class='ocrx_word' id='word_1_377' title='bbox 59 2320 133 2374; x_wconf 90' lang='lat' dir='ltr'>thesi</span> <span class='ocrx_word' id='word_1_378' title='bbox 149 2320 298 2390; x_wconf 87' lang='lat' dir='ltr'>subjectae.</span> <span class='ocrx_word' id='word_1_379' title='bbox 333 2321 389 2375; x_wconf 86' lang='lat' dir='ltr'>Sed</span> <span class='ocrx_word' id='word_1_380' title='bbox 408 2321 518 2374; x_wconf 86' lang='lat' dir='ltr'>theser</span> <span class='ocrx_word' id='word_1_381' title='bbox 536 2320 626 2386; x_wconf 83' lang='lat' dir='ltr'>ilbus,</span> <span class='ocrx_word' id='word_1_382' title='bbox 657 2337 739 2391; x_wconf 86' lang='lat' dir='ltr'>quam</span> <span class='ocrx_word' id='word_1_383' title='bbox 757 2320 898 2375; x_wconf 74' lang='lat' dir='ltr'>iohannes</span> <span class='ocrx_word' id='word_1_384' title='bbox 926 2322 1033 2375; x_wconf 80' lang='lat' dir='ltr'>fructus</span> <span class='ocrx_word' id='word_1_385' title='bbox 1051 2323 1223 2391; x_wconf 89' lang='lat' dir='ltr'>poenitentia</span> <span class='ocrx_word' id='word_1_386' title='bbox 1241 2322 1340 2390; x_wconf 88' lang='lat' dir='ltr'>dignos</span> <span class='ocrx_word' id='word_1_387' title='bbox 1357 2323 1500 2376; x_wconf 87' lang='lat' dir='ltr'>faciendos</span> <span class='ocrx_word' id='word_1_388' title='bbox 1530 2323 1604 2392; x_wconf 90' lang='lat' dir='ltr'>ipsos</span> <span class='ocrx_word' id='word_1_389' title='bbox 1629 2324 1759 2376; x_wconf 84' lang='lat' dir='ltr'>instruxit</span> 
     </span>
     <span class='ocr_line' id='line_1_26' title="bbox 59 2405 1757 2478; baseline 0.001 -20"><span class='ocrx_word' id='word_1_390' title='bbox 59 2405 189 2475; x_wconf 87' lang='lat' dir='ltr'>Baptista</span> <span class='ocrx_word' id='word_1_391' title='bbox 209 2407 340 2476; x_wconf 88' lang='lat' dir='ltr'>proponit</span> <span class='ocrx_word' id='word_1_392' title='bbox 359 2406 428 2461; x_wconf 89' lang='lat' dir='ltr'>Luc.</span> <span class='ocrx_word' id='word_1_393' title='bbox 449 2413 472 2469; x_wconf 86' lang='lat'>3,</span> <span class='ocrx_word' id='word_1_394' title='bbox 493 2411 564 2460; x_wconf 81' lang='lat' dir='ltr'>v.8:</span> <span class='ocrx_word' id='word_1_395' title='bbox 584 2406 683 2459; x_wconf 84' lang='lat' dir='ltr'>Facite</span> <span class='ocrx_word' id='word_1_396' title='bbox 695 2409 815 2473; x_wconf 84' lang='lat' dir='ltr'>fructus</span> <span class='ocrx_word' id='word_1_397' title='bbox 831 2425 896 2475; x_wconf 90' lang='lat' dir='ltr'>poe·</span> <span class='ocrx_word' id='word_1_398' title='bbox 926 2416 953 2462; x_wconf 88' lang='lat' dir='ltr'>et</span> <span class='ocrx_word' id='word_1_399' title='bbox 972 2408 1105 2462; x_wconf 81' lang='lat' dir='ltr'>invitavit.</span> <span class='ocrx_word' id='word_1_400' title='bbox 1147 2408 1337 2461; x_wconf 79' lang='lat' dir='ltr'>Falsissimum</span> <span class='ocrx_word' id='word_1_401' title='bbox 1357 2408 1515 2478; x_wconf 82' lang='lat' dir='ltr'>igiturest,</span> <span class='ocrx_word' id='word_1_402' title='bbox 1540 2410 1614 2478; x_wconf 91' lang='lat' dir='ltr'>quod</span> <span class='ocrx_word' id='word_1_403' title='bbox 1636 2407 1757 2461; x_wconf 75' lang='grc'>801111101-</span> 
     </span>
     <span class='ocr_line' id='line_1_27' title="bbox 59 2484 1758 2565; baseline 0.003 -22"><span class='ocrx_word' id='word_1_404' title='bbox 59 2493 179 2545; x_wconf 73' lang='lat' dir='ltr'>ridentia</span> <span class='ocrx_word' id='word_1_405' title='bbox 202 2494 311 2559; x_wconf 80' lang='lat' dir='ltr'>dipsas,</span> <span class='ocrx_word' id='word_1_406' title='bbox 329 2509 355 2547; x_wconf 83' lang='lat' dir='ltr'>v.</span> <span class='ocrx_word' id='word_1_407' title='bbox 376 2497 399 2547; x_wconf 87' lang='lat'>9.</span> <span class='ocrx_word' id='word_1_408' title='bbox 425 2492 532 2544; x_wconf 81' lang='lat' dir='ltr'>securis</span> <span class='ocrx_word' id='word_1_409' title='bbox 563 2493 604 2544; x_wconf 87' lang='lat' dir='ltr'>ad</span> <span class='ocrx_word' id='word_1_410' title='bbox 620 2493 746 2544; x_wconf 87' lang='lat' dir='ltr'>radicem</span> <span class='ocrx_word' id='word_1_411' title='bbox 765 2494 897 2544; x_wconf 71' lang='lat' dir='ltr'>arbonam</span> <span class='ocrx_word' id='word_1_412' title='bbox 924 2495 997 2549; x_wconf 85' lang='lat' dir='ltr'>taius</span> <span class='ocrx_word' id='word_1_413' title='bbox 1016 2512 1049 2549; x_wconf 85' lang='lat' dir='ltr'>ex</span> <span class='ocrx_word' id='word_1_414' title='bbox 1067 2511 1101 2548; x_wconf 91' lang='lat' dir='ltr'>eo</span> <span class='ocrx_word' id='word_1_415' title='bbox 1122 2493 1236 2564; x_wconf 87' lang='lat' dir='ltr'>colligit,</span> <span class='ocrx_word' id='word_1_416' title='bbox 1248 2484 1603 2565; x_wconf 83' lang='lat' dir='ltr'>Baptistamncquaquam</span> <span class='ocrx_word' id='word_1_417' title='bbox 1622 2497 1758 2562; x_wconf 83' lang='lat' dir='ltr'>docuisse,</span> 
     </span>
     <span class='ocr_line' id='line_1_28' title="bbox 56 2577 1758 2649; baseline 0.002 -19"><span class='ocrx_word' id='word_1_418' title='bbox 56 2579 153 2647; x_wconf 85' lang='lat' dir='ltr'>posita</span> <span class='ocrx_word' id='word_1_419' title='bbox 179 2586 231 2644; x_wconf 88' lang='lat' dir='ltr'>est,</span> <span class='ocrx_word' id='word_1_420' title='bbox 260 2578 349 2630; x_wconf 70' lang='lat' dir='ltr'>orosius</span> <span class='ocrx_word' id='word_1_421' title='bbox 367 2593 434 2643; x_wconf 82' lang='lat' dir='ltr'>erpo</span> <span class='ocrx_word' id='word_1_422' title='bbox 459 2577 545 2637; x_wconf 82' lang='lat' dir='ltr'>arbor</span> <span class='ocrx_word' id='word_1_423' title='bbox 568 2595 625 2629; x_wconf 88' lang='lat' dir='ltr'>non</span> <span class='ocrx_word' id='word_1_424' title='bbox 642 2577 753 2641; x_wconf 81' lang='lat' dir='ltr'>faciens</span> <span class='ocrx_word' id='word_1_425' title='bbox 772 2579 897 2641; x_wconf 79' lang='lat' dir='ltr'>fructum</span> <span class='ocrx_word' id='word_1_426' title='bbox 925 2581 996 2649; x_wconf 89' lang='lat' dir='ltr'>qnid</span> <span class='ocrx_word' id='word_1_427' title='bbox 1023 2583 1135 2634; x_wconf 88' lang='lat' dir='ltr'>omnino</span> <span class='ocrx_word' id='word_1_428' title='bbox 1164 2599 1233 2634; x_wconf 83' lang='lat' dir='ltr'>novo</span> <span class='ocrx_word' id='word_1_429' title='bbox 1263 2582 1369 2634; x_wconf 75' lang='lat' dir='ltr'>Christi</span> <span class='ocrx_word' id='word_1_430' title='bbox 1387 2582 1498 2649; x_wconf 84' lang='lat' dir='ltr'>populo</span> <span class='ocrx_word' id='word_1_431' title='bbox 1519 2581 1555 2632; x_wconf 88' lang='lat' dir='ltr'>sit</span> <span class='ocrx_word' id='word_1_432' title='bbox 1582 2583 1758 2648; x_wconf 82' lang='lat' dir='ltr'>sequendum.</span> 
     </span>
     <span class='ocr_line' id='line_1_29' title="bbox 60 2663 1758 2736; baseline 0.001 -21"><span class='ocrx_word' id='word_1_433' title='bbox 60 2663 170 2730; x_wconf 83' lang='lat' dir='ltr'>bonum,</span> <span class='ocrx_word' id='word_1_434' title='bbox 194 2665 365 2715; x_wconf 80' lang='lat' dir='ltr'>exscinditur</span> <span class='ocrx_word' id='word_1_435' title='bbox 384 2671 410 2715; x_wconf 90' lang='lat' dir='ltr'>et</span> <span class='ocrx_word' id='word_1_436' title='bbox 429 2664 456 2714; x_wconf 89' lang='lat' dir='ltr'>in</span> <span class='ocrx_word' id='word_1_437' title='bbox 478 2663 569 2728; x_wconf 81' lang='lat' dir='ltr'>ipnem</span> <span class='ocrx_word' id='word_1_438' title='bbox 588 2664 722 2727; x_wconf 83' lang='lat' dir='ltr'>mittitur,</span> <span class='ocrx_word' id='word_1_439' title='bbox 741 2664 830 2730; x_wconf 90' lang='lat' dir='ltr'>illius,</span> <span class='ocrx_word' id='word_1_440' title='bbox 857 2664 896 2716; x_wconf 88' lang='lat' dir='ltr'>in·</span> <span class='ocrx_word' id='word_1_441' title='bbox 925 2674 949 2722; x_wconf 82' lang='grc'>6.</span> <span class='ocrx_word' id='word_1_442' title='bbox 969 2667 1103 2736; x_wconf 77' lang='lat' dir='ltr'>Ejusdem</span> <span class='ocrx_word' id='word_1_443' title='bbox 1132 2672 1258 2720; x_wconf 86' lang='lat' dir='ltr'>monetae</span> <span class='ocrx_word' id='word_1_444' title='bbox 1283 2667 1366 2720; x_wconf 89' lang='lat' dir='ltr'>etiam</span> <span class='ocrx_word' id='word_1_445' title='bbox 1392 2666 1460 2720; x_wconf 92' lang='lat' dir='ltr'>illud</span> <span class='ocrx_word' id='word_1_446' title='bbox 1487 2673 1542 2730; x_wconf 85' lang='lat' dir='ltr'>est,</span> <span class='ocrx_word' id='word_1_447' title='bbox 1573 2666 1647 2735; x_wconf 90' lang='lat' dir='ltr'>quod</span> <span class='ocrx_word' id='word_1_448' title='bbox 1672 2665 1758 2732; x_wconf 84' lang='lat' dir='ltr'>addit,</span> 
     </span>
     <span class='ocr_line' id='line_1_30' title="bbox 60 2749 1758 2819; baseline 0.001 -18"><span class='ocrx_word' id='word_1_449' title='bbox 60 2765 160 2818; x_wconf 75' lang='lat' dir='ltr'>qum,</span> <span class='ocrx_word' id='word_1_450' title='bbox 189 2749 298 2803; x_wconf 88' lang='lat' dir='ltr'>theseos</span> <span class='ocrx_word' id='word_1_451' title='bbox 321 2749 393 2802; x_wconf 91' lang='lat' dir='ltr'>ratio</span> <span class='ocrx_word' id='word_1_452' title='bbox 419 2764 453 2802; x_wconf 93' lang='lat' dir='ltr'>ea</span> <span class='ocrx_word' id='word_1_453' title='bbox 479 2756 535 2812; x_wconf 89' lang='lat' dir='ltr'>est,</span> <span class='ocrx_word' id='word_1_454' title='bbox 564 2754 596 2802; x_wconf 93' lang='lat' dir='ltr'>ut</span> <span class='ocrx_word' id='word_1_455' title='bbox 623 2749 660 2802; x_wconf 89' lang='lat' dir='ltr'>ad</span> <span class='ocrx_word' id='word_1_456' title='bbox 678 2749 848 2803; x_wconf 80' lang='lat' dir='ltr'>Christianos</span> <span class='ocrx_word' id='word_1_457' title='bbox 869 2750 898 2802; x_wconf 90' lang='lat' dir='ltr'>in</span> <span class='ocrx_word' id='word_1_458' title='bbox 924 2753 1083 2805; x_wconf 78' lang='lat' dir='ltr'>Joitannem</span> <span class='ocrx_word' id='word_1_459' title='bbox 1109 2759 1217 2804; x_wconf 88' lang='lat' dir='ltr'>tantum</span> <span class='ocrx_word' id='word_1_460' title='bbox 1245 2768 1276 2803; x_wconf 76' lang='lat' dir='ltr'>ea</span> <span class='ocrx_word' id='word_1_461' title='bbox 1300 2760 1385 2819; x_wconf 88' lang='lat' dir='ltr'>parte</span> <span class='ocrx_word' id='word_1_462' title='bbox 1412 2751 1616 2819; x_wconf 87' lang='lat' dir='ltr'>poenitentiam</span> <span class='ocrx_word' id='word_1_463' title='bbox 1641 2752 1758 2818; x_wconf 88' lang='lat' dir='ltr'>praedi·</span> 
     </span>
     <span class='ocr_line' id='line_1_31' title="bbox 61 2833 1758 2906; baseline 0 -18"><span class='ocrx_word' id='word_1_464' title='bbox 61 2835 96 2888; x_wconf 87' lang='lat' dir='ltr'>N.</span> <span class='ocrx_word' id='word_1_465' title='bbox 115 2834 147 2890; x_wconf 89' lang='lat' dir='ltr'>T.</span> <span class='ocrx_word' id='word_1_466' title='bbox 168 2835 306 2904; x_wconf 87' lang='lat' dir='ltr'>pertineat</span> <span class='ocrx_word' id='word_1_467' title='bbox 325 2851 359 2888; x_wconf 87' lang='lat' dir='ltr'>ac</span> <span class='ocrx_word' id='word_1_468' title='bbox 376 2833 488 2887; x_wconf 85' lang='lat' dir='ltr'>vivendi</span> <span class='ocrx_word' id='word_1_469' title='bbox 500 2850 624 2888; x_wconf 90' lang='lat' dir='ltr'>normam</span> <span class='ocrx_word' id='word_1_470' title='bbox 643 2835 698 2887; x_wconf 88' lang='lat' dir='ltr'>illis</span> <span class='ocrx_word' id='word_1_471' title='bbox 718 2835 897 2903; x_wconf 85' lang='lat' dir='ltr'>praescribat.</span> <span class='ocrx_word' id='word_1_472' title='bbox 925 2854 1011 2900; x_wconf 87' lang='lat' dir='ltr'>casse,</span> <span class='ocrx_word' id='word_1_473' title='bbox 1029 2845 1126 2890; x_wconf 87' lang='lat' dir='ltr'>contra</span> <span class='ocrx_word' id='word_1_474' title='bbox 1143 2852 1224 2905; x_wconf 91' lang='lat' dir='ltr'>quem</span> <span class='ocrx_word' id='word_1_475' title='bbox 1244 2852 1364 2889; x_wconf 89' lang='lat' dir='ltr'>errorem</span> <span class='ocrx_word' id='word_1_476' title='bbox 1380 2836 1454 2889; x_wconf 91' lang='lat' dir='ltr'>hunc</span> <span class='ocrx_word' id='word_1_477' title='bbox 1479 2838 1656 2906; x_wconf 88' lang='lat' dir='ltr'>producimus</span> <span class='ocrx_word' id='word_1_478' title='bbox 1676 2835 1758 2905; x_wconf 85' lang='lat' dir='ltr'>syllo-</span> 
     </span>
    </p>
   </div>
   <div class='ocr_carea' id='block_1_3' title="bbox 61 2920 1758 3015">
    <p class='ocr_par' dir='ltr' id='par_1_4' title="bbox 61 2920 1758 3015">
     <span class='ocr_line' id='line_1_32' title="bbox 61 2920 1758 3015; baseline 0.001 -43"><span class='ocrx_word' id='word_1_479' title='bbox 61 2921 137 2990; x_wconf 82' lang='lat' dir='ltr'>Ergo</span> <span class='ocrx_word' id='word_1_480' title='bbox 157 2921 254 2974; x_wconf 88' lang='lat' dir='ltr'>eadem</span> <span class='ocrx_word' id='word_1_481' title='bbox 276 2928 318 2975; x_wconf 87' lang='lat' dir='ltr'>est</span> <span class='ocrx_word' id='word_1_482' title='bbox 341 2921 412 2974; x_wconf 88' lang='lat' dir='ltr'>ratio</span> <span class='ocrx_word' id='word_1_483' title='bbox 434 2921 620 2989; x_wconf 83' lang='lat' dir='ltr'>hypotheseos</span> <span class='ocrx_word' id='word_1_484' title='bbox 647 2920 712 2973; x_wconf 91' lang='lat' dir='ltr'>huic</span> <span class='ocrx_word' id='word_1_485' title='bbox 736 2921 808 2975; x_wconf 92' lang='lat' dir='ltr'>thesi</span> <span class='ocrx_word' id='word_1_486' title='bbox 833 2924 896 2975; x_wconf 90' lang='lat' dir='ltr'>sub·</span> <span class='ocrx_word' id='word_1_487' title='bbox 910 2924 1051 3015; x_wconf 57' lang='lat' dir='ltr'>igismum.</span> <span class='ocrx_word' id='word_1_488' title='bbox 1093 2922 1147 2986; x_wconf 86' lang='lat' dir='ltr'>Qui</span> <span class='ocrx_word' id='word_1_489' title='bbox 1166 2921 1325 2976; x_wconf 88' lang='lat' dir='ltr'>essentiales</span> <span class='ocrx_word' id='word_1_490' title='bbox 1343 2923 1529 2991; x_wconf 87' lang='lat' dir='ltr'>poenitentiae</span> <span class='ocrx_word' id='word_1_491' title='bbox 1557 2929 1650 2992; x_wconf 90' lang='lat' dir='ltr'>partes</span> <span class='ocrx_word' id='word_1_492' title='bbox 1669 2921 1758 2983; x_wconf 89' lang='lat' dir='ltr'>docet,</span> 
     </span>
    </p>
   </div>
   <div class='ocr_carea' id='block_1_4' title="bbox 59 3005 1795 3153">
    <p class='ocr_par' dir='ltr' id='par_1_5' title="bbox 59 3005 1795 3153">
     <span class='ocr_line' id='line_1_33' title="bbox 59 3005 1795 3153; baseline 0.001 -93"><span class='ocrx_word' id='word_1_493' title='bbox 59 3008 170 3075; x_wconf 86' lang='lat' dir='ltr'>jectae,</span> <span class='ocrx_word' id='word_1_494' title='bbox 204 3005 252 3076; x_wconf 90' lang='lat' dir='ltr'>qui</span> <span class='ocrx_word' id='word_1_495' title='bbox 278 3005 379 3075; x_wconf 85' lang='lat' dir='ltr'>triplex</span> <span class='ocrx_word' id='word_1_496' title='bbox 406 3014 462 3079; x_wconf 81' lang='lat' dir='ltr'>est:</span> <span class='ocrx_word' id='word_1_497' title='bbox 493 3005 588 3058; x_wconf 90' lang='lat' dir='ltr'>Prima</span> <span class='ocrx_word' id='word_1_498' title='bbox 613 3006 754 3060; x_wconf 88' lang='lat' dir='ltr'>concernit</span> <span class='ocrx_word' id='word_1_499' title='bbox 779 3007 896 3072; x_wconf 87' lang='lat' dir='ltr'>turbam,</span> <span class='ocrx_word' id='word_1_500' title='bbox 910 3010 947 3153; x_wconf 60' lang='lat' dir='ltr'>,is</span> <span class='ocrx_word' id='word_1_501' title='bbox 966 3010 1103 3078; x_wconf 88' lang='lat' dir='ltr'>integram</span> <span class='ocrx_word' id='word_1_502' title='bbox 1122 3007 1320 3074; x_wconf 86' lang='lat' dir='ltr'>poenitentiam</span> <span class='ocrx_word' id='word_1_503' title='bbox 1344 3006 1432 3061; x_wconf 89' lang='lat' dir='ltr'>docet.</span> <span class='ocrx_word' id='word_1_504' title='bbox 1469 3007 1611 3062; x_wconf 75' lang='lat' dir='ltr'>iohannes</span> <span class='ocrx_word' id='word_1_505' title='bbox 1631 3006 1758 3076; x_wconf 85' lang='lat' dir='ltr'>Baptista</span> <span class='ocrx_word' id='word_1_506' title='bbox 1784 3006 1795 3018; x_wconf 79' lang='grc'><em>“</em></span> 
     </span>
    </p>
   </div>
   <div class='ocr_carea' id='block_1_5' title="bbox 62 3092 1882 5472">
    <p class='ocr_par' dir='ltr' id='par_1_6' title="bbox 62 3092 1882 4192">
     <span class='ocr_line' id='line_1_34' title="bbox 62 3092 1757 3163; baseline -0.001 -16"><span class='ocrx_word' id='word_1_507' title='bbox 62 3111 89 3147; x_wconf 80' lang='lat' dir='ltr'>v.</span> <span class='ocrx_word' id='word_1_508' title='bbox 110 3100 156 3147; x_wconf 87' lang='lat' dir='ltr'>lt:</span> <span class='ocrx_word' id='word_1_509' title='bbox 176 3093 230 3154; x_wconf 81' lang='lat' dir='ltr'>Qui</span> <span class='ocrx_word' id='word_1_510' title='bbox 246 3092 328 3144; x_wconf 80' lang='lat' dir='ltr'>babet</span> <span class='ocrx_word' id='word_1_511' title='bbox 347 3095 418 3144; x_wconf 86' lang='lat' dir='ltr'>duas</span> <span class='ocrx_word' id='word_1_512' title='bbox 436 3094 552 3158; x_wconf 79' lang='lat' dir='ltr'>tumeas,</span> <span class='ocrx_word' id='word_1_513' title='bbox 574 3094 620 3144; x_wconf 85' lang='lat' dir='ltr'>det</span> <span class='ocrx_word' id='word_1_514' title='bbox 644 3111 700 3144; x_wconf 89' lang='lat' dir='ltr'>non</span> <span class='ocrx_word' id='word_1_515' title='bbox 717 3094 841 3159; x_wconf 75' lang='lat' dir='ltr'>tabenti,</span> <span class='ocrx_word' id='word_1_516' title='bbox 873 3103 897 3145; x_wconf 88' lang='lat' dir='ltr'>et</span> <span class='ocrx_word' id='word_1_517' title='bbox 924 3092 1084 3147; x_wconf 82' lang='lat' dir='ltr'>essentiales</span> <span class='ocrx_word' id='word_1_518' title='bbox 1102 3092 1289 3161; x_wconf 87' lang='lat' dir='ltr'>poenitentiae</span> <span class='ocrx_word' id='word_1_519' title='bbox 1308 3100 1400 3160; x_wconf 85' lang='lat' dir='ltr'>partes</span> <span class='ocrx_word' id='word_1_520' title='bbox 1419 3093 1529 3159; x_wconf 90' lang='lat' dir='ltr'>docuit,</span> <span class='ocrx_word' id='word_1_521' title='bbox 1560 3093 1627 3163; x_wconf 90' lang='lat' dir='ltr'>quia</span> <span class='ocrx_word' id='word_1_522' title='bbox 1650 3092 1757 3147; x_wconf 88' lang='lat' dir='ltr'>andito·</span> 
     </span>
     <span class='ocr_line' id='line_1_35' title="bbox 62 3156 1882 3248; baseline -0.002 -17"><span class='ocrx_word' id='word_1_523' title='bbox 62 3181 113 3248; x_wconf 66' lang='lat' dir='ltr'>quii</span> <span class='ocrx_word' id='word_1_524' title='bbox 131 3180 211 3231; x_wconf 76' lang='lat' dir='ltr'>tabet</span> <span class='ocrx_word' id='word_1_525' title='bbox 229 3195 318 3240; x_wconf 86' lang='lat' dir='ltr'>escas,</span> <span class='ocrx_word' id='word_1_526' title='bbox 336 3178 467 3231; x_wconf 80' lang='lat' dir='ltr'>similiter</span> <span class='ocrx_word' id='word_1_527' title='bbox 482 3180 586 3244; x_wconf 84' lang='lat' dir='ltr'>faciat,</span> <span class='ocrx_word' id='word_1_528' title='bbox 607 3177 656 3230; x_wconf 91' lang='lat' dir='ltr'>ubi</span> <span class='ocrx_word' id='word_1_529' title='bbox 674 3194 750 3231; x_wconf 92' lang='lat' dir='ltr'>more</span> <span class='ocrx_word' id='word_1_530' title='bbox 762 3178 897 3233; x_wconf 89' lang='lat' dir='ltr'>Hebraeis</span> <span class='ocrx_word' id='word_1_531' title='bbox 910 3156 968 3235; x_wconf 81' lang='lat' dir='ltr'>ires</span> <span class='ocrx_word' id='word_1_532' title='bbox 987 3179 1024 3231; x_wconf 92' lang='lat' dir='ltr'>ad</span> <span class='ocrx_word' id='word_1_533' title='bbox 1042 3179 1211 3246; x_wconf 85' lang='lat' dir='ltr'>agnitionem</span> <span class='ocrx_word' id='word_1_534' title='bbox 1229 3185 1404 3247; x_wconf 88' lang='lat' dir='ltr'>peccatorum</span> <span class='ocrx_word' id='word_1_535' title='bbox 1424 3193 1457 3231; x_wconf 87' lang='lat' dir='ltr'>ex</span> <span class='ocrx_word' id='word_1_536' title='bbox 1475 3177 1538 3248; x_wconf 89' lang='lat' dir='ltr'>lege</span> <span class='ocrx_word' id='word_1_537' title='bbox 1561 3177 1691 3243; x_wconf 85' lang='lat' dir='ltr'>deduxit,</span> <span class='ocrx_word' id='word_1_538' title='bbox 1715 3188 1882 3232; x_wconf 78' lang='lat' dir='ltr'>se·11v.ttt.</span> 
     </span>
     <span class='ocr_line' id='line_1_36' title="bbox 62 3262 1757 3335; baseline -0.001 -17"><span class='ocrx_word' id='word_1_539' title='bbox 62 3265 166 3318; x_wconf 89' lang='lat' dir='ltr'>usitato</span> <span class='ocrx_word' id='word_1_540' title='bbox 186 3263 339 3317; x_wconf 89' lang='lat' dir='ltr'>doctrinam</span> <span class='ocrx_word' id='word_1_541' title='bbox 366 3263 524 3334; x_wconf 82' lang='lat' dir='ltr'>generalem</span> <span class='ocrx_word' id='word_1_542' title='bbox 550 3263 585 3315; x_wconf 91' lang='lat' dir='ltr'>de</span> <span class='ocrx_word' id='word_1_543' title='bbox 606 3262 755 3318; x_wconf 90' lang='lat' dir='ltr'>dilectione</span> <span class='ocrx_word' id='word_1_544' title='bbox 772 3266 896 3334; x_wconf 87' lang='lat' dir='ltr'>proximi,</span> <span class='ocrx_word' id='word_1_545' title='bbox 924 3267 993 3318; x_wconf 90' lang='lat' dir='ltr'>riam</span> <span class='ocrx_word' id='word_1_546' title='bbox 1013 3263 1205 3318; x_wconf 87' lang='lat' dir='ltr'>contritionem</span> <span class='ocrx_word' id='word_1_547' title='bbox 1224 3263 1332 3318; x_wconf 89' lang='lat' dir='ltr'>abillis</span> <span class='ocrx_word' id='word_1_548' title='bbox 1359 3265 1465 3335; x_wconf 81' lang='lat' dir='ltr'>eregit,</span> <span class='ocrx_word' id='word_1_549' title='bbox 1490 3264 1669 3334; x_wconf 88' lang='lat' dir='ltr'>proponendo</span> <span class='ocrx_word' id='word_1_550' title='bbox 1689 3263 1757 3334; x_wconf 89' lang='lat' dir='ltr'>ipsis</span> 
     </span>
     <span class='ocr_line' id='line_1_37' title="bbox 64 3349 1757 3420; baseline -0.002 -16"><span class='ocrx_word' id='word_1_551' title='bbox 64 3368 138 3420; x_wconf 87' lang='lat' dir='ltr'>quae</span> <span class='ocrx_word' id='word_1_552' title='bbox 151 3357 193 3404; x_wconf 90' lang='lat' dir='ltr'>est</span> <span class='ocrx_word' id='word_1_553' title='bbox 204 3367 285 3404; x_wconf 85' lang='lat' dir='ltr'>verae</span> <span class='ocrx_word' id='word_1_554' title='bbox 298 3350 484 3418; x_wconf 86' lang='lat' dir='ltr'>poenitentiae</span> <span class='ocrx_word' id='word_1_555' title='bbox 498 3349 614 3417; x_wconf 86' lang='lat' dir='ltr'>fructus,</span> <span class='ocrx_word' id='word_1_556' title='bbox 631 3367 687 3404; x_wconf 92' lang='lat' dir='ltr'>uno</span> <span class='ocrx_word' id='word_1_557' title='bbox 705 3355 790 3420; x_wconf 88' lang='lat' dir='ltr'>atque</span> <span class='ocrx_word' id='word_1_558' title='bbox 809 3352 897 3406; x_wconf 81' lang='lat' dir='ltr'>altero</span> <span class='ocrx_word' id='word_1_559' title='bbox 925 3352 993 3405; x_wconf 90' lang='lat' dir='ltr'>iram</span> <span class='ocrx_word' id='word_1_560' title='bbox 1014 3350 1135 3404; x_wconf 85' lang='lat' dir='ltr'>divinam</span> <span class='ocrx_word' id='word_1_561' title='bbox 1155 3357 1183 3404; x_wconf 91' lang='lat' dir='ltr'>et</span> <span class='ocrx_word' id='word_1_562' title='bbox 1200 3350 1425 3404; x_wconf 89' lang='lat' dir='ltr'>comminationes</span> <span class='ocrx_word' id='word_1_563' title='bbox 1438 3366 1603 3419; x_wconf 88' lang='lat' dir='ltr'>poenarum,</span> <span class='ocrx_word' id='word_1_564' title='bbox 1624 3353 1757 3402; x_wconf 89' lang='lat' dir='ltr'>monstra·</span> 
     </span>
     <span class='ocr_line' id='line_1_38' title="bbox 64 3434 1757 3506; baseline -0.001 -16"><span class='ocrx_word' id='word_1_565' title='bbox 64 3438 190 3505; x_wconf 83' lang='lat' dir='ltr'>exemplo</span> <span class='ocrx_word' id='word_1_566' title='bbox 208 3437 245 3490; x_wconf 92' lang='lat' dir='ltr'>de</span> <span class='ocrx_word' id='word_1_567' title='bbox 264 3436 433 3490; x_wconf 88' lang='lat' dir='ltr'>vestimentis</span> <span class='ocrx_word' id='word_1_568' title='bbox 452 3441 481 3489; x_wconf 92' lang='lat' dir='ltr'>et</span> <span class='ocrx_word' id='word_1_569' title='bbox 499 3435 568 3489; x_wconf 91' lang='lat' dir='ltr'>cibis</span> <span class='ocrx_word' id='word_1_570' title='bbox 586 3436 793 3504; x_wconf 69' lang='lat' dir='ltr'>complectitur,</span> <span class='ocrx_word' id='word_1_571' title='bbox 810 3438 898 3492; x_wconf 86' lang='lat' dir='ltr'>altera</span> <span class='ocrx_word' id='word_1_572' title='bbox 925 3439 965 3492; x_wconf 84' lang='lat' dir='ltr'>vit</span> <span class='ocrx_word' id='word_1_573' title='bbox 985 3436 1069 3490; x_wconf 89' lang='lat' dir='ltr'>etiam</span> <span class='ocrx_word' id='word_1_574' title='bbox 1088 3453 1191 3506; x_wconf 89' lang='lat' dir='ltr'>agnum</span> <span class='ocrx_word' id='word_1_575' title='bbox 1212 3434 1280 3503; x_wconf 85' lang='lat' dir='ltr'>Dei,</span> <span class='ocrx_word' id='word_1_576' title='bbox 1299 3436 1347 3505; x_wconf 90' lang='lat' dir='ltr'>qui</span> <span class='ocrx_word' id='word_1_577' title='bbox 1366 3435 1439 3488; x_wconf 89' lang='lat' dir='ltr'>tollit</span> <span class='ocrx_word' id='word_1_578' title='bbox 1456 3442 1570 3504; x_wconf 87' lang='lat' dir='ltr'>peccata</span> <span class='ocrx_word' id='word_1_579' title='bbox 1589 3434 1700 3497; x_wconf 89' lang='lat' dir='ltr'>mundi,</span> <span class='ocrx_word' id='word_1_580' title='bbox 1724 3450 1757 3488; x_wconf 90' lang='lat' dir='ltr'>ac</span> 
     </span>
     <span class='ocr_line' id='line_1_39' title="bbox 63 3519 1752 3591; baseline -0.002 -16"><span class='ocrx_word' id='word_1_581' title='bbox 63 3522 203 3576; x_wconf 83' lang='lat' dir='ltr'>concernit</span> <span class='ocrx_word' id='word_1_582' title='bbox 228 3521 390 3590; x_wconf 86' lang='lat' dir='ltr'>publicanos</span> <span class='ocrx_word' id='word_1_583' title='bbox 419 3538 443 3574; x_wconf 80' lang='lat' dir='ltr'>v.</span> <span class='ocrx_word' id='word_1_584' title='bbox 467 3526 514 3576; x_wconf 83' lang='lat'>13:</span> <span class='ocrx_word' id='word_1_585' title='bbox 547 3522 628 3574; x_wconf 78' lang='lat' dir='ltr'>Nihil</span> <span class='ocrx_word' id='word_1_586' title='bbox 654 3521 785 3589; x_wconf 82' lang='lat' dir='ltr'>amplius,</span> <span class='ocrx_word' id='word_1_587' title='bbox 815 3541 897 3591; x_wconf 67' lang='lat' dir='ltr'>pam</span> <span class='ocrx_word' id='word_1_588' title='bbox 924 3524 1049 3577; x_wconf 89' lang='lat' dir='ltr'>hortatus</span> <span class='ocrx_word' id='word_1_589' title='bbox 1069 3529 1123 3586; x_wconf 86' lang='lat' dir='ltr'>est,</span> <span class='ocrx_word' id='word_1_590' title='bbox 1149 3527 1181 3574; x_wconf 93' lang='lat' dir='ltr'>ut</span> <span class='ocrx_word' id='word_1_591' title='bbox 1197 3520 1322 3574; x_wconf 85' lang='lat' dir='ltr'>iacerent</span> <span class='ocrx_word' id='word_1_592' title='bbox 1342 3520 1448 3573; x_wconf 78' lang='lat' dir='ltr'>frustm</span> <span class='ocrx_word' id='word_1_593' title='bbox 1463 3520 1633 3589; x_wconf 89' lang='lat' dir='ltr'>poenitentia</span> <span class='ocrx_word' id='word_1_594' title='bbox 1653 3519 1752 3590; x_wconf 87' lang='lat' dir='ltr'>dignos</span> 
     </span>
     <span class='ocr_line' id='line_1_40' title="bbox 63 3603 1757 3676; baseline -0.001 -16"><span class='ocrx_word' id='word_1_595' title='bbox 63 3608 235 3676; x_wconf 68' lang='grc' dir='ltr'>00ιο1100110</span> <span class='ocrx_word' id='word_1_596' title='bbox 253 3608 428 3659; x_wconf 85' lang='lat' dir='ltr'>constitutum</span> <span class='ocrx_word' id='word_1_597' title='bbox 447 3615 499 3671; x_wconf 84' lang='lat' dir='ltr'>est,</span> <span class='ocrx_word' id='word_1_598' title='bbox 526 3607 661 3674; x_wconf 69' lang='lat' dir='ltr'>stipatis5</span> <span class='ocrx_word' id='word_1_599' title='bbox 690 3608 773 3662; x_wconf 86' lang='lat' dir='ltr'>tertia</span> <span class='ocrx_word' id='word_1_600' title='bbox 796 3608 898 3663; x_wconf 85' lang='lat' dir='ltr'>milites</span> <span class='ocrx_word' id='word_1_601' title='bbox 926 3609 1027 3663; x_wconf 89' lang='lat' dir='ltr'>Matth.</span> <span class='ocrx_word' id='word_1_602' title='bbox 1047 3614 1077 3675; x_wconf 85' lang='lat'>3,</span> <span class='ocrx_word' id='word_1_603' title='bbox 1100 3624 1126 3661; x_wconf 85' lang='lat' dir='ltr'>v.</span> <span class='ocrx_word' id='word_1_604' title='bbox 1141 3613 1171 3659; x_wconf 84' lang='grc'>-1,</span> <span class='ocrx_word' id='word_1_605' title='bbox 1191 3612 1230 3660; x_wconf 84' lang='lat' dir='ltr'>to.</span> <span class='ocrx_word' id='word_1_606' title='bbox 1254 3610 1293 3660; x_wconf 82' lang='grc'>11.</span> <span class='ocrx_word' id='word_1_607' title='bbox 1319 3604 1388 3658; x_wconf 90' lang='lat' dir='ltr'>Luc.</span> <span class='ocrx_word' id='word_1_608' title='bbox 1409 3609 1439 3667; x_wconf 85' lang='lat'>3,</span> <span class='ocrx_word' id='word_1_609' title='bbox 1464 3622 1489 3657; x_wconf 88' lang='lat' dir='ltr'>v.</span> <span class='ocrx_word' id='word_1_610' title='bbox 1511 3610 1534 3658; x_wconf 84' lang='grc'>1.</span> <span class='ocrx_word' id='word_1_611' title='bbox 1554 3610 1578 3660; x_wconf 85' lang='grc'>8.</span> <span class='ocrx_word' id='word_1_612' title='bbox 1599 3613 1622 3658; x_wconf 78' lang='lat' dir='ltr'>t.</span> <span class='ocrx_word' id='word_1_613' title='bbox 1648 3603 1757 3672; x_wconf 83' lang='lat' dir='ltr'>Joh.&#39;t,</span> 
     </span>
     <span class='ocr_line' id='line_1_41' title="bbox 62 3688 1757 3763; baseline -0.002 -17"><span class='ocrx_word' id='word_1_614' title='bbox 62 3699 173 3763; x_wconf 86' lang='lat' dir='ltr'>spectat</span> <span class='ocrx_word' id='word_1_615' title='bbox 191 3711 216 3746; x_wconf 89' lang='lat' dir='ltr'>v.</span> <span class='ocrx_word' id='word_1_616' title='bbox 238 3699 281 3746; x_wconf 79' lang='lat' dir='ltr'>tt:</span> <span class='ocrx_word' id='word_1_617' title='bbox 304 3694 449 3744; x_wconf 86' lang='lat' dir='ltr'>Neminem</span> <span class='ocrx_word' id='word_1_618' title='bbox 468 3693 635 3746; x_wconf 80' lang='lat' dir='ltr'>concutiatis</span> <span class='ocrx_word' id='word_1_619' title='bbox 658 3709 708 3745; x_wconf 78' lang='lat' dir='ltr'>iaec</span> <span class='ocrx_word' id='word_1_620' title='bbox 727 3694 898 3748; x_wconf 82' lang='lat' dir='ltr'>calumniam</span> <span class='ocrx_word' id='word_1_621' title='bbox 925 3712 950 3747; x_wconf 89' lang='lat' dir='ltr'>v.</span> <span class='ocrx_word' id='word_1_622' title='bbox 972 3699 1011 3748; x_wconf 79' lang='lat'>29.</span> <span class='ocrx_word' id='word_1_623' title='bbox 1029 3700 1057 3746; x_wconf 91' lang='lat' dir='ltr'>et</span> <span class='ocrx_word' id='word_1_624' title='bbox 1075 3697 1115 3746; x_wconf 87' lang='grc'>36.</span> <span class='ocrx_word' id='word_1_625' title='bbox 1155 3689 1244 3759; x_wconf 85' lang='lat' dir='ltr'>Quid,</span> <span class='ocrx_word' id='word_1_626' title='bbox 1275 3690 1387 3760; x_wconf 88' lang='lat' dir='ltr'>quando</span> <span class='ocrx_word' id='word_1_627' title='bbox 1406 3689 1548 3745; x_wconf 75' lang='lat' dir='ltr'>iohannes</span> <span class='ocrx_word' id='word_1_628' title='bbox 1575 3689 1646 3744; x_wconf 87' lang='lat' dir='ltr'>serio</span> <span class='ocrx_word' id='word_1_629' title='bbox 1665 3688 1757 3744; x_wconf 87' lang='lat' dir='ltr'>horta·</span> 
     </span>
     <span class='ocr_line' id='line_1_42' title="bbox 65 3773 1758 3848; baseline 0.001 -22"><span class='ocrx_word' id='word_1_630' title='bbox 65 3780 182 3831; x_wconf 70' lang='lat' dir='ltr'>radatis</span> <span class='ocrx_word' id='word_1_631' title='bbox 210 3786 260 3832; x_wconf 85' lang='lat' dir='ltr'>etc.</span> <span class='ocrx_word' id='word_1_632' title='bbox 309 3778 381 3841; x_wconf 75' lang='lat' dir='ltr'>Quia</span> <span class='ocrx_word' id='word_1_633' title='bbox 406 3778 478 3832; x_wconf 90' lang='lat' dir='ltr'>enim</span> <span class='ocrx_word' id='word_1_634' title='bbox 509 3780 673 3832; x_wconf 81' lang='lat' dir='ltr'>Essaeorum</span> <span class='ocrx_word' id='word_1_635' title='bbox 704 3779 798 3848; x_wconf 90' lang='lat' dir='ltr'>opinio</span> <span class='ocrx_word' id='word_1_636' title='bbox 830 3788 899 3843; x_wconf 88' lang='lat' dir='ltr'>erat,</span> <span class='ocrx_word' id='word_1_637' title='bbox 925 3787 970 3834; x_wconf 87' lang='lat' dir='ltr'>tus</span> <span class='ocrx_word' id='word_1_638' title='bbox 990 3786 1039 3845; x_wconf 88' lang='lat' dir='ltr'>est,</span> <span class='ocrx_word' id='word_1_639' title='bbox 1057 3783 1090 3830; x_wconf 91' lang='lat' dir='ltr'>ut</span> <span class='ocrx_word' id='word_1_640' title='bbox 1107 3776 1306 3846; x_wconf 89' lang='lat' dir='ltr'>poenitentiam</span> <span class='ocrx_word' id='word_1_641' title='bbox 1319 3784 1433 3845; x_wconf 87' lang='lat' dir='ltr'>agerent</span> <span class='ocrx_word' id='word_1_642' title='bbox 1447 3773 1545 3830; x_wconf 88' lang='lat' dir='ltr'>Matth.</span> <span class='ocrx_word' id='word_1_643' title='bbox 1566 3779 1590 3842; x_wconf 89' lang='grc'>3,</span> <span class='ocrx_word' id='word_1_644' title='bbox 1610 3793 1634 3828; x_wconf 84' lang='lat' dir='ltr'>v.</span> <span class='ocrx_word' id='word_1_645' title='bbox 1654 3779 1679 3830; x_wconf 80' lang='lat'>2.</span> <span class='ocrx_word' id='word_1_646' title='bbox 1692 3791 1758 3827; x_wconf 90' lang='lat' dir='ltr'>num</span> 
     </span>
     <span class='ocr_line' id='line_1_43' title="bbox 64 3859 1758 3937; baseline -0.002 -20"><span class='ocrx_word' id='word_1_647' title='bbox 64 3865 119 3917; x_wconf 90' lang='lat' dir='ltr'>illis</span> <span class='ocrx_word' id='word_1_648' title='bbox 138 3864 187 3933; x_wconf 89' lang='lat' dir='ltr'>qui</span> <span class='ocrx_word' id='word_1_649' title='bbox 205 3863 258 3918; x_wconf 89' lang='lat' dir='ltr'>Dei</span> <span class='ocrx_word' id='word_1_650' title='bbox 276 3863 395 3918; x_wconf 78' lang='lat' dir='ltr'>ctrltores</span> <span class='ocrx_word' id='word_1_651' title='bbox 414 3881 474 3918; x_wconf 89' lang='lat' dir='ltr'>esse</span> <span class='ocrx_word' id='word_1_652' title='bbox 492 3864 609 3932; x_wconf 81' lang='lat' dir='ltr'>vellent,</span> <span class='ocrx_word' id='word_1_653' title='bbox 629 3862 808 3918; x_wconf 89' lang='lat' dir='ltr'>deferendam</span> <span class='ocrx_word' id='word_1_654' title='bbox 824 3865 898 3918; x_wconf 83' lang='lat' dir='ltr'>vitae</span> <span class='ocrx_word' id='word_1_655' title='bbox 912 3894 914 3937; x_wconf 62' lang='lat'>,</span> <span class='ocrx_word' id='word_1_656' title='bbox 926 3863 1153 3924; x_wconf 83' lang='lat' dir='ltr'>existimabimus,</span> <span class='ocrx_word' id='word_1_657' title='bbox 1170 3862 1205 3914; x_wconf 88' lang='lat' dir='ltr'>ad</span> <span class='ocrx_word' id='word_1_658' title='bbox 1226 3859 1408 3928; x_wconf 87' lang='lat' dir='ltr'>dimidiatam,</span> <span class='ocrx_word' id='word_1_659' title='bbox 1425 3859 1613 3928; x_wconf 80' lang='lat' dir='ltr'>imperfectam</span> <span class='ocrx_word' id='word_1_660' title='bbox 1627 3867 1654 3914; x_wconf 90' lang='lat' dir='ltr'>et</span> <span class='ocrx_word' id='word_1_661' title='bbox 1672 3859 1758 3914; x_wconf 84' lang='lat' dir='ltr'>insuf-</span> 
     </span>
     <span class='ocr_line' id='line_1_44' title="bbox 64 3943 1759 4035; baseline -0.002 -33"><span class='ocrx_word' id='word_1_662' title='bbox 64 3950 154 4003; x_wconf 83' lang='lat' dir='ltr'>civilis</span> <span class='ocrx_word' id='word_1_663' title='bbox 173 3950 343 4017; x_wconf 89' lang='lat' dir='ltr'>societatem,</span> <span class='ocrx_word' id='word_1_664' title='bbox 370 3966 403 4003; x_wconf 91' lang='lat' dir='ltr'>ac</span> <span class='ocrx_word' id='word_1_665' title='bbox 428 3950 571 4004; x_wconf 88' lang='lat' dir='ltr'>Pharisaei</span> <span class='ocrx_word' id='word_1_666' title='bbox 600 3966 664 4003; x_wconf 89' lang='lat' dir='ltr'>snas</span> <span class='ocrx_word' id='word_1_667' title='bbox 692 3950 897 4004; x_wconf 84' lang='lat' dir='ltr'>observationes</span> <span class='ocrx_word' id='word_1_668' title='bbox 912 3947 1065 4035; x_wconf 62' lang='lat' dir='ltr'>lficientem</span> <span class='ocrx_word' id='word_1_669' title='bbox 1088 3946 1286 4018; x_wconf 87' lang='lat' dir='ltr'>poenitentiam</span> <span class='ocrx_word' id='word_1_670' title='bbox 1310 3945 1400 4015; x_wconf 90' lang='lat' dir='ltr'>ipsum</span> <span class='ocrx_word' id='word_1_671' title='bbox 1425 3943 1512 3998; x_wconf 85' lang='lat' dir='ltr'>inisse</span> <span class='ocrx_word' id='word_1_672' title='bbox 1535 3943 1693 3999; x_wconf 78' lang='lat' dir='ltr'>hortatum?</span> <span class='ocrx_word' id='word_1_673' title='bbox 1721 3945 1759 3999; x_wconf 86' lang='lat' dir='ltr'>Bt</span> 
     </span>
     <span class='ocr_line' id='line_1_45' title="bbox 65 4030 1759 4108; baseline -0.001 -20"><span class='ocrx_word' id='word_1_674' title='bbox 65 4036 216 4090; x_wconf 85' lang='lat' dir='ltr'>sanctiores</span> <span class='ocrx_word' id='word_1_675' title='bbox 241 4052 300 4090; x_wconf 90' lang='lat' dir='ltr'>esse</span> <span class='ocrx_word' id='word_1_676' title='bbox 323 4035 529 4090; x_wconf 73' lang='lat' dir='ltr'>contendebant</span> <span class='ocrx_word' id='word_1_677' title='bbox 557 4052 641 4107; x_wconf 87' lang='lat' dir='ltr'>quam</span> <span class='ocrx_word' id='word_1_678' title='bbox 667 4036 795 4105; x_wconf 79' lang='lat' dir='ltr'>vulgaria</span> <span class='ocrx_word' id='word_1_679' title='bbox 823 4037 897 4090; x_wconf 85' lang='lat' dir='ltr'>vitae</span> <span class='ocrx_word' id='word_1_680' title='bbox 912 4037 989 4108; x_wconf 67' lang='lat' dir='ltr'>tquis</span> <span class='ocrx_word' id='word_1_681' title='bbox 1007 4050 1130 4103; x_wconf 90' lang='lat' dir='ltr'>unquam</span> <span class='ocrx_word' id='word_1_682' title='bbox 1148 4033 1269 4102; x_wconf 90' lang='lat' dir='ltr'>patietur</span> <span class='ocrx_word' id='word_1_683' title='bbox 1288 4031 1342 4085; x_wconf 92' lang='lat' dir='ltr'>sibi</span> <span class='ocrx_word' id='word_1_684' title='bbox 1368 4030 1543 4101; x_wconf 86' lang='lat' dir='ltr'>persuaderi,</span> <span class='ocrx_word' id='word_1_685' title='bbox 1568 4032 1759 4086; x_wconf 87' lang='lat' dir='ltr'>remissionem</span> 
     </span>
     <span class='ocr_line' id='line_1_46' title="bbox 65 4116 1759 4192; baseline -0.003 -18"><span class='ocrx_word' id='word_1_686' title='bbox 65 4122 218 4174; x_wconf 87' lang='lat' dir='ltr'>communis</span> <span class='ocrx_word' id='word_1_687' title='bbox 229 4138 321 4190; x_wconf 90' lang='lat' dir='ltr'>opera,</span> <span class='ocrx_word' id='word_1_688' title='bbox 338 4121 440 4176; x_wconf 76' lang='lat' dir='ltr'>iudaei</span> <span class='ocrx_word' id='word_1_689' title='bbox 455 4122 538 4175; x_wconf 90' lang='lat' dir='ltr'>etiam</span> <span class='ocrx_word' id='word_1_690' title='bbox 551 4121 687 4190; x_wconf 87' lang='lat' dir='ltr'>quaedam</span> <span class='ocrx_word' id='word_1_691' title='bbox 696 4122 770 4175; x_wconf 83' lang='lat' dir='ltr'>vitae</span> <span class='ocrx_word' id='word_1_692' title='bbox 784 4138 897 4192; x_wconf 90' lang='lat' dir='ltr'>genera,</span> <span class='ocrx_word' id='word_1_693' title='bbox 912 4129 1104 4192; x_wconf 76' lang='lat' dir='ltr'>peccatorum</span> <span class='ocrx_word' id='word_1_694' title='bbox 1121 4123 1150 4172; x_wconf 89' lang='lat' dir='ltr'>et</span> <span class='ocrx_word' id='word_1_695' title='bbox 1167 4116 1360 4171; x_wconf 87' lang='lat' dir='ltr'>liberationem</span> <span class='ocrx_word' id='word_1_696' title='bbox 1379 4134 1396 4170; x_wconf 91' lang='lat' dir='ltr'>a</span> <span class='ocrx_word' id='word_1_697' title='bbox 1414 4124 1531 4171; x_wconf 85' lang='lat' dir='ltr'>ventura</span> <span class='ocrx_word' id='word_1_698' title='bbox 1548 4116 1590 4170; x_wconf 89' lang='lat' dir='ltr'>ira</span> <span class='ocrx_word' id='word_1_699' title='bbox 1604 4116 1708 4187; x_wconf 88' lang='lat' dir='ltr'>absque</span> <span class='ocrx_word' id='word_1_700' title='bbox 1720 4117 1759 4169; x_wconf 92' lang='lat' dir='ltr'>in-</span> 
     </span>
    </p>

    <p class='ocr_par' dir='ltr' id='par_1_7' title="bbox 62 4201 1839 5472">
     <span class='ocr_line' id='line_1_47' title="bbox 64 4201 1759 4298; baseline -0.004 -37"><span class='ocrx_word' id='word_1_701' title='bbox 64 4216 97 4261; x_wconf 92' lang='lat' dir='ltr'>ut</span> <span class='ocrx_word' id='word_1_702' title='bbox 127 4207 337 4276; x_wconf 86' lang='lat' dir='ltr'>publicanorum</span> <span class='ocrx_word' id='word_1_703' title='bbox 362 4223 395 4260; x_wconf 87' lang='lat' dir='ltr'>ac</span> <span class='ocrx_word' id='word_1_704' title='bbox 420 4207 549 4272; x_wconf 91' lang='lat' dir='ltr'>militum,</span> <span class='ocrx_word' id='word_1_705' title='bbox 578 4223 690 4276; x_wconf 91' lang='lat' dir='ltr'>prorsus</span> <span class='ocrx_word' id='word_1_706' title='bbox 721 4206 1006 4298; x_wconf 67' lang='lat' dir='ltr'>damriabant„tegra</span> <span class='ocrx_word' id='word_1_707' title='bbox 1034 4211 1063 4259; x_wconf 93' lang='lat' dir='ltr'>et</span> <span class='ocrx_word' id='word_1_708' title='bbox 1088 4203 1203 4258; x_wconf 87' lang='lat' dir='ltr'>salutari</span> <span class='ocrx_word' id='word_1_709' title='bbox 1233 4201 1405 4271; x_wconf 87' lang='lat' dir='ltr'>poenitentia</span> <span class='ocrx_word' id='word_1_710' title='bbox 1430 4201 1522 4256; x_wconf 89' lang='lat' dir='ltr'>locum</span> <span class='ocrx_word' id='word_1_711' title='bbox 1549 4202 1651 4256; x_wconf 87' lang='lat' dir='ltr'>habere</span> <span class='ocrx_word' id='word_1_712' title='bbox 1671 4218 1759 4272; x_wconf 89' lang='lat' dir='ltr'>posse,</span> 
     </span>
     <span class='ocr_line' id='line_1_48' title="bbox 68 4286 1758 4361; baseline -0.005 -15"><span class='ocrx_word' id='word_1_713' title='bbox 68 4293 132 4346; x_wconf 92' lang='lat' dir='ltr'>ideo</span> <span class='ocrx_word' id='word_1_714' title='bbox 156 4292 298 4346; x_wconf 77' lang='lat' dir='ltr'>iohannes</span> <span class='ocrx_word' id='word_1_715' title='bbox 324 4291 454 4361; x_wconf 85' lang='lat' dir='ltr'>Baptista</span> <span class='ocrx_word' id='word_1_716' title='bbox 476 4307 494 4344; x_wconf 89' lang='lat' dir='ltr'>a</span> <span class='ocrx_word' id='word_1_717' title='bbox 518 4291 674 4360; x_wconf 91' lang='lat' dir='ltr'>publicanis</span> <span class='ocrx_word' id='word_1_718' title='bbox 706 4300 734 4346; x_wconf 90' lang='lat' dir='ltr'>et</span> <span class='ocrx_word' id='word_1_719' title='bbox 765 4292 898 4347; x_wconf 88' lang='lat' dir='ltr'>militibus</span> <span class='ocrx_word' id='word_1_720' title='bbox 912 4340 913 4345; x_wconf 75' lang='grc'>,</span> <span class='ocrx_word' id='word_1_721' title='bbox 927 4310 989 4346; x_wconf 91' lang='lat' dir='ltr'>cum</span> <span class='ocrx_word' id='word_1_722' title='bbox 1008 4290 1123 4346; x_wconf 88' lang='lat' dir='ltr'>effectus</span> <span class='ocrx_word' id='word_1_723' title='bbox 1140 4306 1195 4343; x_wconf 88' lang='lat' dir='ltr'>non</span> <span class='ocrx_word' id='word_1_724' title='bbox 1215 4288 1303 4358; x_wconf 90' lang='lat' dir='ltr'>possit</span> <span class='ocrx_word' id='word_1_725' title='bbox 1319 4304 1379 4342; x_wconf 88' lang='lat' dir='ltr'>esse</span> <span class='ocrx_word' id='word_1_726' title='bbox 1399 4287 1505 4357; x_wconf 88' lang='lat' dir='ltr'>absque</span> <span class='ocrx_word' id='word_1_727' title='bbox 1530 4302 1615 4340; x_wconf 88' lang='lat' dir='ltr'>causa</span> <span class='ocrx_word' id='word_1_728' title='bbox 1631 4286 1758 4356; x_wconf 75' lang='lat' dir='ltr'>integral</span> 
     </span>
     <span class='ocr_line' id='line_1_49' title="bbox 66 4373 1839 4453; baseline -0.005 -21"><span class='ocrx_word' id='word_1_729' title='bbox 66 4380 104 4432; x_wconf 87' lang='lat' dir='ltr'>ad</span> <span class='ocrx_word' id='word_1_730' title='bbox 123 4377 291 4446; x_wconf 87' lang='lat' dir='ltr'>baptismum</span> <span class='ocrx_word' id='word_1_731' title='bbox 310 4377 506 4432; x_wconf 86' lang='lat' dir='ltr'>accedentibus</span> <span class='ocrx_word' id='word_1_732' title='bbox 531 4378 714 4443; x_wconf 85' lang='lat' dir='ltr'>interrogatus</span> <span class='ocrx_word' id='word_1_733' title='bbox 733 4378 772 4431; x_wconf 88' lang='lat' dir='ltr'>ita</span> <span class='ocrx_word' id='word_1_734' title='bbox 786 4393 896 4448; x_wconf 90' lang='lat' dir='ltr'>respon·</span> <span class='ocrx_word' id='word_1_735' title='bbox 912 4378 990 4438; x_wconf 64' lang='lat' dir='ltr'>..lam</span> <span class='ocrx_word' id='word_1_736' title='bbox 1009 4394 1074 4453; x_wconf 79' lang='lat' dir='ltr'>vero</span> <span class='ocrx_word' id='word_1_737' title='bbox 1092 4375 1235 4432; x_wconf 83' lang='lat' dir='ltr'>Johannes</span> <span class='ocrx_word' id='word_1_738' title='bbox 1256 4374 1385 4443; x_wconf 90' lang='lat' dir='ltr'>Baptista</span> <span class='ocrx_word' id='word_1_739' title='bbox 1401 4373 1580 4441; x_wconf 75' lang='lat' dir='ltr'>praedicarit</span> <span class='ocrx_word' id='word_1_740' title='bbox 1594 4373 1758 4442; x_wconf 83' lang='lat' dir='ltr'>baptismum</span> <span class='ocrx_word' id='word_1_741' title='bbox 1836 4408 1839 4413; x_wconf 81' lang='lat'><em>-</em></span> 
     </span>
     <span class='ocr_line' id='line_1_50' title="bbox 65 4456 1759 4533; baseline -0.005 -15"><span class='ocrx_word' id='word_1_742' title='bbox 65 4465 129 4530; x_wconf 92' lang='lat' dir='ltr'>det,</span> <span class='ocrx_word' id='word_1_743' title='bbox 152 4471 184 4516; x_wconf 93' lang='lat' dir='ltr'>ut</span> <span class='ocrx_word' id='word_1_744' title='bbox 201 4463 341 4530; x_wconf 86' lang='lat' dir='ltr'>ostendat,</span> <span class='ocrx_word' id='word_1_745' title='bbox 366 4464 540 4530; x_wconf 82' lang='lat' dir='ltr'>eoanpeiium</span> <span class='ocrx_word' id='word_1_746' title='bbox 557 4464 686 4516; x_wconf 73' lang='lat' dir='ltr'>terradas</span> <span class='ocrx_word' id='word_1_747' title='bbox 706 4464 900 4516; x_wconf 86' lang='lat' dir='ltr'>ordinationes</span> <span class='ocrx_word' id='word_1_748' title='bbox 913 4463 1115 4533; x_wconf 53' lang='lat' dir='ltr'>{poenitentiae</span> <span class='ocrx_word' id='word_1_749' title='bbox 1143 4463 1174 4513; x_wconf 87' lang='lat' dir='ltr'>in</span> <span class='ocrx_word' id='word_1_750' title='bbox 1203 4460 1394 4512; x_wconf 86' lang='lat' dir='ltr'>remissionem</span> <span class='ocrx_word' id='word_1_751' title='bbox 1416 4465 1596 4525; x_wconf 87' lang='lat' dir='ltr'>peccatorum</span> <span class='ocrx_word' id='word_1_752' title='bbox 1624 4456 1709 4510; x_wconf 85' lang='lat' dir='ltr'>Marc.</span> <span class='ocrx_word' id='word_1_753' title='bbox 1737 4463 1759 4519; x_wconf 90' lang='grc'>1,</span> 
     </span>
     <span class='ocr_line' id='line_1_51' title="bbox 62 4543 1760 4619; baseline -0.005 -16"><span class='ocrx_word' id='word_1_754' title='bbox 62 4550 200 4618; x_wconf 81' lang='lat' dir='ltr'>politicas</span> <span class='ocrx_word' id='word_1_755' title='bbox 224 4566 279 4601; x_wconf 86' lang='lat' dir='ltr'>non</span> <span class='ocrx_word' id='word_1_756' title='bbox 300 4549 464 4619; x_wconf 85' lang='lat' dir='ltr'>improbare</span> <span class='ocrx_word' id='word_1_757' title='bbox 487 4557 536 4602; x_wconf 84' lang='lat' dir='ltr'>aut</span> <span class='ocrx_word' id='word_1_758' title='bbox 559 4551 711 4611; x_wconf 86' lang='lat' dir='ltr'>damnare,</span> <span class='ocrx_word' id='word_1_759' title='bbox 734 4551 786 4600; x_wconf 87' lang='lat' dir='ltr'>sed</span> <span class='ocrx_word' id='word_1_760' title='bbox 808 4566 953 4604; x_wconf 48' lang='lat' dir='ltr'>omnestv.</span> <span class='ocrx_word' id='word_1_761' title='bbox 984 4558 1007 4604; x_wconf 80' lang='lat' dir='ltr'>t.</span> <span class='ocrx_word' id='word_1_762' title='bbox 1037 4555 1138 4608; x_wconf 85' lang='grc'>01000,</span> <span class='ocrx_word' id='word_1_763' title='bbox 1166 4546 1214 4616; x_wconf 90' lang='lat' dir='ltr'>qui</span> <span class='ocrx_word' id='word_1_764' title='bbox 1241 4544 1278 4598; x_wconf 90' lang='lat' dir='ltr'>ad</span> <span class='ocrx_word' id='word_1_765' title='bbox 1304 4543 1474 4612; x_wconf 89' lang='lat' dir='ltr'>baptismum</span> <span class='ocrx_word' id='word_1_766' title='bbox 1507 4559 1587 4596; x_wconf 87' lang='lat' dir='ltr'>suum</span> <span class='ocrx_word' id='word_1_767' title='bbox 1616 4548 1760 4604; x_wconf 84' lang='lat' dir='ltr'>venerunt,</span> 
     </span>
     <span class='ocr_line' id='line_1_52' title="bbox 68 4626 1760 4701; baseline -0.004 -14"><span class='ocrx_word' id='word_1_768' title='bbox 68 4635 263 4687; x_wconf 86' lang='lat' dir='ltr'>ordinationes</span> <span class='ocrx_word' id='word_1_769' title='bbox 285 4634 422 4701; x_wconf 80' lang='lat' dir='ltr'>politicas</span> <span class='ocrx_word' id='word_1_770' title='bbox 446 4641 471 4685; x_wconf 89' lang='lat' dir='ltr'>et</span> <span class='ocrx_word' id='word_1_771' title='bbox 499 4634 595 4688; x_wconf 84' lang='lat' dir='ltr'>omnia</span> <span class='ocrx_word' id='word_1_772' title='bbox 621 4635 695 4686; x_wconf 79' lang='lat' dir='ltr'>citae</span> <span class='ocrx_word' id='word_1_773' title='bbox 726 4650 831 4699; x_wconf 81' lang='lat' dir='ltr'>ponera</span> <span class='ocrx_word' id='word_1_774' title='bbox 860 4637 901 4686; x_wconf 89' lang='lat' dir='ltr'>ad</span> <span class='ocrx_word' id='word_1_775' title='bbox 926 4637 1033 4701; x_wconf 74' lang='lat' dir='ltr'>sapere,</span> <span class='ocrx_word' id='word_1_776' title='bbox 1049 4651 1067 4684; x_wconf 92' lang='lat' dir='ltr'>a</span> <span class='ocrx_word' id='word_1_777' title='bbox 1093 4638 1211 4684; x_wconf 85' lang='lat' dir='ltr'>ventura</span> <span class='ocrx_word' id='word_1_778' title='bbox 1236 4630 1282 4680; x_wconf 89' lang='lat' dir='ltr'>ira</span> <span class='ocrx_word' id='word_1_779' title='bbox 1307 4633 1424 4680; x_wconf 89' lang='lat' dir='ltr'>testatus</span> <span class='ocrx_word' id='word_1_780' title='bbox 1449 4634 1491 4680; x_wconf 89' lang='lat' dir='ltr'>est</span> <span class='ocrx_word' id='word_1_781' title='bbox 1516 4626 1614 4682; x_wconf 88' lang='lat' dir='ltr'>Matth.</span> <span class='ocrx_word' id='word_1_782' title='bbox 1634 4630 1664 4692; x_wconf 86' lang='grc'>3,</span> <span class='ocrx_word' id='word_1_783' title='bbox 1695 4643 1719 4681; x_wconf 80' lang='lat' dir='ltr'>v.</span> <span class='ocrx_word' id='word_1_784' title='bbox 1737 4631 1760 4680; x_wconf 82' lang='lat' dir='ltr'>t.</span> 
     </span>
     <span class='ocr_line' id='line_1_53' title="bbox 67 4711 1760 4790; baseline -0.005 -17"><span class='ocrx_word' id='word_1_785' title='bbox 67 4720 234 4787; x_wconf 80' lang='lat' dir='ltr'>decaioqum</span> <span class='ocrx_word' id='word_1_786' title='bbox 258 4735 315 4772; x_wconf 89' lang='lat' dir='ltr'>esse</span> <span class='ocrx_word' id='word_1_787' title='bbox 340 4720 492 4787; x_wconf 78' lang='lat' dir='ltr'>esiqenda,</span> <span class='ocrx_word' id='word_1_788' title='bbox 519 4726 545 4771; x_wconf 87' lang='lat' dir='ltr'>et</span> <span class='ocrx_word' id='word_1_789' title='bbox 575 4720 602 4771; x_wconf 88' lang='lat' dir='ltr'>si</span> <span class='ocrx_word' id='word_1_790' title='bbox 630 4719 695 4771; x_wconf 79' lang='lat' dir='ltr'>huic</span> <span class='ocrx_word' id='word_1_791' title='bbox 718 4720 1003 4790; x_wconf 73' lang='lat' dir='ltr'>casserataneotllrgo</span> <span class='ocrx_word' id='word_1_792' title='bbox 1023 4717 1160 4785; x_wconf 77' lang='lat' dir='ltr'>integram</span> <span class='ocrx_word' id='word_1_793' title='bbox 1177 4722 1205 4768; x_wconf 91' lang='lat' dir='ltr'>et</span> <span class='ocrx_word' id='word_1_794' title='bbox 1226 4713 1375 4766; x_wconf 89' lang='lat' dir='ltr'>salutarem</span> <span class='ocrx_word' id='word_1_795' title='bbox 1399 4713 1596 4781; x_wconf 88' lang='lat' dir='ltr'>poenitentiam</span> <span class='ocrx_word' id='word_1_796' title='bbox 1619 4711 1760 4782; x_wconf 90' lang='lat' dir='ltr'>praedica·</span> 
     </span>
     <span class='ocr_line' id='line_1_54' title="bbox 66 4796 1811 4874; baseline -0.006 -16"><span class='ocrx_word' id='word_1_797' title='bbox 66 4808 131 4870; x_wconf 81' lang='lat' dir='ltr'>sint,</span> <span class='ocrx_word' id='word_1_798' title='bbox 145 4822 230 4874; x_wconf 90' lang='lat' dir='ltr'>posse</span> <span class='ocrx_word' id='word_1_799' title='bbox 249 4821 382 4872; x_wconf 80' lang='lat' dir='ltr'>quemque</span> <span class='ocrx_word' id='word_1_800' title='bbox 407 4804 479 4856; x_wconf 81' lang='lat' dir='ltr'>hona</span> <span class='ocrx_word' id='word_1_801' title='bbox 504 4805 675 4857; x_wconf 86' lang='lat' dir='ltr'>conscientia</span> <span class='ocrx_word' id='word_1_802' title='bbox 700 4805 730 4856; x_wconf 88' lang='lat' dir='ltr'>in</span> <span class='ocrx_word' id='word_1_803' title='bbox 748 4808 801 4856; x_wconf 82' lang='lat' dir='ltr'>tua</span> <span class='ocrx_word' id='word_1_804' title='bbox 821 4806 976 4865; x_wconf 71' lang='lat' dir='ltr'>noea—,vit</span> <span class='ocrx_word' id='word_1_805' title='bbox 1024 4808 1048 4855; x_wconf 86' lang='grc'>’1.</span> <span class='ocrx_word' id='word_1_806' title='bbox 1071 4800 1167 4856; x_wconf 87' lang='lat' dir='ltr'>Verba</span> <span class='ocrx_word' id='word_1_807' title='bbox 1188 4797 1292 4852; x_wconf 80' lang='lat' dir='ltr'>Christi</span> <span class='ocrx_word' id='word_1_808' title='bbox 1316 4796 1416 4852; x_wconf 88' lang='lat' dir='ltr'>Matth.</span> <span class='ocrx_word' id='word_1_809' title='bbox 1449 4803 1488 4865; x_wconf 92' lang='grc'>11,</span> <span class='ocrx_word' id='word_1_810' title='bbox 1518 4814 1543 4849; x_wconf 88' lang='lat' dir='ltr'>v.</span> <span class='ocrx_word' id='word_1_811' title='bbox 1572 4803 1612 4852; x_wconf 90' lang='grc'>11.</span> <span class='ocrx_word' id='word_1_812' title='bbox 1639 4797 1708 4850; x_wconf 90' lang='lat' dir='ltr'>Luc.</span> <span class='ocrx_word' id='word_1_813' title='bbox 1738 4802 1762 4858; x_wconf 86' lang='grc'>’1,</span> <span class='ocrx_word' id='word_1_814' title='bbox 1805 4818 1811 4827; x_wconf 89' lang='grc'><em>·</em></span> 
     </span>
     <span class='ocr_line' id='line_1_55' title="bbox 67 4882 1762 4959; baseline -0.006 -16"><span class='ocrx_word' id='word_1_815' title='bbox 67 4892 143 4943; x_wconf 89' lang='lat' dir='ltr'>tione</span> <span class='ocrx_word' id='word_1_816' title='bbox 169 4907 289 4944; x_wconf 87' lang='lat' dir='ltr'>manere.</span> <span class='ocrx_word' id='word_1_817' title='bbox 330 4887 506 4942; x_wconf 84' lang='lat' dir='ltr'>Chemnicius</span> <span class='ocrx_word' id='word_1_818' title='bbox 532 4903 593 4957; x_wconf 92' lang='lat' dir='ltr'>cap.</span> <span class='ocrx_word' id='word_1_819' title='bbox 622 4894 661 4943; x_wconf 83' lang='grc'>16.</span> <span class='ocrx_word' id='word_1_820' title='bbox 684 4888 770 4943; x_wconf 81' lang='lat' dir='ltr'>barm</span> <span class='ocrx_word' id='word_1_821' title='bbox 795 4906 821 4957; x_wconf 90' lang='lat' dir='ltr'>p.</span> <span class='ocrx_word' id='word_1_822' title='bbox 843 4895 953 4959; x_wconf 69' lang='lat' dir='ltr'>319.,v.</span> <span class='ocrx_word' id='word_1_823' title='bbox 973 4894 1021 4943; x_wconf 77' lang='lat'>28:</span> <span class='ocrx_word' id='word_1_824' title='bbox 1045 4887 1101 4948; x_wconf 80' lang='lat' dir='ltr'>Qui</span> <span class='ocrx_word' id='word_1_825' title='bbox 1113 4887 1256 4937; x_wconf 77' lang='lat' dir='ltr'>minorent</span> <span class='ocrx_word' id='word_1_826' title='bbox 1270 4885 1397 4950; x_wconf 82' lang='lat' dir='ltr'>inrepno</span> <span class='ocrx_word' id='word_1_827' title='bbox 1415 4882 1555 4935; x_wconf 75' lang='lat' dir='ltr'>coelorum</span> <span class='ocrx_word' id='word_1_828' title='bbox 1570 4883 1613 4935; x_wconf 84' lang='lat' dir='ltr'>vei</span> <span class='ocrx_word' id='word_1_829' title='bbox 1632 4883 1662 4934; x_wconf 86' lang='lat' dir='ltr'>in</span> <span class='ocrx_word' id='word_1_830' title='bbox 1676 4898 1762 4950; x_wconf 77' lang='lat' dir='ltr'>repro</span> 
     </span>
     <span class='ocr_line' id='line_1_56' title="bbox 68 4966 1763 5042; baseline -0.007 -12"><span class='ocrx_word' id='word_1_831' title='bbox 68 4983 92 5030; x_wconf 80' lang='lat'>5.</span> <span class='ocrx_word' id='word_1_832' title='bbox 107 4975 202 5031; x_wconf 85' lang='lat' dir='ltr'>Verba</span> <span class='ocrx_word' id='word_1_833' title='bbox 217 4973 354 5029; x_wconf 81' lang='lat' dir='ltr'>iohannis</span> <span class='ocrx_word' id='word_1_834' title='bbox 373 4972 583 5041; x_wconf 86' lang='lat' dir='ltr'>Evangelistae,</span> <span class='ocrx_word' id='word_1_835' title='bbox 609 4992 665 5026; x_wconf 90' lang='lat' dir='ltr'>non</span> <span class='ocrx_word' id='word_1_836' title='bbox 690 4983 752 5028; x_wconf 88' lang='lat' dir='ltr'>erat</span> <span class='ocrx_word' id='word_1_837' title='bbox 770 4975 819 5027; x_wconf 85' lang='lat' dir='ltr'>iiie</span> <span class='ocrx_word' id='word_1_838' title='bbox 838 4973 901 5042; x_wconf 77' lang='lat' dir='ltr'>(Ba</span> <span class='ocrx_word' id='word_1_839' title='bbox 915 5028 917 5035; x_wconf 76' lang='grc'>,</span> <span class='ocrx_word' id='word_1_840' title='bbox 931 4976 1002 5037; x_wconf 79' lang='lat' dir='ltr'>Dei,</span> <span class='ocrx_word' id='word_1_841' title='bbox 1031 4974 1057 5024; x_wconf 86' lang='lat' dir='ltr'>is</span> <span class='ocrx_word' id='word_1_842' title='bbox 1074 4971 1169 5039; x_wconf 80' lang='lat' dir='ltr'>rnajor</span> <span class='ocrx_word' id='word_1_843' title='bbox 1187 4977 1227 5023; x_wconf 80' lang='lat' dir='ltr'>est</span> <span class='ocrx_word' id='word_1_844' title='bbox 1248 4969 1380 5021; x_wconf 67' lang='lat' dir='ltr'>,iotanae</span> <span class='ocrx_word' id='word_1_845' title='bbox 1405 4968 1551 5036; x_wconf 79' lang='lat' dir='ltr'>Baptista,</span> <span class='ocrx_word' id='word_1_846' title='bbox 1580 4966 1763 5021; x_wconf 83' lang='lat' dir='ltr'>diversimode</span> 
     </span>
     <span class='ocr_line' id='line_1_57' title="bbox 67 5051 1764 5152; baseline -0.006 -37"><span class='ocrx_word' id='word_1_847' title='bbox 67 5062 164 5131; x_wconf 86' lang='lat' dir='ltr'>ptista)</span> <span class='ocrx_word' id='word_1_848' title='bbox 181 5079 248 5114; x_wconf 83' lang='lat' dir='ltr'>vera</span> <span class='ocrx_word' id='word_1_849' title='bbox 268 5060 324 5119; x_wconf 81' lang='lat' dir='ltr'>lua,</span> <span class='ocrx_word' id='word_1_850' title='bbox 343 5060 395 5111; x_wconf 86' lang='lat' dir='ltr'>sed</span> <span class='ocrx_word' id='word_1_851' title='bbox 409 5057 537 5111; x_wconf 72' lang='lat' dir='ltr'>Ciaristus</span> <span class='ocrx_word' id='word_1_852' title='bbox 555 5066 679 5112; x_wconf 73' lang='grc'>0010000</span> <span class='ocrx_word' id='word_1_853' title='bbox 697 5061 751 5112; x_wconf 85' lang='lat' dir='ltr'>iila</span> <span class='ocrx_word' id='word_1_854' title='bbox 769 5061 817 5113; x_wconf 80' lang='lat' dir='ltr'>lun</span> <span class='ocrx_word' id='word_1_855' title='bbox 834 5060 900 5113; x_wconf 84' lang='lat' dir='ltr'>iiiu-</span> <span class='ocrx_word' id='word_1_856' title='bbox 914 5069 916 5152; x_wconf 55' lang='lat'>,</span> <span class='ocrx_word' id='word_1_857' title='bbox 930 5058 967 5111; x_wconf 89' lang='lat' dir='ltr'>ab</span> <span class='ocrx_word' id='word_1_858' title='bbox 985 5055 1183 5127; x_wconf 86' lang='lat' dir='ltr'>interpretibus</span> <span class='ocrx_word' id='word_1_859' title='bbox 1200 5052 1380 5122; x_wconf 83' lang='lat' dir='ltr'>explicantur.</span> <span class='ocrx_word' id='word_1_860' title='bbox 1418 5052 1536 5114; x_wconf 75' lang='lat' dir='ltr'>Quidam</span> <span class='ocrx_word' id='word_1_861' title='bbox 1550 5051 1623 5106; x_wconf 91' lang='lat' dir='ltr'>enim</span> <span class='ocrx_word' id='word_1_862' title='bbox 1640 5051 1764 5105; x_wconf 88' lang='lat' dir='ltr'>referunt</span> 
     </span>
     <span class='ocr_line' id='line_1_58' title="bbox 68 5137 1763 5217; baseline -0.006 -18"><span class='ocrx_word' id='word_1_863' title='bbox 68 5149 181 5199; x_wconf 87' lang='lat' dir='ltr'>minans</span> <span class='ocrx_word' id='word_1_864' title='bbox 192 5161 298 5200; x_wconf 75' lang='lat' dir='ltr'>oninem</span> <span class='ocrx_word' id='word_1_865' title='bbox 312 5144 455 5208; x_wconf 77' lang='lat' dir='ltr'>toramen,</span> <span class='ocrx_word' id='word_1_866' title='bbox 468 5143 615 5212; x_wconf 84' lang='lat' dir='ltr'>insigniter</span> <span class='ocrx_word' id='word_1_867' title='bbox 626 5145 772 5215; x_wconf 85' lang='lat' dir='ltr'>detorquet</span> <span class='ocrx_word' id='word_1_868' title='bbox 780 5146 902 5202; x_wconf 84' lang='lat' dir='ltr'>Schmal·</span> <span class='ocrx_word' id='word_1_869' title='bbox 915 5170 917 5217; x_wconf 55' lang='lat' dir='ltr'>q</span> <span class='ocrx_word' id='word_1_870' title='bbox 930 5144 966 5196; x_wconf 88' lang='lat' dir='ltr'>ad</span> <span class='ocrx_word' id='word_1_871' title='bbox 997 5144 1128 5213; x_wconf 81' lang='lat' dir='ltr'>anpslos,</span> <span class='ocrx_word' id='word_1_872' title='bbox 1154 5139 1320 5195; x_wconf 86' lang='lat' dir='ltr'>novissimus</span> <span class='ocrx_word' id='word_1_873' title='bbox 1348 5137 1511 5208; x_wconf 85' lang='lat' dir='ltr'>angelornm</span> <span class='ocrx_word' id='word_1_874' title='bbox 1537 5137 1599 5192; x_wconf 91' lang='lat' dir='ltr'>Deo</span> <span class='ocrx_word' id='word_1_875' title='bbox 1624 5138 1653 5190; x_wconf 90' lang='lat' dir='ltr'>in</span> <span class='ocrx_word' id='word_1_876' title='bbox 1679 5137 1763 5191; x_wconf 89' lang='lat' dir='ltr'>coelis</span> 
     </span>
     <span class='ocr_line' id='line_1_59' title="bbox 68 5222 1763 5300; baseline -0.006 -15"><span class='ocrx_word' id='word_1_877' title='bbox 68 5233 149 5285; x_wconf 77' lang='lat' dir='ltr'>taius.</span> <span class='ocrx_word' id='word_1_878' title='bbox 194 5229 376 5298; x_wconf 83' lang='lat' dir='ltr'>Evangelista</span> <span class='ocrx_word' id='word_1_879' title='bbox 397 5244 573 5300; x_wconf 89' lang='lat' dir='ltr'>nequaquam</span> <span class='ocrx_word' id='word_1_880' title='bbox 599 5228 726 5285; x_wconf 87' lang='lat' dir='ltr'>absolute</span> <span class='ocrx_word' id='word_1_881' title='bbox 751 5238 781 5284; x_wconf 96' lang='grc'>01</span> <span class='ocrx_word' id='word_1_882' title='bbox 798 5230 902 5300; x_wconf 89' lang='lat' dir='ltr'>simpli·</span> <span class='ocrx_word' id='word_1_883' title='bbox 915 5230 917 5291; x_wconf 58' lang='grc'>1</span> <span class='ocrx_word' id='word_1_884' title='bbox 930 5229 1145 5283; x_wconf 88' lang='lat' dir='ltr'>ministrantium</span> <span class='ocrx_word' id='word_1_885' title='bbox 1173 5226 1262 5294; x_wconf 91' lang='lat' dir='ltr'>major</span> <span class='ocrx_word' id='word_1_886' title='bbox 1285 5229 1328 5279; x_wconf 90' lang='grc'>001</span> <span class='ocrx_word' id='word_1_887' title='bbox 1345 5222 1486 5291; x_wconf 70' lang='grc'>«10110000,</span> <span class='ocrx_word' id='word_1_888' title='bbox 1515 5223 1628 5292; x_wconf 86' lang='lat' dir='ltr'>quidam</span> <span class='ocrx_word' id='word_1_889' title='bbox 1655 5223 1692 5276; x_wconf 86' lang='lat' dir='ltr'>ad</span> <span class='ocrx_word' id='word_1_890' title='bbox 1711 5224 1763 5275; x_wconf 87' lang='lat' dir='ltr'>eie-</span> 
     </span>
     <span class='ocr_line' id='line_1_60' title="bbox 66 5296 1764 5391; baseline -0.006 -21"><span class='ocrx_word' id='word_1_891' title='bbox 66 5318 138 5370; x_wconf 72' lang='grc'>01101</span> <span class='ocrx_word' id='word_1_892' title='bbox 152 5325 249 5386; x_wconf 89' lang='lat' dir='ltr'>negat,</span> <span class='ocrx_word' id='word_1_893' title='bbox 269 5314 424 5369; x_wconf 77' lang='lat' dir='ltr'>iohannem</span> <span class='ocrx_word' id='word_1_894' title='bbox 445 5312 599 5383; x_wconf 89' lang='lat' dir='ltr'>Baptistam</span> <span class='ocrx_word' id='word_1_895' title='bbox 621 5313 707 5367; x_wconf 86' lang='lat' dir='ltr'>fnisse</span> <span class='ocrx_word' id='word_1_896' title='bbox 731 5316 813 5369; x_wconf 77' lang='lat' dir='ltr'>enam</span> <span class='ocrx_word' id='word_1_897' title='bbox 845 5296 997 5391; x_wconf 24' lang='lat' dir='ltr'>adflatos,</span> <span class='ocrx_word' id='word_1_898' title='bbox 1023 5315 1152 5369; x_wconf 85' lang='lat' dir='ltr'>minimus</span> <span class='ocrx_word' id='word_1_899' title='bbox 1172 5317 1337 5372; x_wconf 87' lang='lat' dir='ltr'>sanctorum,</span> <span class='ocrx_word' id='word_1_900' title='bbox 1362 5309 1412 5379; x_wconf 94' lang='lat' dir='ltr'>qui</span> <span class='ocrx_word' id='word_1_901' title='bbox 1430 5325 1463 5364; x_wconf 82' lang='lat' dir='ltr'>ex</span> <span class='ocrx_word' id='word_1_902' title='bbox 1482 5309 1603 5377; x_wconf 89' lang='lat' dir='ltr'>corporis</span> <span class='ocrx_word' id='word_1_903' title='bbox 1622 5309 1764 5378; x_wconf 78' lang='lat' dir='ltr'>ergastule</span> 
     </span>
     <span class='ocr_line' id='line_1_61' title="bbox 67 5393 1766 5472; baseline -0.007 -16"><span class='ocrx_word' id='word_1_904' title='bbox 67 5401 183 5472; x_wconf 83' lang='lat' dir='ltr'>aliquod</span> <span class='ocrx_word' id='word_1_905' title='bbox 208 5403 265 5455; x_wconf 87' lang='lat' dir='ltr'>sive</span> <span class='ocrx_word' id='word_1_906' title='bbox 283 5400 372 5454; x_wconf 91' lang='lat' dir='ltr'>lucem</span> <span class='ocrx_word' id='word_1_907' title='bbox 390 5399 519 5468; x_wconf 88' lang='lat' dir='ltr'>aliquam,</span> <span class='ocrx_word' id='word_1_908' title='bbox 541 5399 609 5452; x_wconf 87' lang='lat' dir='ltr'>alias</span> <span class='ocrx_word' id='word_1_909' title='bbox 633 5400 834 5455; x_wconf 86' lang='lat' dir='ltr'>contradiceret</span> <span class='ocrx_word' id='word_1_910' title='bbox 850 5401 904 5468; x_wconf 89' lang='lat' dir='ltr'>ipsi</span> <span class='ocrx_word' id='word_1_911' title='bbox 916 5394 919 5437; x_wconf 61' lang='lat' dir='ltr'>i</span> <span class='ocrx_word' id='word_1_912' title='bbox 932 5401 1065 5455; x_wconf 88' lang='lat' dir='ltr'>liberatus</span> <span class='ocrx_word' id='word_1_913' title='bbox 1086 5401 1113 5453; x_wconf 92' lang='lat' dir='ltr'>in</span> <span class='ocrx_word' id='word_1_914' title='bbox 1132 5397 1185 5453; x_wconf 85' lang='lat' dir='ltr'>Dei</span> <span class='ocrx_word' id='word_1_915' title='bbox 1203 5412 1289 5466; x_wconf 90' lang='lat' dir='ltr'>regno</span> <span class='ocrx_word' id='word_1_916' title='bbox 1307 5394 1424 5448; x_wconf 80' lang='lat' dir='ltr'>vivitne</span> <span class='ocrx_word' id='word_1_917' title='bbox 1443 5393 1604 5463; x_wconf 89' lang='lat' dir='ltr'>triumphat,</span> <span class='ocrx_word' id='word_1_918' title='bbox 1622 5395 1710 5462; x_wconf 89' lang='lat' dir='ltr'>major</span> <span class='ocrx_word' id='word_1_919' title='bbox 1722 5399 1766 5447; x_wconf 88' lang='grc'>001</span> 
     </span>
    </p>
   </div>
   <div class='ocr_carea' id='block_1_6' title="bbox 1380 5495 1433 5551">
    <p class='ocr_par' dir='ltr' id='par_1_8' title="bbox 1380 5495 1433 5551">
     <span class='ocr_line' id='line_1_62' title="bbox 1380 5495 1433 5551; baseline -0.019 0"><span class='ocrx_word' id='word_1_920' title='bbox 1380 5495 1433 5551; x_wconf 79' lang='lat'>31*</span> 
     </span>
    </p>
   </div>
   <div class='ocr_carea' id='block_1_7' title="bbox 0 0 2019 6004">
    <p class='ocr_par' dir='ltr' id='par_1_9' title="bbox 0 0 2019 6004">
     <span class='ocr_line' id='line_1_63' title="bbox 0 0 2019 6004; baseline 0 0"><span class='ocrx_word' id='word_1_921' title='bbox 0 0 2019 6004; x_wconf 95' lang='lat' dir='ltr'> </span> 
     </span>
    </p>
   </div>
  </div>
 </body>
</html>
