4020 6014
682 365 734 420 DE
752 365 975 423 MINISTERIO
994 367 1294 427 scotuslssmco
1777 383 1835 441 tta

139 515 256 571 eandem
283 516 419 573 ιιιιοιιιιιι
441 517 541 574 habuit
565 533 628 573 cum
657 519 759 584 Paulo,
792 521 838 592 qui
864 520 920 574 fuit
944 521 972 574 iu
1001 524 1212 594 mitratisque
1229 526 1355 579 medium
1366 526 1508 579 modendi
1516 527 1740 594 fraqumatsims
1756 531 1838 598 apud

139 618 221 671 opere
241 603 384 659 manuario
401 609 426 660 2.
445 604 543 660 Thess.
563 610 593 673 3,
619 623 645 661 v.
664 612 689 662 8.
708 605 774 677 quia
792 608 927 661 aerarium
945 612 973 662 et
998 609 1075 677 ipsos
1093 611 1236 679 usurpari.
1273 609 1509 680 Distinguendum
1528 611 1599 667 inter
1616 628 1757 682 personas,
1775 613 1835 685 qui·

139 687 278 758 stipendia
307 688 429 744 nondum
463 696 543 744 crant
572 707 625 761 pro
653 691 785 746 ministris
815 693 972 748 constituta
998 694 1051 747 bus
1070 695 1152 749 datur
1171 695 1299 765 pretium.
1329 695 1400 752 Illae
1423 703 1488 751 sunt
1505 697 1635 767 triplices.
1670 697 1735 754 Una
1752 698 1835 754 index

139 777 164 828 3.
184 775 375 829 Commodum.
414 776 511 831 Satias
531 785 585 843 est,
603 779 631 831 si
646 778 773 831 minmer
791 779 871 832 serbi
887 780 1027 833 besuam
1045 786 1135 847 actor,
1163 781 1251 835 altera
1265 781 1369 851 judex,
1397 783 1481 836 tertia
1507 788 1601 838 custos
1628 784 1755 839 carceris.
1791 784 1835 840 De

139 859 247 959 aliquot
275 861 396 914 toros
383 880 413 915 sn
439 861 514 916 istos
538 863 633 932 operis
652 864 853 918 honestissimis
879 873 905 919 st
923 867 975 920 toti
998 865 1193 920 incarcerando
1221 869 1376 922 concedunt
1402 869 1545 932 nonnulli,
1569 874 1601 923 ut
1625 869 1784 938 paciscatur
1806 876 1836 926 et

138 945 257 1000 uiciniae
275 947 392 1001 utilibus
411 949 543 1016 concoct,
570 964 653 1017 pssum
671 950 699 1002 σι’
712 952 777 1003 ruri
794 952 943 1005 colendo
929 969 970 1004 sss-
985 947 1089 1027 isolvat
1116 953 1236 1022 pretium
1262 954 1347 1007 indici
1373 959 1403 1008 et
1426 955 1513 1009 actori
1537 955 1596 1010 sive
1616 955 1732 1010 delatori
1750 964 1834 1026 atque

140 1031 249 1084 eamdst
273 1040 324 1084 ont
348 1049 377 1086 ss
400 1034 432 1087 irs
449 1035 580 1088 iubemus
603 1035 731 1088 vinarius
752 1037 881 1092 insinuet.
918 1036 971 1091 Re·
999 1036 1038 1091 ita
1055 1055 1085 1092 se
1101 1038 1219 1093 redimat
1236 1039 1272 1093 ab
1291 1039 1450 1094 imminente
1476 1040 1607 1110 periculo
1648 1040 1719 1094 De
1711 1056 1834 1096 incarce-

139 1117 318 1188 spondemus.
338 1119 431 1189 quiex
449 1119 576 1190 pluribus
594 1120 674 1174 malis
691 1121 771 1192 eligit
788 1122 887 1190 minus,
904 1139 971 1177 non·
997 1128 1058 1177 rato
1077 1129 1198 1195 negant,
1217 1124 1274 1178 sive
1291 1125 1429 1194 judicem,
1450 1126 1508 1180 sive
1527 1126 1588 1195 ejus
1606 1126 1761 1181 ministrum
1780 1127 1834 1181 lar·

139 1203 303 1275 dumeligit
320 1204 434 1274 bonum,
453 1206 713 1280 πολυπραγμοσύνη
733 1208 764 1262 id
783 1209 877 1275 vitiat,
896 1210 971 1279 qnod
998 1208 1099 1279 giendo
1129 1225 1304 1281 corrumpere
1336 1211 1404 1265 velit
1431 1217 1459 1265 et
1489 1210 1585 1281 possit.
1621 1211 1695 1268 Vide
1726 1211 1833 1268 Dauaei

138 1289 165 1342 in
183 1289 246 1344 aliis
262 1290 415 1345 vocationis
441 1308 509 1347 suae
533 1292 664 1348 terminos
691 1291 902 1349 observantibus
923 1294 969 1347 bo·
997 1295 1131 1365 isagogen
1155 1303 1225 1365 pert.
1249 1304 1274 1351 4.
1301 1296 1348 1351 lib.
1375 1304 1399 1353 2.
1423 1314 1484 1367 cap.
1510 1305 1551 1352 45.
1587 1297 1777 1352 Tertullianus
1796 1300 1833 1354 de

137 1392 211 1430 num.
251 1375 402 1432 Limitat‘o.
439 1376 603 1433 Necessitati
628 1382 657 1431 et
673 1377 797 1432 caritatis
816 1377 908 1432 officio
925 1378 970 1433 lex
997 1380 1196 1435 incarcerando
1221 1381 1333 1450 quidem
1362 1383 1553 1436 tantummodo
1579 1388 1679 1454 negat,
1708 1383 1774 1454 quia
1797 1383 1834 1437 de

137 1477 191 1515 nou
216 1466 309 1531 potest
335 1460 427 1516 statui
467 1462 497 1517 si
525 1463 586 1533 quis
610 1469 669 1517 arte
695 1463 803 1518 medica
829 1471 971 1534 praestare
997 1465 1045 1520 illo
1070 1466 1158 1520 solum
1183 1473 1243 1521 erat
1269 1467 1306 1522 ibi
1337 1468 1478 1538 quaestio,
1501 1468 1587 1522 multo
1607 1468 1697 1539 magis
1716 1485 1780 1522 vero
1797 1469 1833 1524 de

141 1545 247 1616 aliquid
264 1546 352 1602 solide
369 1553 473 1617 potest,
501 1555 645 1602 succurrat
667 1549 821 1620 aegrotanti
846 1548 971 1620 proximo
997 1551 1168 1606 incarcerato
1187 1552 1261 1606 idem
1280 1559 1417 1623 negasset,
1436 1553 1459 1606 si
1476 1554 1618 1607 consultus
1637 1553 1744 1610 finisset.
1780 1553 1832 1608 At·

137 1648 192 1686 non
211 1648 261 1702 spo
279 1632 387 1697 lucelli,
413 1634 464 1687 sed
482 1632 585 1689 affectu
602 1634 741 1697 caritatis,
760 1635 872 1706 qnando
891 1635 970 1703 alius,
996 1635 1114 1691 firmatio
1134 1637 1281 1706 probatur:
1306 1644 1327 1692 1.
1348 1637 1437 1693 Omne
1454 1638 1580 1692 illicitum
1596 1641 1660 1708 jure
1678 1639 1772 1693 divino
1789 1644 1833 1694 est

136 1717 181 1772 cui
206 1717 329 1788 corporis
355 1735 422 1773 cura
449 1718 571 1790 legitime
598 1719 765 1775 demandata
789 1727 843 1788 est,
874 1720 970 1776 baberi
996 1721 1167 1793 prohibitum
1191 1726 1219 1778 in
1243 1723 1305 1795 lege
1329 1724 1391 1778 Dei.
1432 1724 1472 1778 At
1499 1724 1632 1778 redimere
1654 1725 1728 1780 vitae
1748 1725 1833 1795 hujus

137 1803 241 1874 nequit.
278 1803 429 1869 Quaeritur
451 1811 474 1859 5.
498 1807 546 1858 Aa
571 1807 622 1874 qai
645 1807 730 1860 semsi
761 1807 917 1861 nsinimm’o
941 1823 969 1859 ιι
996 1809 1156 1878 temporalis
1174 1825 1303 1872 usuram,
1329 1809 1352 1862 si
1370 1809 1400 1863 in
1418 1809 1542 1863 homines
1561 1808 1630 1864 lucri
1655 1816 1684 1865 et
1701 1817 1832 1881 quaestus

137 1889 264 1956 mmm,
287 1888 470 1943 abdicarem
489 1891 639 1944 abeodem
664 1909 787 1959 numum
809 1893 840 1945 ia
858 1893 919 1944 rita
936 1892 970 1944 ii·
996 1894 1113 1964 cupidos
1132 1894 1304 1963 incidamus,
1331 1894 1401 1948 adeo
1420 1894 1589 1964 prohibitum
1607 1912 1662 1948 non
1681 1902 1731 1962 ιιι,
1751 1900 1783 1950 ut
1800 1896 1832 1950 il·

136 1977 199 2029 berc
215 1982 242 2028 st
258 1975 336 2028 iics'ts
350 1975 464 2043 possit!
483 1977 535 2030 Per
546 1975 701 2031 ministrum
715 1976 850 2032 ecclesiae
863 1977 892 2030 in
905 1976 970 2031 sub·
995 1980 1043 2033 lud
1061 1980 1149 2034 dictet
1165 1980 1244 2033 ratio.
1279 1979 1363 2050 Ergo.
1395 1986 1419 2034 2.
1437 1980 1538 2034 Omnia
1556 1981 1648 2035 media
1664 1996 1719 2034 non
1738 1981 1831 2050 palam

133 2060 209 2129 jecto
237 2059 406 2129 quaestionis
437 2060 603 2133 intelligitur
630 2076 750 2132 persona
776 2061 901 2133 legitime
932 2062 968 2115 ad
995 2082 1058 2120 cum
1088 2065 1192 2135 pietate
1219 2072 1247 2119 et
1273 2065 1418 2120 honestate
1441 2066 1598 2138 pugnantia
1622 2066 1650 2119 in
1674 2064 1832 2121 discrimine

136 2144 317 2199 ministerium
339 2150 450 2213 vocata,
476 2144 597 2200 fideliter
613 2146 643 2200 in
662 2146 755 2201 officio
772 2164 898 2211 versans,
928 2145 968 2201 fa·
994 2151 1067 2205 vitae
1090 2151 1242 2221 prudenter
1267 2156 1375 2205 tentare
1399 2151 1506 2205 licitum
1531 2157 1581 2207 est.
1619 2151 1695 2206 Dare
1717 2151 1831 2206 insidia·

134 2230 238 2285 onitate
254 2230 415 2300 praestandi
433 2230 553 2285 muneris
571 2231 663 2286 adium
686 2233 753 2287 satis
771 2233 915 2296 instructa,
932 2232 968 2287 ab
994 2235 1047 2290 tori
1059 2237 1141 2300 uitae,
1160 2236 1236 2308 quod
1252 2237 1332 2290 unice
1345 2242 1449 2306 captat,
1469 2237 1630 2305 praemium,
1650 2243 1692 2291 est
1709 2236 1831 2291 medium

135 2316 251 2372 ecdesia
267 2317 351 2371 edam
372 2316 477 2370 diutius
494 2316 657 2383 desiderata,
677 2317 727 2372 sed
745 2318 806 2372 sola
823 2320 969 2375 voluntate
994 2339 1048 2376 non
1067 2322 1159 2392 palam
1178 2338 1306 2393 pugnans
1326 2338 1390 2375 cum
1408 2322 1511 2392 pietate
1530 2328 1558 2377 et
1575 2322 1738 2389 honestate,
1765 2323 1831 2394 quia

135 2401 250 2456 ulterius
294 2401 461 2457 inserviendi
509 2402 683 2457 auditoribus
726 2402 873 2471 dmtituta,
924 2404 969 2459 vel
994 2407 1127 2478 decalogo
1155 2409 1282 2477 nuspiam
1306 2407 1476 2478 prohibetur.
1517 2415 1539 2463 3.
1559 2408 1588 2464 Si
1612 2408 1831 2478 persecutionem

136 2489 203 2560 quia
228 2489 323 2545 taedet
350 2506 412 2545 eum
439 2488 543 2543 laboris
568 2494 598 2544 et
625 2489 813 2545 molestiarum
837 2493 882 2545 vel
904 2492 970 2563 quia
993 2493 1091 2565 iugera
1110 2500 1138 2549 ιι
1156 2494 1295 2548 declinare
1311 2495 1386 2548 omni
1400 2494 1616 2564 piaethonesta
1634 2494 1740 2551 ratione
1760 2494 1832 2562 licet,

136 2574 246 2632 abunde
264 2575 317 2646 ipsi
332 2576 463 2647 suppetit,
480 2575 555 2630 unde
572 2592 602 2630 ee
620 2592 740 2645 suosque
759 2583 903 2642 sustentet,
925 2579 972 2633 vel
995 2580 1079 2634 etiam
1102 2587 1300 2651 persequentes
1330 2580 1428 2650 fugere
1454 2586 1484 2634 et
1507 2581 1645 2636 declinare
1672 2581 1767 2636 licebit
1787 2596 1831 2636 eo·

135 2661 218 2716 etism
238 2661 305 2731 quis
321 2660 384 2715 aliis
401 2660 559 2715 carnalibus
577 2661 669 2714 musis
686 2662 722 2715 ad
741 2662 921 2718 mutationem
941 2668 970 2718 et
996 2667 1059 2722 dom
1077 2666 1167 2721 modo.
1204 2667 1245 2721 At
1264 2666 1350 2736 prius,
1376 2682 1444 2737 orgo
1462 2672 1491 2721 et
1510 2666 1656 2736 posterius.
1693 2666 1833 2722 Οοιιιιιιίο

135 2753 315 2818 spontaneam
340 2745 544 2800 abdicationem
568 2754 768 2816 permoveatur.
804 2749 837 2801 ln
861 2749 970 2818 praedi·
996 2757 1080 2822 patet,
1100 2751 1167 2822 quia
1187 2751 1325 2822 quomodo
1350 2750 1428 2818 finis,
1453 2752 1552 2806 eodem
1576 2753 1658 2806 modo
1680 2752 1773 2807 media
1795 2753 1832 2807 ad

137 2838 199 2888 cato
208 2832 324 2901 licitum,
343 2833 575 2903 quemadmodum
598 2833 680 2888 etiam
699 2834 816 2889 liberum
839 2834 971 2907 intelligi·
996 2837 1079 2891 linem
1100 2837 1280 2907 perducentia
1298 2845 1363 2892 sunt
1379 2837 1464 2892 licita
1502 2837 1651 2901 Quaeritur
1671 2844 1694 2894 ¹1.
1716 2841 1765 2892 Aa
1782 2839 1833 2906 qai

137 2924 183 2972 tur
198 2926 327 2988 respectu
341 2918 534 2992 jamdiu-ini,
557 2935 612 2989 quo
633 2936 689 2975 uno
709 2919 783 2974 bona
800 2921 971 2977 conscientia
996 2924 1121 2977 omnibus
1140 2931 1166 2979 et
1185 2924 1306 2993 nugulis
1326 2923 1503 2977 auditoribus
1521 2931 1563 2976 est
1581 2941 1685 2988 mosas,
1702 2926 1832 2979 desum

136 3005 243 3070 nititur,
264 3020 319 3058 non
338 3003 453 3058 humani
470 3004 562 3073 ullius,
581 3005 732 3060 autetiam
748 3022 868 3076 poenae,
886 3023 970 3077 quam
996 3028 1076 3063 suum
1095 3009 1283 3064 conditorem
1301 3010 1384 3072 licite,
1392 3012 1499 3079 possit,
1526 3011 1637 3064 dionisi
1654 3010 1727 3064 olibi
1744 3028 1831 3066 nouus

136 3091 164 3145 in
183 3091 321 3160 ejusmodi
337 3090 525 3147 inconstantes
543 3092 722 3147 constitutam
742 3108 876 3147 essenon
893 3093 969 3146 novi-
996 3097 1115 3150 adierim
1133 3099 1344 3165 consequendae
1361 3113 1425 3166 spes
1445 3115 1501 3151 non
1521 3096 1684 3166 appareat?
1700 3096 1830 3152 Affirma-

135 3194 204 3231 mus.
251 3175 390 3248 Negativa
412 3175 547 3245 probatur
572 3182 594 3232 1.
623 3193 641 3230 a
663 3176 828 3231 testimoniis
845 3175 968 3248 Scripta·
994 3188 1041 3236 tur
1059 3198 1093 3247 ex
1106 3180 1205 3236 Matth.
1228 3188 1267 3249 10,
1284 3200 1310 3236 v.
1334 3187 1373 3236 14.
1391 3182 1494 3238 Contu
1512 3182 1656 3238 Calvinum
1674 3183 1753 3252 epist
1772 3187 1832 3238 227.

135 3280 193 3325 ιιιι
212 3269 236 3319 2.
256 3262 293 3316 ab
312 3261 444 3331 exemplis
463 3279 496 3316 ex
515 3263 627 3326 eadem3
648 3268 672 3316 2.
690 3279 723 3318 ex
736 3262 850 3318 ratione.
878 3269 900 3318 ι.
915 3263 968 3318 To·
996 3274 1053 3323 229.
1080 3272 1140 3323 381.
1182 3267 1331 3333 Quaeritur
1357 3272 1381 3323 8.
1409 3269 1457 3321 An
1480 3269 1568 3323 liceat
1585 3269 1731 3334 resipuere
1750 3285 1831 3321 suam

135 3348 263 3403 stimonia
282 3355 347 3401 sunt
364 3346 464 3417 partim
483 3347 627 3418 generales
646 3355 844 3404 etcommunes
858 3354 968 3404 senteu-
994 3371 1108 3419 nunnus,
1139 3353 1166 3406 si
1186 3353 1280 3407 ubera
1305 3355 1366 3421 ejas
1388 3371 1475 3422 pars,
1504 3368 1601 3421 ncnspe
1621 3353 1831 3406 &minnistin

135 3434 191 3489 tiae
208 3432 335 3504 apostoli,
356 3439 378 3487 1.
399 3432 462 3488 θοι.
489 3440 513 3501 ι,
539 3450 565 3488 v.
586 3441 624 3489 17.
643 3440 671 3488 et
690 3442 735 3490 20:
769 3434 969 3506 Unusquisque
994 3446 1244 3502 sacramentorum,
1256 3439 1415 3506 denegetur.
1446 3438 1578 3494 Calvinus
1591 3438 1669 3508 epist
1686 3442 1831 3509 abnegat,

135 3521 164 3574 in
183 3536 240 3589 qua
258 3523 374 3573 vocatus
390 3525 434 3573 est
453 3519 606 3584 vocatone,
626 3520 655 3573 in
671 3536 704 3574 ea
720 3525 843 3590 maneat;
866 3521 967 3590 partim
993 3524 1069 3598 quod
1092 3523 1265 3593 probandum
1292 3524 1444 3578 secundum
1464 3523 1541 3592 quid.
1560 3522 1661 3577 Confer
1680 3523 1833 3594 Martyrern

136 3604 269 3675 specialia
295 3610 324 3658 et
347 3603 501 3674 singularia
521 3603 623 3659 Christi
649 3605 755 3659 monita
781 3605 816 3660 de
841 3622 969 3675 perseve-
995 3619 1060 3665 tom.
1080 3616 1103 3663 3.
1124 3608 1231 3678 epistol.
1250 3608 1303 3664 col.
1322 3614 1380 3663 296.
1412 3607 1560 3673 Quaeritur
1578 3614 1602 3663 9.
1629 3609 1676 3662 An
1688 3610 1832 3677 judicium

136 3692 227 3745 rantia
245 3690 275 3744 in
292 3688 399 3756 officio,
433 3689 535 3743 Mattb.
560 3696 604 3757 lb,
624 3708 649 3743 ι.
670 3696 717 3752 22ι
738 3690 793 3753 Qui
810 3698 969 3762 persevera·
992 3694 1119 3765 postoris
1138 3694 1294 3760 Cisrisnsis,
1325 3696 1360 3746 de
1391 3711 1446 3762 quo
1466 3694 1608 3747 Zenobiae
1637 3694 1667 3746 in
1689 3703 1831 3750 commeat.

136 3777 206 3832 verit
233 3793 322 3848 usque
347 3776 384 3830 ad
403 3776 495 3839 finem
519 3776 679 3832 salvabitur.
722 3776 790 3832 lsuo.
818 3783 849 3845 9,
874 3794 900 3832 v.
922 3782 970 3832 ιιι
997 3780 1073 3848 eps'st.
1091 3779 1218 3848 Pnaspp.
1229 3778 1290 3845 sol.
1310 3782 1375 3832 222.
1398 3781 1426 3832 in
1443 3795 1531 3846 ayone
1552 3779 1687 3847 dolentis,
1714 3797 1743 3832 sc
1766 3798 1830 3835 con-

137 3861 190 3927 Qui
209 3879 292 3916 manu
309 3862 346 3916 ad
362 3867 484 3916 usuum
503 3861 614 3916 admota
632 3869 705 3916 retro
723 3862 888 3933 respexerit,
913 3879 969 3916 uon
996 3865 1092 3918 silium
1109 3864 1232 3918 Zonohsi
1258 3865 1294 3918 de
1322 3865 1492 3918 cormslendo
1518 3865 1574 3918 sits·
1599 3881 1655 3933 per·
1679 3867 1781 3933 sapum
1806 3873 1832 3919 ei

137 3955 180 4003 est
205 3953 287 4019 aptus
313 3948 350 4002 sd
380 3963 496 4018 regnum
523 3947 671 4002 coelorum.
711 3948 799 4018 Apoc.
820 3954 848 4011 2,
876 3965 901 4001 v.
925 3954 969 4003 10:
996 3952 1177 4006 amasiorum
1199 3969 1257 4004 non
1283 3968 1342 4005 esse
1364 3960 1500 4021 amatam,
1524 3952 1615 4014 fuerit
1642 3968 1675 4005 cu
1693 3968 1779 4005 curus
1794 3969 1832 4006 aa

137 4034 203 4088 Fato
222 4033 312 4089 tidelis
329 4049 419 4103 usque
437 4031 474 4087 sd
491 4039 615 4100 mortem,
634 4039 663 4088 et
679 4031 752 4088 dabo
771 4031 822 4086 tibi
842 4049 970 4088 coronam
996 4055 1027 4092 ss
1045 4036 1168 4106 spirita!
1192 4037 1329 4092 Zancbius
1352 4038 1452 4108 probat
1479 4037 1630 4108 posterius,
1655 4038 1705 4094 sed
1730 4037 1833 4093 rectius

137 4120 218 4176 vitae.
243 4126 266 4175 2
287 4118 424 4189 Exempla
436 4117 546 4187 prolata
561 4124 628 4173 suut
645 4119 841 4188 prophetarum
859 4126 887 4175 et
905 4136 970 4190 apo
996 4123 1151 4180 affirmatur
1167 4124 1252 4194 prius.
1258 4125 1290 4160 *⁴⁸

138 4206 270 4259 stolorum
289 4204 469 4275 aliorumque,
488 4205 536 4274 qui
556 4221 656 4259 munus
673 4222 753 4258 suum
774 4221 829 4259 non
846 4212 911 4260 ante
929 4222 969 4262 re-
1032 4216 1091 4266 292.
1131 4209 1166 4265 ln
1183 4208 1346 4280 pontificiali
1365 4208 1491 4265 Romano
1514 4211 1637 4282 quinque
1655 4215 1964 4266 recompensemus.

136 4290 288 4362 liquerunt,
315 4307 399 4361 qnam
418 4308 529 4346 cursum
548 4307 629 4345 suum
647 4295 921 4360 consummaverunt,
939 4296 972 4346 ut
996 4298 1171 4352 sacerdotum
1193 4295 1299 4351 officis:
1327 4299 1352 4348 1.
1371 4296 1492 4366 Offerre,
1511 4302 1690 4367 iprasessc,
1710 4302 1735 4351 2
1753 4298 1832 4351 isus·
1845 4285 1952 4378 mles

138 4378 173 4432 dc
191 4394 221 4431 se
239 4377 383 4447 praedicat
405 4376 545 4447 apostolus
569 4384 593 4431 2.
614 4376 686 4430 Tim
705 4383 730 4445 4,
749 4395 774 4432 ι.
792 4384 817 4433 ’1.
851 4377 970 4433 iusto
998 4384 1101 4447 duero,
1129 4387 1154 4438 i.
1175 4381 1320 4450 baptisare
1345 4387 1374 4434 et
1394 4387 1419 4437 i.
1430 4383 1613 4450 praedicare.
1651 4382 1695 4436 De
1716 4380 1961 4452 singultiamus·

139 4464 175 4518 ab
205 4463 339 4562 oppositis
371 4463 434 4520 duci
465 4471 565 4535 potest.
603 4464 712 4519 Vocare
738 4470 766 4518 et
790 4464 916 4535 ingerere
941 4482 971 4519 ιι
998 4469 1134 4540 quaedam
1163 4467 1343 4522 monebimus.
1397 4475 1417 4522 1.
1452 4466 1559 4522 Offerre
1588 4467 1645 4521 sive
1676 4465 1831 4522 sacrificare
1844 4440 1938 4534 mm

138 4551 227 4620 ipsum
254 4550 283 4604 in
311 4549 492 4606 ministerium
516 4568 572 4605 non
595 4558 638 4605 est
663 4550 780 4605 liberum
803 4556 832 4604 et
855 4551 970 4605 licitam.
997 4570 1057 4609 esse
1083 4560 1190 4623 partem
1216 4551 1301 4607 officii
1327 4552 1540 4607 ecclesiastici
1532 4570 1562 4605 m
1585 4552 1619 4606 N.
1644 4552 1678 4608 T.
1697 4569 1831 4623 negamus
1845 4544 1863 4586 ¹·
1870 4542 1964 4585 ΜΨ·

138 4637 213 4707 Ergo
243 4653 295 4692 nec
321 4637 451 4692 abdicare
478 4644 506 4692 et
530 4637 685 4708 relinquere
704 4637 787 4692 semel
810 4646 970 4706 susceptum
997 4638 1179 4708 sequentibus
1199 4638 1267 4693 moti
1287 4638 1490 4693 fundamentis:
1512 4643 1533 4691 1.
1552 4635 1712 4705 Nuspiam
1704 4655 1733 4691 ιιι
1754 4637 1831 4692 libris

139 4723 321 4777 ministerium
345 4729 387 4777 est
414 4723 532 4778 liberum
555 4730 584 4777 et
608 4723 721 4778 licitum.
769 4723 852 4777 Valet
877 4739 971 4777 conse
998 4724 1033 4782 N.
1050 4724 1084 4780 T.
1102 4723 1228 4779 Christus
1252 4725 1354 4796 legitm
1380 4721 1531 4777 instituisso
1556 4723 1701 4784 missificss
1724 4724 1832 4790 sacrifi
1845 4733 1904 4774 ans
1919 4729 1963 4773 no.

138 4809 251 4878 quentia
270 4825 304 4863 cx
324 4825 373 4877 eo,
395 4810 471 4880 quod
490 4825 607 4878 quorum
625 4815 668 4864 ιιι
686 4824 798 4874 νοιιιι,
822 4808 971 4862 eorundem
998 4811 1085 4864 ceslos.
1122 4810 1156 4864 In
1177 4811 1211 4868 V.
1235 4811 1268 4865 T.
1297 4812 1389 4865 variae
1413 4807 1562 4862 traduntur
1584 4809 1771 4864 ordinationes
1797 4808 1832 4863 de

140 4895 223 4950 etiam
240 4900 284 4950 est
301 4895 447 4950 dimittere.
477 4894 562 4950 Tam.
585 4894 734 4960 Quaeritur
746 4901 769 4949 6.
792 4895 840 4947 An
849 4902 972 4963 propter
998 4914 1110 4952 munere
1119 4896 1292 4951 sacrificandi
1309 4893 1499 4949 sacerdotibus
1516 4911 1551 4948 ac
1563 4894 1668 4949 levitis
1680 4896 1833 4963 commisso,

136 4982 262 5034 omituts'rr
280 4981 485 5045 confessionem
511 4981 667 5049 capiendus
689 4989 715 5034 st
740 4982 923 5034 deducendus
940 4981 970 5034 in
998 4983 1048 5036 sed
1075 4982 1110 5038 de
1133 4983 1264 5037 ministris
1289 4983 1322 5038 N.
1342 4981 1376 5037 T.
1400 4981 1528 5051 nuspiam
1553 4981 1609 5036 tale
1633 4982 1701 5052 quid
1721 4981 1831 5052 legitur.

135 5083 275 5120 carcerem
294 5075 426 5137 captusne
450 5066 591 5134 quispiam
607 5068 664 5120 sios
686 5075 793 5135 postor,
812 5067 869 5121 sios
888 5067 969 5120 andi
998 5067 1079 5134 Quod
1098 5069 1171 5123 enim
1189 5069 1289 5122 attinet
1307 5066 1463 5137 exemplum
1483 5067 1599 5130 Christi,
1628 5067 1722 5137 quiin
1742 5067 1833 5137 prima

135 5161 181 5205 tor
214 5153 307 5222 possit
335 5170 365 5206 se
387 5153 471 5206 saiva
502 5151 673 5203 resarcientis
698 5153 792 5220 pretio
822 5154 968 5207 redimere.
998 5170 1101 5209 coenae
1116 5153 1288 5209 institutione
1303 5159 1331 5208 et
1346 5152 1584 5208 administratione
1598 5170 1628 5208 se
1642 5153 1733 5223 ipsum
1749 5154 1831 5209 modo
1871 5163 1880 5177 ’

135 5239 324 5294 Tertullianus
348 5239 396 5295 lib.
422 5238 457 5291 de
474 5236 533 5306 fug.
557 5241 586 5289 et
607 5242 743 5305 persecut
762 5253 786 5293 c.
806 5243 845 5294 12.
866 5238 969 5308 simpli·
998 5239 1142 5294 incruento
1153 5239 1231 5292 Patri
1250 5238 1361 5293 coelesti
1375 5238 1509 5295 obtulisse
1524 5239 1633 5307 dicitur,
1652 5239 1755 5293 additis
1773 5256 1833 5294 ver·

136 5325 206 5379 citer
229 5332 322 5396 negat.
361 5324 487 5379 Perkins.
512 5320 560 5377 lib.
584 5327 608 5376 2.
631 5321 666 5374 de
687 5337 742 5376 cas.
770 5338 859 5379 conec.
879 5342 903 5379 c.
929 5330 969 5381 12.
998 5324 1041 5378 bis
1059 5325 1119 5378 istis
1144 5330 1354 5393 προσιακιικοῖς
1379 5325 1431 5379 boc
1457 5328 1561 5393 facite,
1590 5326 1643 5380 hoc
1671 5333 1714 5380 est
1739 5341 1832 5381 meum

136 5420 202 5465 sect.
235 5417 258 5465 2.
291 5429 318 5481 p.
349 5416 409 5465 251.
455 5408 610 5464 Pontificiis
640 5406 832 5463 affirmativam
862 5412 968 5478 tribuit,
998 5411 1086 5466 secuti
1108 5408 1265 5480 exemplum
1291 5409 1460 5479 sacrificate,
1490 5411 1518 5465 in
1546 5428 1579 5466 eo
1607 5411 1710 5483 duplex
1734 5410 1832 5482 petitio

136 5514 206 5568 quos
226 5497 323 5552 scribit
339 5496 396 5549 sibi
413 5494 521 5548 licitum
538 5503 677 5556 statuere,
704 5510 845 5548 carcerem
873 5498 968 5567 effrin-
998 5495 1126 5568 principii
1145 5496 1337 5562 committitur,
1363 5502 1423 5550 tum
1445 5497 1520 5568 quod
1543 5496 1669 5552 Christus
1694 5515 1724 5553 se
1741 5498 1832 5566 ipsum

135 5600 209 5653 pere,
225 5584 253 5637 si
267 5598 337 5637 snos
352 5580 384 5632 ia
402 5594 544 5636 carcerem
555 5578 744 5637 conclusionis
757 5594 845 5635 suasu
861 5583 969 5652 ivurio
997 5590 1065 5639 tuuc
1089 5581 1220 5654 temporis
1246 5581 1325 5637 Patri
1351 5581 1464 5639 coelesti
1486 5582 1634 5651 obtulerit,
1664 5588 1725 5639 tum
1755 5582 1832 5652 quod
