4020 6014
210 210 248 274 16
750 216 753 227 ’
772 204 893 266 uoces
911 201 1116 265 menemus
1133 200 1296 260 TERTIUS

206 364 311 434 emptae
326 362 357 416 ιι
373 362 587 433 amram
603 363 746 429 meam,
765 363 928 432 saraam
945 328 1038 418 adm
1065 358 1216 432 ιρριιιιιι
1231 357 1367 430 reptem
1384 356 1415 410 n
1433 355 1512 414 ar.
1534 360 1556 411 r.
1571 355 1633 412 cor.
1655 360 1680 420 ι,
1697 370 1723 407 ι.
1739 360 1778 410 ιι.
1799 350 1898 422 cns,

207 449 269 518 ejus
288 450 323 502 cle
340 466 425 503 meaa
442 456 491 503 tua
508 450 659 538 requiram
1065 463 1089 501 v.
1110 452 1149 503 19.
1169 462 1225 501 non
1244 445 1334 501 solum
1352 443 1464 500 honoris
1482 458 1576 514 ceusu,
1596 441 1645 496 ssd
1665 441 1748 497 ι11ιιιι
1766 441 1831 512 qnia
1848 456 1898 511 per

80 539 194 581 2srsm·
243 539 284 591 26.
321 537 345 589 2.
366 534 535 605 Architecti,
566 526 693 600 nilla-“l
718 536 819 593 Psalm.
848 541 955 601 118,v
956 539 1038 590 .22·
1065 532 1180 588 verbnm
1199 531 1357 603 spirituales
1373 529 1434 587 Deo
1453 529 1524 584 filios
1543 535 1686 600 generant,
1704 528 1900 584 insenuera-

140 621 312 691 Lapis,
331 638 411 690 quem
427 623 647 692 reprobaret-aut
665 624 854 692 aedificantes,
874 623 920 676 tic
938 623 1037 687 sactus
1065 619 1128 675 liter
1145 618 1264 688 seilicet,
1283 635 1338 690 quo
1356 634 1438 672 sensu
1457 620 1486 672 et
1510 621 1637 686 respectu
1658 615 1741 671 etiarn
1767 630 1796 668 se
1821 615 1900 684 ipsas

209 713 252 760 eet
275 708 306 761 ιἰι
323 716 408 779 eaput
434 710 541 780 empuli.
576 708 658 764 Lxx
681 713 792 764 vertum
819 709 1039 782 ο1κοδομοῦνιις.
1066 713 1092 760 et
1110 706 1255 760 auditores
1272 722 1338 759 ιιιοι
1355 705 1470 759 saltare
1487 704 1625 768 dicuntur,
1648 700 1790 767 1.Τ1ιιι4,
1811 719 1837 756 v.
1858 705 1899 755 16.

209 791 265 848 Hic
291 794 368 850 locus
393 795 531 868 allegatur
557 813 574 852 a
603 795 713 852 Christo
739 795 838 852 Matth.
870 798 915 860 21,
943 812 969 848 v
999 799 1039 849 42.
1102 797 1142 848 27.
1181 791 1316 888 Propriae
1334 789 1567 861 appellationes
1559 807 1587 844 ιιι
1612 788 1648 846 N.
1666 787 1699 846 T.
1724 795 1789 842 sunt
1825 802 1900 843 com·
1912 786 1933 828 2·
1947 787 1999 828 ¹³¹¹

207 878 294 938 liare
316 887 355 951 12,
375 900 400 938 ι.
421 887 461 939 16.
482 882 551 938 Luc
573 887 620 952 26,
638 900 663 937 v.
686 888 725 939 17.
745 887 774 938 et
792 900 810 937 ι
828 882 913 937 Ρο1ισ
933 880 996 936 Αο1.
1015 885 1041 950 4,
1066 877 1172 948 plures,
1207 877 1273 949 quia
1300 878 1404 948 passim
1431 881 1564 932 vocantur
1597 882 1619 932 1.
1638 874 1799 939 ἐπίσκοποι,
1825 840 1940 945 quodT'
1914 850 1999 932 recall

207 974 339 1025 ι.11.1
355 969 467 1034 Pete.
483 986 510 1026 r.
531 977 554 1024 7.
592 969 674 1025 Ratio
692 967 887 1040 appellationis
907 967 1041 1038 estquis
1067 963 1135 1018 dicit
1160 965 1426 1034 srrpcriateadeates
1467 961 1641 1034 Augustinus
1664 961 1684 1018 1.
1712 967 1752 1018 19.
1786 961 1821 1017 de
1848 959 1900 1016 civ.
1915 941 1999 1044 w

207 1054 326 1110 minist-i
356 1055 489 1112 ecclesiae
519 1055 678 1113 laborant
670 1075 699 1111 m
726 1055 894 1112 exstruenda
917 1053 1042 1124 ecclesia,
1067 1049 1162 1107 Deio.
1178 1057 1223 1107 19:
1243 1052 1407 1106 ἐπισκοπεῖν
1426 1069 1452 1103 ιι
1447 1050 1590 1119 odimus,
1610 1050 1711 1103 Latiae
1728 1047 1902 1116 superlatet
1917 1046 1934 1088 ¹
1916 1046 1999 1139 21ιῖ2·

209 1157 281 1212 quae
300 1148 342 1197 est
358 1143 492 1212 templum
517 1143 577 1197 Dei
600 1143 766 1213 spirituale,
790 1141 874 1196 zach.
893 1147 923 1206 6,
947 1160 972 1198 v
1000 1145 1040 1197 12
1069 1136 1136 1189 dere
1158 1153 1311 1204 possumus
1334 1137 1442 1204 dicere,
1469 1143 1500 1190 ut
1523 1135 1677 1204 intellipat,
1711 1150 1767 1187 ιισιι
1790 1148 1820 1186 re
1844 1146 1903 1185 esse
1916 1108 1973 1147 '⁰⁰¹³

212 1233 233 1284 l.
251 1227 313 1284 Cor.
333 1233 363 1298 3,
387 1246 413 1284 v.
446 1234 484 1284 16.
510 1233 534 1285 2.
557 1227 619 1284 Cor.
638 1235 669 1298 6,
692 1247 718 1283 v.
748 1233 787 1284 16.
814 1246 849 1282 σο
866 1231 966 1283 matus
983 1228 1044 1281 Dei
1068 1223 1243 1291 episcopum,
1273 1222 1324 1292 qui
1343 1240 1478 1292 proeesse
1508 1221 1656 1291 ddeaerit,
1679 1237 1735 1274 ιιοιι
1756 1221 1905 1290 prodesse,

208 1314 376 1385 spiritualis,
397 1320 418 1369 1.
437 1312 509 1369 Tim.
531 1321 556 1384 3,
576 1332 601 1368 v.
623 1321 662 1370 15.
679 1313 766 1372 Hebr.
785 1320 809 1384 3,
829 1333 855 1372 v.
875 1320 901 1371 2.
923 1321 945 1372 1.
966 1313 1041 1370 Ρο1ι.
1068 1308 1143 1380 quod
1163 1310 1358 1381 opponendum
1377 1308 1535 1365 titularibus
1555 1309 1610 1364 illis
1630 1309 1659 1363 in
1677 1307 1805 1363 Romana
1816 1305 1903 1360 eccle·

207 1404 240 1468 2,
263 1415 289 1454 v.
315 1406 339 1456 5.
359 1405 411 1456 etc.
450 1399 688 1467 Quemadmodum
708 1401 781 1455 enim
799 1399 930 1456 Salomon
948 1400 977 1454 in
997 1417 1042 1455 ex·
1068 1396 1111 1450 sia
1130 1396 1282 1469 episcopis,
1302 1398 1350 1469 qui
1369 1397 1428 1453 solo
1448 1397 1557 1453 nomine
1575 1397 1730 1470 gloriantur
1750 1401 1778 1451 et
1797 1393 1903 1449 nullam

209 1485 360 1540 structione
386 1486 482 1556 templi
507 1503 574 1540 usus
600 1491 642 1540 est
667 1502 751 1557 opera
767 1485 923 1551 fabrorum,
948 1485 1042 1557 lapici·
1068 1481 1177 1538 interim
1210 1483 1375 1556 episcopalis
1405 1485 1526 1542 muneris
1561 1490 1668 1556 partem
1702 1481 1903 1538 administrant.

210 1569 320 1641 darum,
342 1570 588 1626 caementariorum
605 1575 656 1628 etc.
678 1589 712 1626 ac
741 1571 827 1627 veluti
843 1572 1043 1643 paterfamiliae
1070 1568 1189 1634 Quidam
1208 1575 1350 1640 statuunt,
1377 1570 1450 1654 hanc
1469 1571 1682 1642 appellationem
1700 1567 1869 1624 descendere
1888 1583 1905 1621 a

209 1656 419 1712 architectorum
446 1674 559 1727 operam
582 1657 611 1711 in
630 1655 796 1714 exstruerida
816 1658 898 1714 domo
916 1657 1042 1728 adhibet3
1070 1654 1256 1725 metaphorica
1274 1673 1342 1711 voce
1365 1657 1448 1725 πῃ
1474 1658 1651 1726 specrtlator,
1679 1672 1735 1728 qua
1762 1655 1791 1708 in
1816 1652 1852 1710 V.
1871 1652 1904 1706 T.

88 1742 111 1772 ·''
209 1743 251 1798 sie
267 1743 395 1798 coelestis
415 1743 545 1801 Salomon
575 1761 608 1800 ac
633 1745 832 1817 paterfamilias
859 1745 889 1800 in
905 1745 1042 1817 spirituali
1069 1741 1220 1813 prophetae
1240 1743 1424 1813 appellantur.
1454 1742 1598 1799 “Balbus
1619 1742 1654 1798 de
1673 1749 1794 1798 coronat
1808 1759 1835 1812 p.
1856 1745 1905 1796 29:

210 1846 261 1885 suo
287 1830 392 1902 templo
420 1847 454 1885 ιο
483 1832 563 1886 domo
590 1832 758 1888 emmuenda
782 1833 869 1888 utitur
892 1832 1043 1889 ministerio
1070 1830 1210 1899 Episcopi
1236 1846 1337 1883 ιισιιοιι
1362 1847 1381 1882 ο
1407 1830 1520 1883 amastis
1551 1829 1721 1899 temporibus
1748 1828 1904 1882 deductum.

210 1916 408 1987 ecclesiastico,
426 1919 501 1975 unde
518 1919 602 1975 etiam
620 1919 738 1976 ministri
759 1921 892 1976 ecclesiae
910 1926 1044 1976 vocantur
1071 1915 1148 1968 Nam
1164 1915 1360 1979 dilectem,
1377 1932 1446 1985 690³
1465 1915 1639 1986 ’2622162222
1655 1915 1813 1979 militiam,
1835 1914 1907 1983 99¹⁸d

209 2006 340 2076 συνεργοὶ
358 2005 388 2058 tr
415 2009 447 2079 τῇ
467 2006 603 2081 οἰκοδομῇ
621 2008 669 2060 τοῦ
695 2009 763 2061 θεοῦ
788 2013 809 2062 1.
830 2004 891 2061 Cor.
913 2012 942 2071 3,
967 2025 993 2061 v,
1018 2013 1042 2062 9.
1071 2001 1101 2054 t'u
1135 2019 1302 2073 unaquaque
1341 2002 1516 2057 wbdllvrum
1553 2003 1665 2056 11211616
1705 2002 1771 2056 lomi
1801 2000 1906 2054 malive

210 2087 296 2160 Iapis
315 2089 456 2160 angularis
473 2097 501 2146 et
517 2090 732 2148 frmdamentalls
745 2092 775 2147 in
795 2092 847 2148 hoc
859 2091 986 2148 aedificio
1002 2099 1044 2148 est
1070 2095 1209 2158 operetur,
1228 2090 1448 2159 corepiscopos,
1467 2089 1487 2145 i.
1507 2105 1529 2145 e.
1550 2089 1741 2159 speculatores
1758 2089 1905 2157 vocatam,

211 2173 338 2229 Christus
355 2176 441 2230 Jeeas
459 2181 483 2233 1.
502 2174 568 2234 (lor.
588 2180 614 2248 9,
633 2197 657 2231 ο.
678 2183 718 2235 11,
737 2180 766 2233 ia
785 2197 840 2249 quo
858 2180 947 2234 amaia
965 2180 1043 2234 aedi·
1070 2182 1101 2228 ut
1125 2176 1206 2245 apud
1231 2175 1416 2230 Plutarchum
1450 2175 1546 2245 Scipio
1573 2174 1731 2240 Africanus
1758 2177 1905 2246 epiecopus

210 2261 303 2326 matio
316 2269 455 2316 exstructo
468 2263 606 2317 crescitis
623 2265 756 2333 templum
770 2274 898 2321 eoactum
911 2267 1043 2330 Domino,
1069 2264 1191 2331 acutiam
1214 2269 1240 2316 et
1269 2262 1364 2315 Cicero
1392 2262 1433 2314 ad
1460 2261 1584 2316 Atticum
1611 2264 1759 2332 epiecopus
1792 2260 1821 2314 ιἰι
1844 2262 1905 2315 oris

210 2344 319 2418 Ephl,
337 2363 363 2401 r.
384 2353 425 2407 21.
441 2347 822 2420 huicsuperstruunturvere
840 2352 992 2422 credentes,
1012 2359 1044 2409 ut
1070 2348 1219 2402 maritimis
1245 2347 1400 2401 dicebatur.
1442 2345 1505 2403 Non
1531 2345 1618 2404 multo
1643 2347 1723 2402 aliter
1742 2346 1904 2419 Onuphrius

209 2431 267 2487 oiri
291 2433 419 2503 lapides,
440 2434 526 2489 vitam
552 2451 591 2491 sc.
614 2452 648 2490 ιο
673 2437 799 2508 spiritum
823 2437 859 2492 ab
884 2437 937 2493 hoo
963 2436 1043 2514 ἀκρο-
1070 2439 1149 2489 tract.
1161 2434 1196 2490 de
1208 2433 1316 2490 obscur.
1328 2449 1427 2489 vocum
1439 2433 1536 2489 eccles.
1552 2433 1733 2505 interpret.**
1765 2434 1905 2506 Spigelins

211 2525 331 2591 γωνιαίῳ
352 2521 528 2592 accipientes,
550 2528 572 2578 1.
593 2521 652 2577 Pet.
675 2528 705 2592 2,
724 2541 749 2579 ι.
772 2531 796 2578 5.
817 2539 850 2578 ιο
871 2523 956 2579 veluti
975 2523 1044 2595 lupi·
1071 2537 1181 2592 quoque
1197 2521 1227 2575 iu
1250 2537 1346 2576 comm.
1367 2520 1403 2575 ad
1426 2537 1522 2576 versus
1543 2517 1682 2575 Guntheri
1702 2520 1905 2589 commemorat,

212 2605 269 2675 des,
283 2605 428 2677 exquibus
447 2606 581 2678 templum
597 2606 810 2665 Salomonaeum
825 2608 1044 2679 construebatur,
1071 2606 1257 2662 Athenienses
1276 2624 1322 2663 eos
1348 2623 1460 2662 vocasse
1486 2605 1643 2678 episcopos,
1669 2605 1760 2662 idest
1780 2607 1905 2679 specula·

207 2694 266 2764 jem
282 2697 345 2748 ante
358 2699 437 2749 mant
449 2692 528 2764 politi
547 2700 575 2749 et
585 2696 752 2766 praeparati,
771 2712 854 2768 quam
869 2696 905 2751 ad
925 2702 1042 2753 structu-
1073 2700 1155 2759 tores,
1169 2709 1239 2765 quos
1250 2692 1422 2764 speculatum
1440 2693 1596 2759 mittebant,
1615 2692 1684 2765 quid
1695 2691 1724 2746 in
1736 2708 1904 2765 unaquaque

209 2795 268 2834 ram
294 2778 390 2850 templi
420 2778 631 2850 adhiberentur,
658 2781 733 2837 uude
759 2787 781 2838 l.
807 2783 876 2854 Reg.
905 2789 936 2854 6,
964 2802 990 2840 ι.
1020 2791 1043 2839 7.
1070 2781 1242 2835 subditarum
1262 2780 1405 2835 civitatum
1420 2779 1486 2836 boni
1498 2779 1629 2852 malique,
1647 2779 1729 2851 sequi
1746 2784 1795 2834 aut
1814 2779 1905 2850 iniqui

209 2870 452 2935 commemoratum,
472 2868 550 2935 meod
567 2883 617 2921 uec
637 2869 765 2934 malleus,
784 2886 835 2924 aec
859 2871 974 2938 recurre,
993 2887 1043 2924 aec
1070 2873 1208 2938 ageretur,
1226 2884 1281 2939 quo
1300 2867 1385 2923 refert
1403 2884 1464 2937 cap.
1482 2868 1674 2938 episcopatum
1694 2882 1768 2923 caus.
1792 2872 1815 2922 8.
1836 2883 1862 2938 q.
1882 2872 1904 2922 1.

209 2953 298 3009 ullum
311 2954 421 3008 omuino
441 2954 643 3017 ferramentum
655 2957 783 3010 audium
794 2958 885 3020 faerit
903 2957 933 3011 ia
952 2959 1043 3026 doma,
1070 2969 1143 3026 quae
1162 2954 1328 3026 significatio
1349 2953 1424 3009 haud
1443 2954 1608 3010 inconcinne
1625 2953 1681 3009 huc
1701 2954 1906 3030 accommodari

210 3059 271 3097 cum
298 3042 516 3111 aedificantem
540 3041 580 3097 ita
604 3059 714 3115 quoque
736 3059 787 3114 per
808 3044 1043 3115 praedicationem
1070 3036 1171 3111 potest.
1220 3039 1265 3096 Sic
1302 3041 1375 3096 euim
1411 3040 1533 3112 episcopi
1572 3057 1672 3097 nomen
1687 3047 1690 3051 ’
1707 3042 1907 3111 interpretatur

209 3127 280 3202 legis
299 3145 332 3183 ιο
351 3144 402 3199 per
420 3144 528 3183 crucem
555 3129 584 3184 in
612 3128 664 3185 hae
681 3129 739 3185 rita
756 3130 897 3200 delemur,
923 3132 1042 3187 exemia-
1069 3127 1193 3182 Isidorus
1218 3127 1238 3184 l.
1263 3135 1287 3185 7.
1312 3127 1422 3199 etymol.
1451 3145 1475 3184 ο.
1507 3133 1547 3185 12.
1575 3135 1603 3183 et
1626 3129 1728 3184 citatur
1752 3146 1774 3183 c.
1799 3126 1905 3183 Cieros.

210 3230 272 3270 mur
291 3220 320 3270 et
338 3230 548 3286 praeparamur,
577 3222 608 3270 ut
632 3216 661 3270 in
690 3218 875 3275 exstructione
894 3217 1044 3289 spiritualis
1070 3213 1134 3269 dist.
1154 3219 1200 3269 ll:
1220 3215 1360 3285 Episcopi
1376 3216 1540 3269 vocabalum
1559 3216 1626 3270 iude
1639 3217 1743 3270 dimum
1757 3222 1805 3281 est,
1827 3218 1906 3285 quad

212 3316 246 3358 ac
266 3301 394 3358 coelestis
414 3302 510 3358 domus
531 3302 622 3358 locum
640 3302 742 3360 habere
761 3305 906 3376 possimus.
945 3305 1044 3372 Quem·
1069 3301 1135 3371 ille,
1159 3301 1208 3371 qui
1224 3302 1348 3372 efficitur
1366 3302 1520 3373 epmccpes,
1540 3304 1768 3373 superintendat,
1796 3303 1907 3358 scilicet
1952 3322 1956 3326 ’

212 3388 361 3446 admodum
384 3389 420 3445 de
443 3389 598 3445 architectis
617 3389 713 3462 templi
739 3388 912 3447 Salomouaei
934 3392 1042 3459 dieitur,
1070 3406 1167 3443 curam
1185 3405 1283 3456 pereas
1294 3389 1477 3456 meatorum,
1496 3395 1610 3445 σκοπεῖν
1624 3391 1696 3444 euim
1712 3388 1829 3457 Graece
1849 3392 1908 3444 La-

213 3477 287 3551 quod
311 3494 343 3532 ex
363 3474 495 3548 singulari
514 3475 568 3531 Dei
594 3476 665 3532 dono
685 3476 791 3549 impleti
810 3477 913 3534 fuerint
931 3480 1043 3550 sapiem-
1069 3475 1126 3530 tiae
1142 3476 1286 3528 intendere
1305 3474 1425 3544 dicitur,·
1455 3473 1581 3546 episcopi
1602 3477 1676 3530 caim
1698 3475 1817 3544 Graeci,
1848 3478 1907 3530 La-

176 3576 179 3582 ·
213 3566 263 3633 tia,
281 3562 467 3631 iutellipeutia
493 3568 520 3616 et
545 3564 676 3617 doctriua
700 3565 741 3618 ad
763 3565 857 3635 operis
882 3565 963 3619 illim
976 3583 1042 3636 per·
1069 3564 1127 3617 tiae
1145 3561 1337 3632 speculatores
1358 3561 1587 3632 interpretaretur,
1604 3563 1843 3635 aamepecalotor
1863 3572 1906 3617 est

209 3650 373 3718 sectionem,
399 3655 420 3705 l.
447 3647 516 3719 Reg.
538 3655 567 3713 7,
594 3666 619 3706 v.
644 3657 692 3720 ¹43
728 3650 768 3705 sic
788 3650 958 3722 promittitur
977 3670 1041 3724 apo·
1067 3649 1248 3720 praepositus
1266 3648 1296 3702 iu
1317 3648 1435 3703 ecclesia
1452 3649 1518 3703 ideo
1537 3649 1645 3715 dictus,
1663 3667 1694 3704 eo
1712 3650 1790 3721 qaod
1807 3667 1905 3720 specu·

211 3734 288 3792 stolis
319 3741 347 3790 et
371 3733 497 3789 omnibus
520 3734 633 3789 sinceris
657 3735 733 3792 verbi
759 3735 918 3792 doctoribus
945 3744 1043 3810 sorpta,
1071 3736 1144 3790 ieter
1171 3742 1196 3788 et
1217 3734 1381 3805 prospiciat
1405 3737 1578 3806 populorum
1596 3737 1677 3803 iufra
1695 3755 1724 3792 se
1745 3736 1906 3806 positorum

210 3820 279 3878 Luc.
301 3827 346 3885 21,
372 3839 398 3879 v.
422 3827 460 3877 15.
480 3837 512 3875 ιο
531 3819 639 3882 σύνεσις
659 3827 683 3877 2.
700 3821 771 3880 Tim.
794 3829 823 3893 2,
848 3841 873 3877 v.
899 3831 926 3880 7:
953 3825 1043 3879 Dabit
1068 3824 1154 3877 vitam
1181 3829 1207 3875 et
1229 3838 1335 3887 mores;
1357 3839 1392 3874 ac
1415 3840 1484 3892 quos
1514 3824 1598 3877 honos
1618 3824 1794 3893 prohamrit,
1818 3824 1905 3880 homo

211 3910 261 3963 tihi
280 3909 419 3963 Dominus
431 3908 461 3961 ia
473 3908 600 3962 amadus
617 3909 838 3980 iutellipcmtr'am.
872 3908 928 3965 Sed
949 3927 1042 3982 quem·
1068 3910 1161 3964 raudo
1180 3909 1339 3974 confimat,
1358 3927 1427 3980 quoe
1443 3909 1660 3980 deprehenderit
1678 3911 1801 3976 vitiosos,
1821 3930 1907 3981 orpu-

211 3992 358 4050 admodum
388 3994 479 4048 insani
502 3999 530 4050 et
563 3993 723 4066 insipientes
753 3995 897 4052 architecti
932 3999 1042 4071 saepius
1069 3997 1141 4051 erdo
1160 3997 1297 4066 emendat,
1315 4001 1347 4050 ut
1363 3994 1441 4050 addit
1460 3995 1586 4067 Prosper.
1604 3996 1652 4051 lib.
1672 4001 1695 4052 2.
1717 3996 1753 4052 de
1772 3997 1909 4054 vitacon·

210 4080 331 4154 lapidem
357 4080 477 4152 aliquem
503 4080 653 4153 reprobant
683 4087 711 4136 et
735 4080 885 4153 abjiciunt,
909 4084 989 4154 cujus
1014 4084 1043 4139 in
1069 4081 1163 4154 templ
1176 4099 1199 4137 c.
1214 4088 1237 4138 2.
1261 4080 1406 4137 Trihuitnr
1419 4088 1511 4138 autem
1528 4081 1598 4138 haec
1618 4082 1769 4154 appellatio
1784 4084 1909 4157 episcopi

211 4167 337 4226 aedificio
363 4184 479 4240 magnus
502 4185 561 4224 esse
590 4175 685 4239 posset
709 4186 792 4240 usus;
816 4171 856 4224 sic
879 4172 1043 4242 sacerdotes,
1071 4175 1093 4227 1.
1115 4165 1342 4239 dispertiretur?
1358 4168 1498 4242 ἔξαίριιοι
1511 4166 1597 4242 λόγον
1610 4169 1663 4240 ipsi
1678 4171 1853 4243 Christo,qui
1865 4181 1910 4228 est

211 4255 318 4311 scribae
349 4260 377 4309 et
406 4252 548 4309 Pharisaei
577 4253 748 4309 iudaeorum
774 4254 906 4326 doctores,
923 4256 1044 4329 lapidem
1072 4254 1177 4331 ποιμὴν
1200 4260 1243 4309 καὶ
1269 4255 1418 4316 ἐπίσκοπος
1446 4260 1499 4311 σῶν
1523 4260 1623 4328 ψυχωῖν
1648 4256 1727 4333 ἡμῶν
1748 4265 1854 4327 pastor
1882 4268 1909 4312 et

107 4335 112 4345 ’
213 4340 390 4414 angularem,
431 4337 571 4395 Christum
600 4340 719 4409 scilicet,
750 4342 923 4413 rejecerunt,
963 4361 1045 4415 quem
1071 4342 1218 4414 episcopm
1242 4345 1401 4397 animarum
1424 4351 1594 4413 uestrarum,
1626 4350 1646 4399 1.
1671 4343 1746 4403 Ρι1ι.
1767 4350 1796 4415 2,
1821 4363 1847 4400 v.
1867 4352 1908 4402 25.

213 4428 317 4483 Paulus
341 4433 372 4479 ut
401 4427 513 4497 sepiens
537 4428 704 4481 architectus
730 4427 903 4485 fundamenti
929 4430 989 4485 loco
1016 4431 1045 4485 in
1071 4414 1180 4505 ‘lti'lllll
1204 4420 1287 4500 77112,
1309 4438 1399 4484 custos
1424 4429 1561 4500 israelis,
1585 4441 1634 4499 put
1657 4448 1706 4486 aec
1731 4433 1834 4488 dormit
1858 4450 1910 4487 uec

190 4511 543 4584 ·ministeriosuopesuit,
566 4519 588 4570 1.
602 4511 704 4583 core,
729 4521 810 4571 ι.16.
843 4522 867 4572 3.
880 4515 1046 4589 Cumprimis
1073 4517 1215 4586 domitat,
1247 4516 1349 4572 Pselm.
1369 4522 1432 4582 121,
1456 4535 1481 4572 ι.
1507 4522 1531 4572 4.
1555 4513 1726 4591 ἀρχιποίμην
1750 4524 1795 4574 rel
1815 4517 1907 4594 ἀρχιε-

124 4602 129 4614 ’
213 4616 277 4656 vero
286 4599 340 4655 huc
352 4599 479 4671 pertinet,
498 4599 573 4671 quod
585 4599 703 4655 ministri
715 4601 847 4657 ecclesiae
855 4601 986 4658 dicuntur
991 4622 1046 4674 pa·
1075 4608 1212 4663 πίσκοπος
1226 4607 1271 4672 τῆς
1284 4605 1428 4672 ἐκκλησίας
1441 4601 1535 4659 αὐτοῦ.
1565 4605 1639 4660 lla
1649 4620 1751 4672 perere
1763 4605 1909 4679 quibusvis

213 4684 435 4754 ι1σιοι,Νιιιιιοι.
451 4690 492 4752 27,
500 4702 526 4742 v.
539 4691 578 4741 17.
597 4684 660 4740 Ειι.
673 4690 715 4755 63,
725 4703 750 4743 v.
763 4693 801 4743 11.
816 4687 917 4743 ierem.
930 4695 954 4759 3,
968 4708 991 4747 v.
1008 4695 1046 4746 15.
1074 4690 1209 4744 ecclcsiae
1245 4689 1396 4756 ministris,
1428 4705 1545 4759 quorum
1578 4690 1700 4746 omnium
1734 4709 1834 4748 munus
1867 4700 1911 4750 est

213 4767 312 4826 Erech.
326 4775 368 4837 34,
376 4790 401 4825 v.
415 4776 439 4827 2.
449 4777 501 4827 etc.
518 4788 590 4843 qnae
604 4771 754 4854 appellatio
768 4773 994 4845 repetiturinN.
1012 4775 1086 4834 Ti
1073 4778 1247 4842 ἐπισκοπεῖν,
1268 4777 1425 4876 prospicere
1450 4776 1529 4847 gregi
1547 4774 1613 4831 fidei
1633 4794 1700 4833 suae
1718 4779 1862 4835 commisso
1881 4788 1911 4837 st

213 4854 323 4930 Ephe,
342 4875 367 4910 v
383 4864 421 4914 11.
435 4856 620 4913 debentenim
633 4848 785 4924 ecclesiam,
797 4857 909 4914 Domini
925 4877 1047 4933 gregem,
1074 4862 1234 4935 diligentem
1256 4864 1317 4935 ejus
1338 4879 1432 4917 curam
1451 4861 1561 4918 hahere.
1599 4862 1655 4920 Act
1673 4868 1713 4933 29,
1733 4882 1758 4920 ι.
1779 4869 1820 4922 28.
1842 4867 1911 4924 dicit

213 4942 317 5016 pabulo
330 4943 608 5000 coelestisdoctrinae
625 4961 753 5015 pascere,
779 4963 797 5000 a
822 4949 964 5004 venenatis
983 4948 1047 5005 hae·
1076 4950 1218 5022 apostolus
1234 4950 1339 5007 Paulus
1352 4950 1577 5050 adpresbyteros
1593 4951 1727 5007 ecclesiae
1738 4950 1908 5023 Ephesinas:

213 5030 359 5086 reticorum
377 5047 487 5101 pascuis
499 5031 639 5086 auditores
659 5030 806 5101 abducere,
827 5032 907 5105 lupos
928 5034 964 5090 ab
982 5035 1048 5091 ovili
1074 5038 1213 5091 Attendite
1245 5038 1321 5092 vohis
1352 5037 1424 5106 ipsit
1456 5046 1483 5091 et
1511 5039 1640 5092 uniuerso
1667 5040 1764 5108 prepi,
1798 5042 1828 5094 ia
1854 5060 1911 5112 qao

213 5114 335 5189 abigere,
349 5133 413 5172 oves
427 5116 479 5172 sibi
489 5118 648 5172 commissas
658 5118 731 5190 pedo
744 5117 906 5190 disciplinae
917 5121 1046 5178 ecclesia·
1075 5123 1201 5194 Spiritus
1222 5123 1344 5178 Sauctm
1357 5141 1405 5178 roe
1419 5124 1515 5193 posuit
1535 5124 1680 5195 episcopor
1693 5142 1814 5194 pascere
1825 5130 1910 5184 eccle

215 5202 301 5258 eticae
309 5203 455 5275 corrigere,
467 5202 542 5275 quod
552 5204 692 5269 infirmum
706 5212 755 5273 est,
769 5206 958 5278 consolidare·
971 5211 1047 5280 quod
1073 5211 1146 5265 eiam
1166 5211 1234 5265 Dei.
1270 5209 1324 5268 Tit.
1349 5216 1372 5279 l,
1392 5229 1417 5265 ι.
1438 5216 1467 5265 5:
1486 5212 1557 5265 Ideo
1576 5219 1603 5265 te
1620 5210 1725 5281 reliqui
1744 5212 1860 5286 Oratae,
1879 5225 1911 5271 ut

215 5297 373 5359 aearotum,
389 5306 509 5358 ramare,·
529 5291 606 5359 guod
623 5297 795 5344 contractum
813 5292 953 5364 olliparc;
971 5297 1047 5365 qaod
1075 5297 1229 5352 constituas
1250 5313 1306 5367 per
1329 5297 1455 5353 ciuitates
1474 5299 1668 5367 presbyteros,
1700 5313 1725 5352 v.
1751 5306 1774 5355 7.
1800 5311 1911 5371 oportet

93 5391 323 5448 mmmmm,
344 5377 493 5445 reducere,·
513 5377 589 5446 quod
603 5377 700 5446 periit,
719 5395 862 5448 quaerere,
884 5380 981 5436 Erech.
1001 5387 1042 5448 34,
1075 5383 1147 5437 caim
1172 5384 1331 5453 episcopum
1356 5384 1416 5437 siue
1440 5385 1554 5438 crimine
1579 5401 1653 5451 esse,
1679 5385 1727 5439 ubi
1754 5386 1782 5442 in
1808 5405 1911 5460 genere

88 5473 241 5520 eamme.
262 5469 286 5518 4.
330 5469 353 5517 4.
379 5461 505 5531 Itemque
523 5469 623 5530 patres
649 5467 673 5518 2.
698 5461 769 5537 Reg.
795 5472 825 5535 6,
849 5483 874 5523 v.
904 5474 945 5523 21.
971 5485 1042 5540 qnae
1077 5486 1171 5525 omnes
1192 5469 1309 5524 miniani
1329 5469 1462 5526 ecclesiae
1487 5470 1616 5525 dicuntur
1640 5472 1770 5542 episcopi.
1810 5474 1911 5533 Petrus
