4006 6022
660 420 712 474 nn
729 416 982 475 unelsusauu
1003 418 1188 504 romuleo.
1710 440 1772 496 ιει.

75 569 142 621 ιίειιι
168 570 301 638 repellere
324 572 397 624 omni
421 575 484 641 jure
510 578 609 641 potest.
653 573 767 627 Privato
790 575 819 627 in
843 589 909 628 casu
937 576 1055 626 suatum
1072 574 1156 628 armis
1174 574 1322 630 defendere
1342 577 1471 640 debeant,
1487 579 1544 632 alia
1560 596 1624 634 vero
1637 581 1771 653 domegi-

75 654 245 708 necessan'ae
263 655 429 709 defensionis
455 658 520 710 inde
537 664 622 728 atque
650 659 714 714 ideo
732 659 871 729 injustam,
882 667 911 713 et
936 664 1031 724 stratu,
1051 675 1087 712 an
1106 660 1130 711 is
1142 659 1267 714 subditos
1282 678 1345 714 suos
1357 662 1392 716 oh
1411 663 1552 732 religionis
1570 667 1769 735 professionem

75 740 251 795 manifestam
270 742 428 795 violentiam
448 743 474 795 vi
495 743 628 818 repellere
647 744 722 813 licet,
740 745 807 815 quia
823 746 908 815 magi-
937 742 1008 797 bello
1033 744 1069 796 ah
1093 743 1172 798 hosts
1198 746 1374 816 impugnatos
1399 747 1483 801 armis
1505 749 1654 806 defendere
1673 754 1768 821 possit.

76 831 179 878 stratus
197 825 331 879 auxilium
357 828 505 897 implorare
530 830 628 899 nequit
653 837 682 883 ει
699 847 775 884 mora
793 848 844 885 εειι
863 848 906 884 ex·
937 827 996 880 lllis
1016 829 1184 900 denegatum
1201 830 1230 884 id
1250 847 1309 886 esse
1323 832 1447 899 dicimus,
1465 832 1528 887 ideo
1540 834 1563 887 si
1576 852 1593 888 a
1605 838 1769 907 magistratu

76 911 211 980 spectatio
248 928 310 965 curn
343 913 487 967 manifesto
519 915 593 968 vitae
623 915 746 984 periculo
776 923 819 971 est
844 932 909 970 con·
935 913 1075 968 ordinario
1088 915 1123 969 oh
1136 931 1218 968 verae
1230 916 1371 986 religionis
1385 917 1585 986 professionem
1598 920 1769 991 affligantur,

70 997 185 1065 juncta3
217 1013 284 1067 ergo
316 999 403 1051 multo
438 999 527 1070 magis
558 1016 717 1054 concessum
739 1007 792 1072 ‚est
821 1001 908 1071 magi·
935 1015 990 1052 non
1008 1000 1153 1068 prosiliant
1171 1001 1208 1053 ad
1224 1017 1310 1068 arma,
1329 1001 1377 1054 sed
1396 1000 1481 1055 vitam
1497 1009 1591 1071 potins
1605 1022 1638 1058 ac
1656 1007 1768 1076 sangui·

74 1081 171 1135 stratui
195 1082 327 1135 adversus
353 1100 417 1137 suos
443 1101 476 1138 ae
505 1085 676 1153 reipublicae
702 1085 794 1141 hostes
812 1085 908 1154 gladio
934 1099 995 1137 nem
1015 1101 1094 1137 sunm
1115 1085 1299 1154 profundant,
1317 1084 1340 1138 si
1361 1084 1499 1154 precibus,
1519 1087 1768 1158 intercessionibus,

74 1184 134 1221 sese
152 1167 310 1223 defendere.
934 1167 1003 1238 fuga
1020 1169 1117 1224 aliisve
1135 1170 1232 1225 mediis
1245 1169 1377 1241 legitimis
1390 1170 1442 1223 sibi
1456 1171 1536 1225 aliter
1551 1175 1694 1229 consulere
1712 1192 1768 1229 non

10 1258 57 1301 ιιι»
109 1259 167 1309 ιιι.
213 1253 325 1324 Excipit
352 1253 546 1310 Scbmaltzins.
589 1260 613 1311 l.
637 1257 824 1323 Euaapelium
850 1263 907 1309 tam
933 1261 1063 1323 possunt3
1084 1256 1140 1309 alia
1159 1261 1278 1310 veroest
1296 1257 1365 1311 ratio
1384 1262 1570 1326 magistratus,
1589 1260 1633 1313 cui
1655 1260 1766 1329 gladius

10 1383 31 1411 „
71 1340 250 1406 temporibus,
278 1357 350 1407 quae
373 1349 438 1392 aare
461 1342 558 1408 lepm,
577 1359 662 1410 quam
688 1344 739 1409 iis,
768 1359 839 1409 qaae
856 1343 907 1394 sah
934 1339 1065 1394 divinitus
1084 1349 1126 1395 est
1143 1341 1225 1395 datus
1244 1348 1272 1395 et
1290 1359 1357 1395 cura
1378 1341 1550 1396 subditorum
1572 1361 1604 1398 ac
1623 1345 1768 1416 utriusqus

10 1494 14 1501 .
10 1425 132 1491 ·leps
157 1426 288 1489 fueruat,
318 1427 425 1495 apponi
450 1435 476 1478 et
503 1428 575 1480 nihil
604 1446 677 1481 rinno
704 1429 803 1490 licere,
831 1430 908 1496 quod
934 1424 1058 1495 decalogi
1083 1427 1193 1481 tabulae
1217 1428 1345 1481 custodia
1371 1428 1476 1482 ratione
1501 1428 1588 1484 officii
1611 1431 1765 1485 commissa.

70 1511 214 1575 eaauprlio
233 1513 405 1573 adversetur,
423 1511 536 1565 etiamsi
552 1514 588 1565 ab
608 1515 789 1580 initiousque
808 1514 908 1565 maadi
934 1509 1038 1573 Quodsi
1057 1528 1123 1580 ergo
1141 1511 1228 1566 hostis
1247 1512 1349 1582 aliquis
1368 1513 1412 1565 vel
1432 1513 1468 1566 ob
1487 1514 1648 1584 religionem
1668 1516 1713 1568 vel
1730 1517 1767 1572 ob

70 1595 230 1657 licuerit,
219 1599 304 1661 ιιιιιιιε
324 1599 387 1649 Deo
407 1605 521 1650 auctore
543 1598 615 1668 disp.
636 1605 660 1652 6.
680 1605 776 1653 contra
793 1599 904 1652 Frantz.
932 1595 1016 1649 aliam
1043 1614 1237 1667 quamcunque
1265 1615 1376 1652 causam
1409 1616 1460 1652 nec
1488 1599 1685 1662 sufficientem,
1714 1617 1767 1656 nec

69 1698 97 1748 p.
112 1687 169 1734 391).
201 1680 360 1735 Achorea
376 1681 405 1734 ni
421 1682 452 1734 ir
469 1682 712 1757 ἀρχῇιιιμβάιιιν.
731 1683 904 1753 probandum
929 1683 1034 1749 justam
1053 1683 1180 1736 subditos
1198 1683 1272 1738 bello
1291 1683 1460 1755 aggreditur,
1478 1691 1537 1737 tum
1557 1683 1641 1737 officii
1659 1687 1766 1741 ratione

69 1767 142 1818 enirn
161 1772 210 1833 εει,
226 1767 274 1834 jus
292 1768 418 1822 naturale
436 1770 586 1824 nemorale
602 1786 728 1840 pugnare
746 1786 810 1822 cum
822 1785 904 1822 eran·
932 1767 1107 1837 magistratui
1127 1767 1271 1836 incumbit,
1289 1775 1321 1821 ιιι
1338 1768 1469 1838 injustam
1489 1767 1647 1823 violentiam
1667 1786 1684 1823 a
1701 1771 1765 1825 snb·

67 1852 149 1921 gello.
187 1851 313 1906 Christus
336 1869 391 1906 non
416 1855 493 1907 venit
510 1855 539 1907 in
556 1856 705 1917 mundum,
730 1861 762 1907 ut
783 1870 834 1907 sus
856 1853 904 1907 do·
932 1853 997 1906 ditis
1015 1853 1131 1921 repellat
1155 1858 1184 1908 ει
1207 1852 1363 1908 turbatores
1383 1853 1555 1922 reipublicae
1579 1854 1688 1909 vindice
1706 1857 1775 1926 gla-¹

66 1938 157 1990 ctrina
180 1943 209 1990 et
230 1938 437 2006 praedicatione
459 1941 507 2009 jus
531 1949 646 1995 naturae
665 1947 693 1994 et
716 1940 793 2010 leges
812 1943 904 1993 rectae
932 1937 977 1992 dio
990 1940 1125 2006 cohrceat,
1140 1945 1171 1992 ut
1182 1936 1291 2007 piorum
1308 1955 1404 2007 regum
1414 1938 1630 1992 lsrailiticorum
1640 1941 1766 2009 exempla

65 2022 165 2074 rationi
185 2029 382 2076 consentaneas
412 2025 548 2092 aboleret,
573 2026 752 2096 magistratus
780 2023 902 2079 officium
930 2030 1074 2079 testantur.
1110 2023 1312 2092 **Exemplurn
1330 2023 1413 2094 hujus
1432 2023 1616 2078 distinctionis
1635 2026 1765 2094 suppedi-

65 2108 220 2161 destrueret
245 2123 278 2162 ac
302 2125 401 2162 novam
422 2110 542 2179 aliquam
561 2111 686 2180 politiam
707 2109 901 2175 constitueret,
929 2113 971 2162 tat
990 2108 1105 2162 historia
1123 2108 1361 2163 Maccahaeorum.
1402 2109 1526 2176 Privati,
1550 2110 1652 2178 quihus
1672 2109 1766 2165 deerat

65 2192 114 2245 sed
136 2193 221 2246 tradit
238 2192 390 2245 doctrinam
412 2195 583 2262 spiritualem
602 2196 637 2249 de
656 2192 742 2265 regno
761 2195 901 2249 coelorum
928 2193 1031 2260 tutela,
1053 2192 1242 2247 moriebantur
1265 2199 1392 2263 prompte
1419 2210 1469 2262 pro
1493 2193 1555 2263 lege
1578 2193 1684 2262 patria,
1713 2210 1764 2249 nec

65 2285 95 2331 et
116 2277 236 2345 explicat.
260 2277 347 2346 legem
374 2279 506 2333 moralem
532 2297 565 2334 ac
588 2281 758 2343 naturalem,
788 2286 828 2333 sic
853 2278 901 2334 ubi
928 2279 1068 2332 Antiocho
1087 2278 1232 2332 audebant
1249 2279 1361 2348 propria
1377 2279 1404 2330 vi
1423 2277 1567 2346 reluctari,
1586 2283 1610 2333 ι.
1629 2278 1717 2336 idaco.
1739 2287 1762 2334 ῖ.

64 2363 165 2416 notitia
185 2363 267 2431 hujus
288 2379 337 2430 per
364 2363 471 2432 peccati
492 2366 634 2437 originalis
651 2365 782 2420 tenebras
801 2365 899 2419 obscu·
927 2364 1020 2419 Duces
1043 2369 1136 2418 autem
1160 2364 1321 2418 Maccabaei
1350 2370 1424 2418 recte
1450 2364 1575 2418 arbitrati
1602 2373 1681 2433 sunt,
1709 2365 1762 2419 sibi

63 2455 135 2509 rata,
153 2448 227 2500 illius
246 2466 309 2500 vero
327 2448 454 2501 doctrina
472 2467 521 2517 per
535 2450 710 2504 Pharisaicas
729 2450 901 2518 corruptelas
927 2458 1059 2519 tanquam
1089 2450 1202 2518 publico
1241 2450 1416 2521 magistratui
1454 2450 1642 2505 defensionem
1676 2451 1762 2505 divini

64 2534 224 2601 depravata.
265 2533 303 2588 Ut
324 2533 498 2603 evangelium
520 2552 572 2589 usu
592 2536 672 2598 solis,
695 2536 793 2602 lunae,
820 2536 900 2601 airis,
926 2536 1018 2589 cultus
1048 2536 1193 2606 pressique
1224 2537 1320 2605 populi
1350 2535 1523 2603 incumbere,
1560 2537 1634 2590 uude
1666 2537 1762 2591 merito

63 2636 155 2690 aquae
179 2629 207 2673 ει
232 2619 295 2672 aliis
319 2620 355 2673 ad
382 2620 454 2672 banc
479 2620 563 2673 vitam
591 2620 792 2689 pertinentibus
819 2620 900 2673 nobis
927 2625 1085 2674 sumserunt
1111 2620 1239 2674 arma,ill
1288 2621 1398 2675 Deinde
1421 2620 1478 2674 alia
1505 2623 1630 2690 quaestio
1656 2631 1700 2677 est
1728 2623 1763 2677 de
1821 2654 1824 2659 ·

65 2704 142 2757 haud
166 2704 321 2769 interdicit;
355 2705 394 2758 sic
423 2722 473 2759 nec
499 2705 639 2774 prohibet,
667 2705 813 2775 quomirlus
836 2708 900 2775 jure
927 2706 1055 2760 interiore
1074 2705 1128 2760 Dei
1148 2704 1226 2759 cultu
1243 2721 1276 2759 ac
1295 2706 1404 2774 privata
1415 2705 1557 2776 religionis
1572 2705 1761 2776 professione,

64 2789 185 2842 naturali
205 2795 232 2843 ει
249 2789 372 2844 honestis
390 2790 499 2861 legibus
513 2791 690 2860 reipublicae,
710 2792 739 2845 in
759 2809 815 2862 qua
833 2791 901 2845 vivi·
926 2791 983 2844 alia
999 2807 1065 2844 vero
1091 2791 1126 2843 de
1148 2789 1262 2859 publico
1285 2796 1398 2845 externo
1424 2790 1509 2844 divini
1538 2791 1629 2845 cultus
1650 2808 1682 2845 ac
1699 2790 1762 2844 reli·

64 2892 135 2937 mus,
156 2868 272 2928 utamur.
303 2879 328 2928 2.
341 2878 402 2931 Nec
419 2878 575 2944 relipienis,
594 2893 645 2931 nec
662 2878 787 2945 repionis
805 2879 900 2942 defeu-
925 2875 1022 2946 gionis-
1036 2874 1172 2929 exercitio.
1210 2873 1254 2928 De
1277 2874 1406 2929 interiore
1425 2874 1479 2929 Dei
1504 2876 1582 2929 cultu
1608 2883 1636 2930 et
1654 2876 1763 2944 privata

63 2963 176 3014 ciendae
196 2978 283 3012 causa
310 2961 412 3014 bellam
437 2977 496 3014 esse
515 2964 676 3030 peruadunt.
712 2963 828 3030 Relipio
849 2962 899 3027 (in-
926 2959 1068 3029 religionis
1088 2959 1258 3028 professione
1276 2960 1418 3014 discursus
1444 2960 1490 3015 ille
1511 2958 1669 3014 Sobmaltaii
1686 2966 1829 3018 rectem.
1843 2956 1889 3010 ιιι.

63 3047 136 3117 qnitr
157 3047 229 3099 bello
249 3045 331 3101 illato
346 3047 412 3100 tolli
430 3048 531 3115 aequit.
569 3049 636 3100 Viro
657 3049 730 3102 enim
748 3048 825 3112 forti
841 3067 898 3100 nan
925 3046 1060 3115 procedit,
1079 3046 1154 3115 quod
1172 3045 1268 3116 religio
1282 3046 1356 3100 bello
1368 3045 1446 3099 illato
1465 3045 1525 3100 tolli
1537 3054 1666 3117 nequeat,
1686 3047 1761 3119 quod

61 3139 153 3200 potest
171 3132 213 3184 ais
228 3132 300 3199 fieri,
319 3133 441 3185 manebit
452 3149 561 3201 semper
574 3135 672 3185 rodem
690 3134 792 3202 relipr'o
810 3135 840 3185 in
859 3151 898 3199 eo,
923 3132 983 3186 viro
1000 3130 1064 3186 forti
1088 3147 1144 3184 non
1169 3131 1256 3200 possit
1283 3131 1326 3184 ris
1344 3129 1418 3198 fieri,
1443 3131 1517 3202 quod
1542 3131 1639 3202 religio
1658 3133 1761 3187 nemini
1834 3154 1844 3172 ι

64 3218 193 3286 quivere
215 3218 277 3270 Deo
297 3218 422 3285 confidit,
439 3216 497 3269 siaa
508 3219 545 3270 sit
560 3234 627 3284 piar,
645 3219 702 3270 siue
715 3218 825 3283 bellum,
844 3218 899 3271 imo
924 3218 1012 3287 possit
1029 3217 1056 3270 vi
1075 3217 1202 3285 obtrudi3
1230 3217 1279 3270 sed
1305 3218 1339 3270 de
1361 3221 1473 3270 externo
1498 3223 1527 3270 et
1543 3217 1656 3286 publico
1674 3218 1761 3272 divini

62 3303 202 3371 majorem
219 3303 249 3355 iu
272 3302 410 3369 religione
433 3303 575 3362 fervorem
599 3319 658 3354 esse
683 3310 805 3370 tempore
824 3305 898 3356 sedi·
924 3305 1015 3356 cultus
1033 3320 1066 3356 ac
1086 3302 1226 3373 religionis
1247 3303 1377 3356 exercitio
1391 3302 1609 3373 haudquaquam
1624 3304 1760 3373 procedit,

63 3391 171 3442 tionum
192 3395 219 3440 et
246 3387 382 3441 tetrorum
403 3403 488 3455 quam
501 3390 586 3456 pacis
611 3406 657 3440 res
684 3388 746 3456 ipse
773 3397 898 3441 testatur.
925 3388 990 3458 quin
1009 3387 1032 3440 si
1050 3387 1123 3449 hosti
1140 3391 1255 3456 propter
1268 3386 1430 3457 religionem
1446 3386 1571 3440 subditos
1586 3388 1759 3458 oppugnanti

64 3475 213 3542 Imperare
237 3473 349 3541 quidem
376 3481 469 3542 polest
495 3474 581 3526 ιιοειιε
602 3474 766 3541 religionem
788 3475 898 3538 falsam
924 3489 941 3525 a
964 3473 1130 3543 magistratu
1153 3489 1210 3526 non
1234 3479 1314 3527 eatur
1332 3472 1454 3539 obviam,
1479 3488 1529 3525 nec
1558 3472 1701 3526 conatibus
1730 3478 1759 3527 et

63 3569 89 3614 ει
102 3561 322 3625 idololatricam,
340 3561 392 3611 sed
408 3559 508 3611 uisam
521 3558 626 3610 nemini
632 3566 728 3626 potest
740 3560 898 3612 obtrudere.
923 3557 1070 3612 violentiae
1103 3559 1227 3628 ejusdem
1263 3558 1421 3620 resistatur,
1453 3556 1565 3610 tandem
1595 3556 1760 3627 subjugabit

64 3648 141 3699 Nam
168 3646 218 3713 qui
245 3647 303 3698 Dei
331 3662 429 3696 amans
458 3652 512 3712 est,
540 3646 646 3697 mavult
670 3645 754 3696 citam
774 3647 898 3713 perdere
924 3644 1051 3698 subditos
1074 3649 1103 3698 et
1129 3643 1271 3712 publicum
1298 3643 1421 3698 sincerae
1439 3641 1581 3712 religionis
1599 3643 1759 3696 exercitium

61 3750 147 3799 quiam
167 3730 331 3797 religionem
348 3738 462 3793 mertare,
478 3738 596 3798 praeter
615 3731 701 3781 uitam
720 3737 812 3783 autem
826 3730 898 3782 nihil
924 3728 1055 3784 abolebit
1097 3728 1232 3783 Cornhert
1256 3729 1286 3782 in
1302 3729 1368 3799 epit.
1392 3743 1511 3797 process.
1532 3727 1566 3780 de
1589 3744 1644 3781 non
1672 3727 1759 3797 occid.

54 3824 153 3889 potest
171 3817 256 3870 bostis
285 3817 400 3884 eripere.
439 3817 475 3868 Et
496 3816 567 3883 qaid
579 3822 710 3882 praestat
728 3815 814 3868 adam
829 3833 897 3886 pro·
923 3814 1027 3869 haeret.
1045 3831 1068 3868 c.
1090 3820 1114 3870 3.
1132 3822 1160 3867 et
1178 3831 1212 3869 ex
1232 3831 1264 3869 eo
1284 3813 1466 3868 Hortlederus
1483 3812 1512 3865 in
1537 3812 1608 3882 disp.
1634 3813 1668 3867 de
1689 3814 1758 3882 just.

57 3904 184 3968 suadere
204 3902 385 3964 desisideudo
405 3900 569 3969 sclipioaem
594 3902 695 3963 armis,
721 3902 797 3968 quod
813 3916 897 3969 saepe
924 3900 990 3955 bell.
1010 3899 1103 3955 Germ.
1123 3905 1218 3954 assert.
1232 3905 1257 3954 2.
1276 3899 1337 3954 eod.
1354 3898 1412 3953 fere
1431 3913 1513 3951 sensu
1527 3904 1628 3965 monet,
1646 3898 1758 3968 quando

51 3990 92 4057 fit
107 3991 187 4052 (aum
198 4004 360 4041 aesomnes
374 3988 494 4055 uincent,
514 3987 563 4055 pai
575 3987 664 4038 armis
682 4002 710 4038 se
730 3988 896 4054 defendant)
925 3984 1075 4056 quaeritur,
1097 4001 1132 4038 an
1151 3985 1249 4054 religio
1269 3983 1352 4037 armis
1370 3983 1481 4038 defendi
1496 3984 1590 4052 possit,
1610 3992 1674 4036 tanc
1691 3984 1756 4036 reli·

58 4092 148 4143 qaam
160 4075 314 4137 daseadcre
326 4074 490 4139 relictionem
500 4073 704 4141 profundendo
712 4073 898 4141 sanprrinem!
922 4073 1015 4139 pionis
1032 4087 1132 4124 nomen
1155 4088 1210 4123 non
1234 4070 1330 4142 accipi
1352 4071 1380 4122 in
1400 4071 1554 4137 abstracto,
1576 4077 1662 4138 prout
1680 4076 1758 4123 notat

58 4167 135 4212 cerlo
154 4159 185 4210 in
203 4159 253 4212 lroc
272 4158 380 4210 undam
402 4166 441 4210 est
459 4156 561 4225 salutis
576 4158 750 4226 periculam,
773 4158 813 4211 ibi
831 4175 897 4212 vero
923 4159 1026 4212 cultum
1050 4157 1141 4226 ipsum
1160 4157 1298 4220 dirimam,
1315 4173 1370 4224 qao
1389 4158 1470 4208 Deae
1488 4155 1625 4209 bominem
1643 4154 1699 4206 sili
1714 4169 1757 4206 re·

58 4263 94 4297 es
113 4251 213 4297 nostro·
232 4261 312 4296 sensu
336 4252 438 4296 certum
459 4250 506 4306 cst,
527 4243 693 4295 enomniam
705 4252 798 4296 autem
814 4259 897 4295 sensa
923 4245 993 4311 lipat
1012 4259 1046 4297 ac
1064 4243 1194 4306 devincit,
1215 4242 1240 4294 is
1260 4243 1334 4294 caim
1348 4241 1439 4293 cultim
1457 4249 1486 4293 ut
1505 4248 1544 4293 cst
1564 4238 1714 4292 invisibilis
1732 4245 1758 4291 el

55 4330 222 4399 periculum
248 4328 346 4380 saltem
376 4344 434 4381 esse
457 4335 557 4396 potest.
599 4325 706 4381 Eodem
732 4329 790 4383 fere
816 4330 897 4383 modo
922 4326 1097 4397 spiritualis,
1124 4327 1166 4380 ιἰα
1182 4343 1232 4380 nec
1249 4326 1406 4380 visibilitas
1424 4343 1458 4378 ac
1478 4324 1674 4393 corporalibus
1691 4340 1768 4401 sup·¹

60 4415 182 4470 Sooinus
202 4415 227 4466 in
249 4414 296 4466 lih.
316 4412 390 4483 quod
411 4412 545 4483 Evangel.
565 4412 677 4467 Photin.
696 4430 725 4468 se
743 4414 898 4485 adjungere
920 4414 1029 4482 positas
1053 4429 1110 4466 esse
1133 4419 1225 4482 potest
1250 4412 1381 4480 injuriis,
1404 4427 1453 4463 uec
1477 4427 1568 4478 capae
1584 4409 1705 4461 visibilis
1732 4416 1757 4459 et

57 4499 184 4554 debeant
201 4516 224 4556 c.
238 4504 262 4552 3.
277 4515 304 4567 p.
323 4504 373 4552 25:
396 4498 504 4551 Mirum
516 4506 555 4551 est
570 4498 690 4570 (inquit),
709 4502 785 4568 qaod
803 4502 897 4553 Evan—
924 4508 1050 4552 aeternae
1078 4499 1227 4566 cujusdam
1254 4497 1428 4559 defensionis
1434 4517 1446 4560 ;
1476 4497 1528 4547 scd
1559 4496 1589 4547 in
1620 4500 1757 4562 concreto,

58 4587 148 4656 peliri
166 4595 229 4637 tanc
244 4585 421 4652 potissimum
432 4585 581 4636 humanam
593 4584 756 4650 sanquinem
773 4587 897 4649 fundere
920 4593 1007 4654 prout
1021 4585 1051 4636 in
1068 4584 1226 4637 hominibus
1252 4600 1313 4636 eam
1335 4581 1532 4651 profitentibus
1552 4581 1757 4647 corsoideratar,

56 4672 167 4741 papirio
181 4670 340 4722 Ciris-tiano
351 4672 523 4738 permittant,
542 4670 585 4722 ael
599 4670 697 4738 potius
708 4672 897 4739 praecipiant,
925 4671 974 4738 qui
994 4669 1117 4722 homines
1143 4677 1173 4720 ut
1197 4668 1320 4722 visibiles
1344 4684 1378 4720 ac
1402 4667 1530 4734 corporei
1556 4672 1632 4731 sunt,
1662 4665 1703 4716 ito
1732 4672 1758 4716 ct

57 4777 123 4810 curn
150 4757 267 4808 moer-'me
293 4756 418 4810 homines
437 4771 499 4808 vere
519 4755 675 4809 atristiaai
691 4775 747 4808 aaa
765 4757 896 4821 alienam,
922 4764 1037 4825 propter
1057 4755 1223 4821 rclipieaem
1248 4754 1368 4806 aeternis
1391 4752 1505 4805 olnocr'i
1523 4750 1639 4818 injuriis
1656 4768 1690 4801 ae
1711 4751 1756 4802 de·

58 4845 112 4895 εειι
138 4860 217 4895 ειιιιιιι
244 4842 410 4911 sanguinem
441 4843 565 4904 fundare
591 4842 694 4911 (idque
721 4860 777 4895 non
808 4844 897 4895 armis
921 4841 1061 4906 scamonia
1075 4856 1195 4908 capaces
1215 4845 1408 4907 essepossaat.
1439 4836 1556 4900 Quando
1568 4835 1654 4906 igitur
1673 4850 1756 4904 quae-

59 4928 224 4983 carnalibus
242 4927 422 4995 proeliantis,
442 4928 494 4979 sed
510 4928 706 4995 spiritualibus
724 4935 832 4980 tantam
851 4946 896 4981 ar·
922 4927 959 4981 rit
979 4925 1172 4992 Scbmaltzius,
1190 4925 1261 4993 quiri
1273 4930 1401 4992 praestet
1416 4923 1500 4975 eitam
1512 4923 1690 4990 profundere
1709 4923 1756 4974 de·

61 5033 123 5077 rnre,
146 5014 197 5068 froc
217 5020 257 5066 est
271 5013 343 5080 fide,
355 5012 507 5080 patientia,
526 5013 693 5077 constantia,
711 5029 760 5080 spe
776 5015 897 5082 utendo)
921 5014 1068 5077 sentiendo
1093 5012 1259 5080 relipionem
1283 5009 1387 5072 armis,
1408 5027 1490 5078 quam
1520 5008 1673 5070 deseariere
1691 5006 1756 5058 reli·

55 5101 162 5169 parati
178 5115 237 5152 esse
257 5099 363 5160 debent,
383 5105 447 5150 taric
467 5098 596 5151 uidelicet
616 5115 678 5151 cam
693 5099 809 5152 diuinae
828 5101 897 5153 ucri·
923 5100 1033 5168 pionem
1075 5097 1278 5166 profundendo
1319 5094 1503 5160 sanpuincm!
1550 5091 1757 5161 respondemus,

59 5187 128 5239 tatis
154 5187 244 5238 hostes
273 5186 370 5238 nolunt
398 5184 457 5236 iilis
489 5183 662 5251 permittere,
690 5191 720 5235 at
746 5186 841 5237 Deam
870 5167 1071 5300 etlutrumque
1094 5199 1153 5237 esse
1175 5181 1321 5234 honestum
1345 5185 1373 5234 et
1398 5179 1489 5249 pium,
1516 5177 1617 5231 sedin
1644 5176 1758 5230 diversis

61 5271 291 5340 Ctruampure
309 5270 420 5335 colant,
438 5270 578 5323 redolet
595 5269 684 5322 armis
701 5268 769 5322 illos
788 5255 1036 5323 adim-lcasibus
1056 5285 1089 5322 ac
1106 5265 1278 5334 temporibus
1298 5264 1427 5331 diversis,
1450 5263 1561 5334 qnando
1580 5263 1652 5316 enim
1672 5261 1757 5332 magi-

56 5359 172 5424 piosca
161 5356 234 5408 ιιιιιιι
257 5357 373 5423 adipero
394 5373 427 5408 eo
430 5355 496 5410 lant.
534 5354 757 5424 Respondemus:
783 5354 897 5409 contun-
908 5335 1030 5450 istratus.
1045 5368 1121 5407 arma
1138 5368 1238 5419 capere
1256 5349 1381 5403 subditos
1402 5349 1484 5419 jubet
1473 5349 1633 5402 tadversus
1652 5347 1757 5401 hostem

61 5442 102 5496 dit
131 5442 306 5496 adversarius
332 5441 478 5495 distinctas
507 5439 691 5510 quaestiones.
733 5439 799 5494 Alia
824 5442 910 5521 enim*¹
922 5440 958 5495 ob
981 5437 1173 5509 religionem'
1166 5453 1241 5507 ipsos
1267 5436 1493 5507 impugnantem,
1521 5441 1588 5488 tunc
1612 5434 1757 5488 honestum
1813 5463 1817 5469 ·

61 5527 189 5597 quaestio
213 5533 255 5581 εει
279 5527 315 5581 de
339 5527 455 5597 privatis
479 5526 604 5595 personis
626 5531 655 5581 et
679 5542 753 5580 mere
771 5526 899 5591 subditis,
922 5533 950 5581 et
967 5525 1044 5595 pium
1063 5530 1105 5580 est
1122 5523 1209 5578 vitam
1225 5520 1393 5593 profundere
1407 5521 1581 5576 defendendo
1596 5519 1757 5592 religionem

60 5631 96 5671 aa
115 5611 157 5667 illi
183 5611 345 5682 religionem
370 5611 504 5667 εάιειειιε
527 5610 696 5667 ordinarium
715 5628 796 5665 suum
811 5611 897 5683 magi·
887 5611 1020 5681 ·rarmis;
1048 5610 1097 5667 sed
1123 5611 1235 5681 qasndo
1253 5607 1432 5679 magistratus
1449 5606 1590 5676 subditos,
1609 5612 1682 5676 puta
1702 5622 1768 5669 eos,
