4020 6014
208 263 264 321 ltu
787 249 911 309 Locus
927 247 1322 319 wcesmusutarwa

202 417 246 467 est
277 428 338 466 cum
359 426 438 465 cereo
462 425 577 464 accenso
601 409 680 479 sequi
703 409 853 462 diaconum
876 409 919 461 osi
943 407 1034 460 lecum
1061 419 1144 474 super
1178 408 1264 476 caput
1290 404 1440 476 cujuslibet
1467 404 1613 461 ordinandi
1644 405 1681 460 ad
1710 404 1897 460 sacerdotium

202 498 342 567 eaanpelii
359 505 385 552 et
401 497 530 551 urceolos
549 504 631 565 atque
649 495 792 566 ampullas
809 495 851 548 ad
866 493 1035 567 samflcium
1060 490 1170 548 dicens:
1188 493 1295 563 Accipe
1314 492 1452 563 Spiritum
1469 511 1492 548 ι.
1514 510 1630 562 quorum
1650 493 1816 547 remiseritis
1827 510 1897 562 pee-

199 600 380 655 praeparare
405 602 440 638 oa
468 584 641 638 subdiacono
664 583 829 652 porripere3
862 579 928 635 item
950 595 1035 650 prae·
1060 586 1132 646 cate,
1149 580 1329 633 remittantur
1346 581 1396 648 eis,
1415 587 1441 633 ιι
1460 587 1576 650 quornm
1587 580 1768 648 retinueritis,
1787 586 1898 633 ιιιιιιιιι

197 687 309 741 parcre
340 670 503 725 luminaria.
552 668 690 724 Dicuntur
723 668 875 723 indicatos
908 666 945 722 eb
970 665 1033 720 ino·
1060 674 1147 721 erunt.
1183 665 1258 722 Vide
1276 667 1360 722 etiam
1378 684 1401 722 e
1421 665 1763 738 pertranseuntium
1783 666 1897 722 ordines

202 760 327 822 ιουιέω,
346 772 458 827 sequor,
476 756 551 822 ,snm
571 756 742 822 ceroferarii
758 772 774 809 a
793 752 928 826 gestsndo
946 768 1033 809 cereo.
1060 756 1088 806 et
1113 751 1266 808 ministeria
1290 752 1340 807 illa
1364 752 1525 809 clericorum
1551 753 1581 808 in
1606 752 1792 809 archidiaconi
1820 770 1897 820 cura,

203 843 304 901 Glosse
331 843 360 897 in
389 861 413 899 c.
438 843 533 899 Claros
559 842 623 899 dist.
650 848 691 899 ιι.
720 841 789 912 legit
803 839 951 903 ἅκιιιυιος,
976 857 1032 894 non
1060 836 1209 907 primicerii
1247 845 1276 894 et
1312 839 1476 895 thesaurarii
1511 839 1686 895 solicitudine
1722 840 1897 898 dividuntur.

202 930 370 1002 prohibitus,
392 928 447 983 hoc
466 928 674 996 crisinciacus,
700 927 798 982 addite
816 927 939 994 ratione,
957 928 1035 996 qssad
1044 895 1047 965 l
1059 923 1205 996 conjunge
1223 924 1320 980 titulos
1339 925 1520 982 decretalium
1538 927 1573 982 de
1589 924 1681 981 officio
1699 925 1897 992 archidiaconi,

202 1018 244 1071 ite
273 1024 387 1071 vocetur
404 1016 509 1083 fucrit,
527 1014 583 1082 'qui
599 1015 659 1084 ipse
677 1013 790 1083 quidem
808 1031 864 1067 non
877 1013 1034 1082 perapsiat
1060 1009 1095 1064 de
1115 1009 1473 1083 officionrchipresbyteri,
1498 1012 1532 1067 de
1557 1011 1649 1068 officio
1672 1012 1835 1084 primicerii,
1861 1013 1897 1069 de

202 1103 351 1172 mysterio,
375 1103 427 1155 sed
443 1118 498 1154 non
515 1100 714 1154 excludebatur
737 1116 798 1152 cum
824 1099 937 1162 ceteris,
959 1097 1034 1169 quod
1061 1093 1154 1151 officio
1173 1097 1306 1151 monstro
1322 1104 1375 1152 etc.

203 1190 296 1263 iguem
321 1194 370 1243 aut
400 1186 489 1242 simile
519 1184 652 1258 quiddam
680 1186 716 1240 ad
745 1202 824 1240 sacru
849 1185 1034 1241 necessarium
1095 1182 1286 1238 stillulis
1310 1189 1403 1239 sutem
1429 1191 1505 1252 sunt,
1534 1201 1606 1256 quse
1628 1184 1656 1239 in
1681 1184 1736 1239 hae
1764 1184 1938 1240 ordinum*
1907 1188 1938 1279 311,

203 1275 345 1332 afferebat.
398 1274 434 1328 In
460 1273 570 1329 illorum
596 1273 770 1328 ordinatione
805 1272 951 1343 episcopus
980 1270 1033 1325 illis
1061 1269 1268 1325 enumeratione
1279 1269 1427 1325 Poutrficra
1439 1270 1635 1327 desideremus
1650 1277 1673 1328 1.
1689 1272 1769 1338 Quod
1781 1272 1896 1342 ipsimet
1908 1292 1938 1332 ιιι

203 1362 319 1434 porrigit
336 1361 536 1416 candelabrum
560 1378 621 1414 cum
639 1376 717 1414 cereo
742 1367 768 1413 ιι
785 1359 907 1414 urceolis
926 1358 1034 1413 dicens:
1062 1358 1096 1409 de
1115 1373 1229 1411 numere
1243 1356 1486 1412 illorumnondum
1504 1358 1686 1415 consentiunt
1719 1358 1788 1416 Feb.
1800 1353 1938 1436 Iacer-{2¹

203 1449 308 1518 Accipe
337 1447 542 1514 ceroferarium
573 1465 635 1500 cum
660 1463 740 1500 cereo
769 1453 795 1499 et
821 1446 909 1514 ecies,
943 1451 969 1496 te
994 1445 1036 1498 ad
1060 1442 1168 1497 nutus
1160 1460 1190 1496 ιιι
1206 1442 1341 1498 scrutinio
1361 1444 1525 1499 sacerdotali
1544 1450 1615 1515 pert.
1636 1451 1658 1501 1.
1671 1450 1796 1500 trectt.
1815 1462 1838 1500 c.
1858 1445 1929 1501 de¹·

203 1533 529 1590 accendendumlumina
541 1533 731 1602 mancipatum
744 1532 774 1586 in
785 1530 1035 1595 nomincDomini3
1062 1546 1132 1586 secr.
1152 1528 1255 1585 ordin:
1270 1530 1427 1584 Secundum
1440 1533 1653 1602 Mapistrumt.
1673 1540 1743 1587 rent
1763 1533 1829 1589 dist
1850 1509 1931 1589 24.'”
1907 1509 1938 1592 ..l

203 1630 230 1677 et
240 1629 335 1692 accipe
345 1621 488 1674 urceolum
501 1620 761 1688 adsupperendum
778 1619 915 1671 visumst
933 1633 1036 1686 aqrsam
1061 1622 1125 1668 sunt
1143 1625 1249 1685 reptem
1267 1617 1397 1684 ordines,
1418 1618 1524 1671 scilicet
1541 1619 1712 1687 ostiariatus,
1731 1618 1894 1687 lector-otus,
1908 1613 1937 1642 ¹¹²

203 1710 233 1762 in
259 1707 448 1762 eucharistiae
474 1715 500 1761 et
527 1706 675 1775 sanpuins's
696 1704 803 1761 Christi
822 1711 1035 1758 recrementum.
1062 1702 1254 1772 exorcistatus,
1274 1704 1458 1771 molestiam,
1477 1705 1706 1768 subdiaconatus,
1728 1706 1895 1760 diaconatus
1908 1705 1938 1748 11

206 1795 447 1850 Subdiaeonarum
473 1792 518 1846 uel
545 1791 802 1861 hypodiaconorum
840 1790 964 1845 officium
994 1792 1037 1842 est
1063 1797 1089 1842 et
1103 1791 1321 1858 presbyteratus.
1356 1792 1396 1845 Et
1415 1792 1547 1845 dicuntur
1563 1801 1666 1862 septem
1674 1802 1793 1863 propter
1810 1795 1894 1864 septi·

204 1881 365 1935 ministrare
388 1879 545 1933 diacono
533 1898 564 1933 sn
586 1878 736 1948 sacrificio.
780 1877 814 1932 In
837 1877 947 1931 illorum
964 1873 1037 1929 ordi·
1060 1877 1180 1939 formem
1194 1879 1318 1944 pretium
1331 1877 1456 1948 Spiritus
1466 1880 1570 1948 ιιιιιι
1584 1881 1746 1934 canonistas
1757 1888 1848 1935 tamen
1857 1889 1894 1936 te·

205 1966 316 2023 notione
341 1966 488 2037 episcopus
513 1965 598 2021 tradit
625 1965 664 2020 eis
696 1965 811 2019 calicem
832 1981 951 2018 uacuum
975 1978 1037 2016 cum
1062 1969 1140 2030 nent,
1170 1965 1245 2032 quod
1268 1964 1325 2017 sint
1340 1982 1434 2019 mosen
1452 1968 1603 2020 secundum
1619 1984 1714 2022 nouem
1731 1967 1895 2023 hierarchas

202 2054 314 2125 patina,
350 2054 414 2106 item
447 2052 548 2107 librum
577 2051 762 2122 epistolarum
791 2051 900 2106 dicens:
931 2049 1036 2117 Accipe
1063 2049 1169 2102 scilicet
1189 2051 1284 2120 prima
1306 2058 1422 2105 tonsura
1445 2060 1471 2106 ιι
1497 2055 1568 2106 crdo
1593 2054 1770 2123 episcopalis.
1791 2073 1813 2111 c.
1834 2074 1895 2109 cum

206 2141 307 2194 librum
332 2139 513 2208 epistolarum
537 2146 563 2192 et
586 2139 655 2193 hale
670 2146 836 2209 potestatem
859 2137 973 2206 tependi
988 2151 1036 2188 eas
1063 2137 1205 2206 oontinpat
1223 2139 1259 2190 de
1277 2145 1360 2194 octat.
1374 2145 1401 2191 ιι
1415 2139 1514 2208 ptulit.
1534 2142 1595 2194 ord.
1612 2147 1638 2192 ιι
1654 2141 1684 2193 in
1697 2158 1719 2197 c.
1738 2145 1761 2195 1.
1780 2145 1816 2196 de
1832 2145 1893 2196 ord.

109 2283 117 2300 .
205 2229 235 2281 in
261 2226 378 2295 ecclesia
400 2233 498 2280 sancta
525 2225 584 2279 Dei
605 2233 662 2278 tam
681 2242 738 2294 pra
765 2224 849 2293 ciuis,
877 2241 960 2292 quam
980 2238 1036 2293 pro
1062 2224 1097 2274 ab
1116 2223 1199 2292 episc.
1214 2224 1264 2293 qui
1273 2232 1384 2282 renunt.
1417 2226 1576 2280 Secundum
1597 2227 1732 2282 Thomam
1745 2229 1775 2283 irs
1787 2234 1812 2288 4.
1824 2240 1893 2286 rent.

205 2313 354 2377 defunctis.
391 2310 566 2367 Lombsrdus
585 2311 651 2366 dict
678 2312 729 2366 loc.
755 2310 794 2366 lit.
821 2308 856 2366 G.
882 2310 975 2375 addit,
1000 2309 1036 2363 ad
1064 2308 1127 2365 dist.
1148 2312 1190 2365 2t.
1229 2312 1264 2363 Si
1278 2313 1398 2382 proprie
1417 2313 1588 2382 accipiamur
1605 2315 1733 2379 ordines,
1759 2317 1788 2370 in
1807 2336 1893 2388 pson-

204 2398 389 2454 subdiaconos
413 2398 564 2470 pertinere,
591 2407 623 2452 ut
646 2399 762 2452 calicem
791 2405 817 2451 ιι
837 2398 969 2467 potinam
997 2399 1038 2449 ad
1063 2403 1120 2449 tum
1137 2405 1201 2450 sunt
1219 2406 1411 2468 sacraemnta,
1428 2407 1493 2453 sunt
1509 2407 1621 2469 reptem,
1648 2411 1769 2470 quotuor
1787 2405 1894 2460 scilieet

204 2486 297 2539 altore
317 2483 422 2539 Christi
444 2485 576 2546 deferant
600 2490 626 2537 et
644 2484 748 2537 Levitis
767 2485 897 2551 tradant,
922 2482 987 2536 s'tcm
1006 2489 1037 2535 at
1062 2483 1182 2537 minares
1199 2492 1227 2537 ιι
1240 2491 1297 2537 tres
1313 2486 1407 2554 sacri;
1433 2486 1461 2539 ei
1473 2503 1537 2539 uero
1549 2487 1631 2555 larpo
1647 2491 1730 2542 modo
1743 2475 1893 2561 sumamus,

203 2572 346 2627 urceolum
365 2579 391 2625 ιι
409 2587 520 2640 aqssarn,
532 2570 649 2624 mantile
662 2577 688 2623 ιι
699 2570 903 2639 manuterpium
916 2577 1034 2633 teneant,
1062 2571 1186 2624 addetur
1204 2571 1357 2625 minoritae
1371 2572 1468 2642 prima
1485 2581 1603 2627 teneura
1622 2576 1679 2628 siue
1688 2578 1893 2649 psalmistatus,

204 2661 335 2730 episcopo
353 2665 380 2712 ιι
393 2658 565 2727 presbyteris
582 2665 609 2710 et
630 2657 735 2711 Levitis
748 2674 804 2726 pro
823 2656 955 2710 lavandis
973 2664 1037 2708 ante
1062 2665 1092 2709 ut
1109 2658 1225 2725 quedam
1243 2658 1347 2728 dicunt,
1366 2661 1457 2713 sacris
1474 2677 1540 2713 uera
1564 2662 1687 2715 addetur
1708 2665 1893 2734 episcopatus.

205 2747 298 2801 altars
322 2745 449 2798 manihess
473 2760 576 2813 aqssem
591 2744 761 2812 proebeant,
789 2745 909 2813 denique
927 2751 957 2797 ut
975 2760 1035 2797 cor·
1062 2759 1087 2796 ι.
1112 2742 1215 2798 Cieros.
1245 2745 1307 2799 dist.
1332 2752 1373 2803 21.
1401 2765 1424 2802 c.
1444 2747 1601 2802 Psalmista.
1625 2749 1688 2806 dist.
1708 2755 1750 2805 23.
1789 2751 1894 2808 Tamen

199 2833 318 2904 parales
338 2841 364 2886 et
378 2831 481 2902 pallas
501 2837 528 2883 et
545 2831 733 2885 substratoria
749 2831 850 2885 lavent.
892 2831 1035 2884 Diacono-
1062 2832 1233 2884 communior
1252 2832 1348 2903 opinio
1366 2841 1420 2902 ιιι,
1446 2837 1523 2902 quod
1538 2836 1637 2903 prima
1654 2844 1771 2889 tonmsra
1789 2846 1817 2892 et
1835 2841 1893 2909 epi-

203 2938 266 2975 rum
277 2927 320 2973 est
331 2918 476 2972 sacerdoti
492 2918 668 2982 sacrificanti
684 2917 813 2971 αιιιιιιιι
827 2934 862 2970 ec
873 2917 1035 2971 ministrare
1061 2924 1192 2986 scopatae
1212 2934 1268 2970 non
1286 2919 1342 2972 siat
1360 2919 1481 2988 ordines,
1501 2921 1568 2989 quia
1587 2939 1689 2975 corana
1708 2940 1758 2975 seu
1776 2931 1893 2979 tonsura

130 3001 134 3008 ’
204 3015 229 3060 et
245 3006 356 3077 populo
375 3005 541 3058 distribuere
565 3003 775 3072 eucharistiam,
800 3011 923 3072 tempore
946 3003 1036 3056 sacri·
1063 3011 1103 3055 ιιι
1146 3005 1288 3073 quoddam
1325 3005 1434 3073 ιιιιιιιιι
1476 3007 1665 3061 distinctivum
1702 3009 1892 3066 ministrorum

203 3093 264 3157 ficii
275 3090 561 3159 erenpeliumlepsre,
578 3090 729 3159 baptisare,
743 3091 927 3158 praedicare,
941 3107 1036 3144 recen·
1063 3090 1197 3144 ccclesiae
1215 3110 1233 3144 a
1251 3091 1332 3160 plebe
1349 3093 1488 3145 communi
1505 3099 1557 3150 etc.
1602 3095 1673 3148 Item
1692 3096 1818 3164 dipnitos
1837 3100 1894 3168 epi·

203 3180 304 3233 eiliare
318 3177 447 3248 publicos
460 3176 641 3245 paenitentes,
660 3175 859 3229 esscharistiam
873 3177 988 3240 deferre
1003 3195 1037 3230 ae
1063 3177 1188 3246 scopalie
1214 3196 1270 3233 non
1298 3186 1339 3232 ιιι
1366 3180 1451 3245 orde,
1480 3188 1510 3233 ut
1535 3188 1643 3235 tenetur
1669 3185 1849 3238 communiter
1876 3203 1894 3239 a

202 3265 340 3337 praetem
359 3263 451 3331 laicis,
467 3279 501 3316 ac
521 3263 640 3316 breuiter
654 3263 748 3316 omnia
765 3264 871 3331 facere,
891 3280 961 3331 qssoe
979 3264 1036 3332 epi·
1064 3264 1239 3328 doctoribus,
1263 3280 1349 3334 super
1373 3282 1427 3345 que
1447 3268 1614 3330 notandum,
1641 3271 1719 3336 quod
1741 3273 1894 3325 secundum

204 3353 284 3423 scopi
308 3346 335 3405 et
355 3350 516 3420 presbytcri
532 3348 663 3417 faciunt,
692 3357 806 3418 eccepto
832 3350 1037 3403 consecratione
1065 3351 1200 3403 Thomam
1218 3351 1322 3419 duplex
1337 3351 1443 3405 dicitur
1461 3354 1540 3408 orda.
1578 3355 1637 3408 Uno
1650 3358 1895 3414 modosecundum

205 3439 333 3508 corporis
352 3437 472 3492 Domini
490 3443 516 3490 ιι
535 3435 715 3489 ordinatiane
738 3435 904 3489 clericorum
923 3444 948 3489 ιι
969 3437 1037 3490 aliis
1063 3437 1140 3505 quod
1156 3443 1197 3489 ιιι
1210 3437 1336 3500 officium
1353 3446 1480 3506 respectu
1498 3440 1540 3492 ad
1552 3456 1654 3513 corpus
1669 3442 1775 3497 Christi
1791 3462 1893 3514 omum,

205 3523 556 3593 officiis,quoersquirant
567 3529 732 3592 potestatem
745 3521 862 3578 ordinis.
882 3521 916 3576 In
928 3521 1037 3578 illorum
1062 3521 1169 3576 scilieet
1187 3523 1228 3576 ad
1244 3524 1479 3577 consecrationem
1498 3525 1606 3580 hostias
1624 3535 1649 3580 ιι
1663 3528 1715 3581 illo
1734 3532 1817 3584 modo
1836 3533 1894 3601 epi·

205 3609 376 3666 ordinatione
387 3610 533 3680 episcopus
542 3607 655 3664 tradens
667 3608 707 3664 eis
716 3609 818 3663 librum
831 3610 1037 3677 eoanpeliorum
1063 3618 1193 3680 scopatur
1217 3626 1273 3662 non
1298 3618 1338 3663 est
1362 3612 1449 3680 ordo,
1477 3612 1545 3680 quia
1568 3613 1714 3683 episcopus
1734 3633 1788 3669 non
1813 3618 1894 3673 tabet

205 3696 285 3750 dicit:
316 3696 422 3765 Accipe
447 3702 615 3764 patestatem
652 3695 767 3763 lependi
800 3696 973 3764 soanpelium
1007 3698 1037 3750 in
1059 3704 1223 3765 potestatem
1241 3698 1414 3767 superiorem
1431 3700 1578 3753 sacerdote
1596 3709 1727 3768 qnantum
1745 3704 1786 3756 ad
1801 3721 1894 3759 conse·

205 3781 323 3834 ecclesia
348 3781 408 3834 Dei
429 3789 487 3835 tam
505 3799 560 3851 pro
584 3782 668 3845 risu,
693 3800 776 3852 qinom
796 3799 853 3853 pro
878 3784 1038 3850 esp‘onctrs,·
1063 3784 1214 3837 cretionem
1247 3785 1375 3854 eorporis
1411 3784 1524 3842 Christi.
1576 3787 1644 3841 Alio
1675 3790 1758 3841 modo
1789 3792 1894 3846 dicitur

206 3869 286 3923 item:
306 3868 403 3937 accipe
424 3866 561 3936 Spiritum
577 3885 599 3921 ι.
618 3869 660 3921 ad
677 3870 860 3923 emittendum
879 3870 992 3924 diabolo
1011 3879 1036 3925 et
1063 3872 1213 3925 secundum
1240 3874 1317 3942 qued
1339 3880 1379 3925 ιιι
1408 3873 1532 3936 officium
1561 3882 1687 3943 respecta
1715 3879 1894 3946 quarundam

204 3953 402 4008 tentationibus
427 3953 496 4020 ejus.
532 3951 707 4008 Irombardus
732 3954 758 4007 d.
789 3954 807 4011 1.
833 3954 873 4010 lit.
893 3955 929 4010 H.
950 3956 1036 4022 addit,
1063 3958 1203 4011 actionnm
1229 3976 1391 4027 samonem,
1422 3976 1507 4028 super
1536 3978 1607 4028 quos
1632 3961 1713 4014 latet
1745 3963 1894 4032 disponere

205 4040 280 4112 quod
305 4040 341 4093 ad
367 4038 514 4093 diaconum
540 4039 678 4109 pertineat
706 4041 863 4095 oblationes
880 4042 995 4141 inferre.
1009 4050 1035 4094 ιι
1059 4061 1133 4112 prae
1160 4045 1259 4098 ceteris
1281 4044 1485 4109 sacedotihus,
1511 4053 1536 4098 et
1556 4048 1597 4100 sie
1615 4048 1750 4102 dicitur
1738 4052 1893 4122 improprie

203 4213 312 4281 restire,
321 4213 525 4282 cretensem,
534 4212 708 4282 praedicare
717 4212 1036 4284 moneetsnmecputo
1063 4227 1189 4286 mentem,
1213 4221 1265 4273 scd
1291 4221 1434 4289 quoddam
1456 4223 1668 4276 sacramentale.
1704 4223 1783 4279 Haec
1801 4228 1895 4282 omnia

204 4302 263 4356 lam
272 4301 465 4370 adpopulum,
476 4304 509 4352 ut
525 4298 597 4353 euim
609 4298 759 4354 lectoribus
773 4298 862 4354 Vetus
874 4300 1035 4358 Testamen-
1062 4305 1235 4362 Incernatus.
1256 4311 1280 4363 t.
1297 4307 1377 4373 Quod
1389 4311 1537 4377 nugantur,
1551 4307 1691 4362 Christum
1704 4327 1754 4363 ιιιο
1768 4314 1924 4409 coemptor.

205 4393 263 4444 tum
276 4387 316 4442 ita
331 4387 454 4442 diaconis
469 4386 578 4443 Novum
591 4387 886 4457 esseprsedicandum.
916 4391 1035 4459 Prestp-
1062 4393 1183 4447 omnium
1206 4393 1320 4447 illenim
1339 4394 1469 4447 ordinum
1489 4394 1624 4459 officio
1612 4413 1641 4447 sn
1667 4405 1749 4449 semet
1767 4397 1829 4467 ipso
1849 4417 1892 4452 cc·
1905 4371 1938 4464 (ἐξ

205 4483 327 4530 terarum
342 4482 383 4528 est
400 4489 563 4527 consecrare
581 4490 684 4542 eorpus
703 4476 905 4543 etsanpuinsm
921 4476 1036 4547 Christi,
1061 4480 1182 4533 tribuisse
1209 4484 1237 4534 et
1255 4480 1362 4549 corpori
1379 4495 1446 4547 suo,
1469 4481 1542 4556 quod
1566 4487 1608 4535 est
1626 4481 1755 4547 ecclesia,
1782 4486 1920 4568 eosdem„
1906 4478 1938 4569 ⁸'J

204 4561 482 4632 offerresaerificium
489 4560 653 4628 promosset
663 4561 788 4629 mortuis,
796 4563 1036 4618 orationeedscere
1062 4565 1249 4620 obseruandos
1265 4565 1416 4637 reliquisse.
1447 4564 1493 4621 sic
1514 4567 1586 4622 euim
1603 4568 1707 4623 habent
1718 4539 1935 4627 Lombardus¹¹⁸

203 4657 236 4703 ιι
249 4650 325 4702 dona
345 4648 405 4702 Dei
423 4648 580 4702 benedicere
597 4652 648 4703 etc.
683 4647 717 4701 In
735 4648 845 4703 illorum
864 4649 1035 4705 ordinatione
1062 4659 1086 4708 4.
1124 4659 1193 4708 seut
1232 4652 1294 4708 dist.
1331 4657 1372 4707 tl
1404 4659 1470 4707 sect.
1512 4655 1546 4710 A
1577 4661 1606 4708 ιι
1633 4671 1709 4725 seqq.
1741 4654 1892 4727 compend.

205 4733 350 4804 episcopus
380 4734 500 4790 reflectit
527 4734 628 4788 stolam
661 4732 697 4788 ab
728 4733 840 4789 humero
869 4735 978 4791 sinistm
1007 4736 1036 4790 iu
1061 4737 1179 4809 theolog.
1197 4738 1322 4794 veritatis
1340 4737 1387 4793 lib.
1415 4745 1439 4796 4.
1459 4757 1482 4794 c.
1502 4745 1542 4796 36.
1562 4740 1666 4796 Fabius
1684 4741 1871 4797 incarnatus
1864 4763 1893 4798 ιιι

205 4821 331 4875 dextrum
353 4820 383 4873 in
410 4819 521 4876 modum
551 4819 641 4875 crucis
666 4819 775 4876 dicens:
803 4822 909 4890 Accipe
932 4823 1036 4891 jupam
1062 4824 1178 4881 scrutin.
1196 4826 1383 4895 sacerdpsrt.
1406 4828 1428 4880 t.
1447 4832 1526 4880 tract
1546 4832 1569 4883 ι.
1589 4844 1612 4882 c.
1626 4827 1661 4882 de
1675 4828 1814 4900 ordinep.
1836 4836 1893 4886 111.

205 4907 337 4972 Domini,
355 4907 458 4976 jupam
475 4909 547 4962 enim
571 4909 632 4978 ejus
652 4924 736 4961 mese
755 4914 782 4962 ιι
799 4925 869 4961 onies
888 4910 949 4979 ejus
968 4910 1033 4966 leue.
1064 4913 1253 4967 ostiariorum
1266 4913 1393 4978 officium
1407 4914 1570 4968 Dominus
1558 4932 1588 4966 sn
1600 4931 1653 4966 rua
1667 4931 1792 4984 persona
1804 4934 1894 4971 susce·

204 4992 313 5049 Deinde
332 4993 381 5048 det
399 5003 499 5049 restem
517 4997 724 5051 socerdotalem
738 4989 919 5052 etconsecret
937 5013 1035 5052 manus
1047 5001 1117 5080 lpit,
1144 5000 1257 5068 quondo
1279 4999 1399 5069 flocello
1424 5002 1459 5054 de
1480 5000 1619 5067 funiculis
1641 5001 1763 5064 sacto
1747 5004 1895 5057 rendentes

205 5081 313 5137 diceus:
339 5079 508 5137 Consecrore
526 5091 552 5137 ιι
570 5084 744 5153 sanctificare
770 5084 895 5151 dipaeris
914 5085 1088 5140 Dominelet
1106 5094 1224 5140 ementes
1241 5086 1322 5154 ejecit
1340 5088 1376 5140 de
1391 5088 1502 5158 temple.
1534 5085 1600 5155 lpse
1613 5085 1687 5138 enim
1705 5104 1734 5141 ιι
1749 5090 1895 5144 ιιιίιιίιιιιι

204 5184 304 5221 mensis
321 5168 391 5221 istas
404 5183 461 5235 per
479 5168 561 5221 istam
581 5170 737 5225 unctionem
760 5177 785 5224 et
808 5177 933 5223 naseam
959 5172 1050 5229 bene:
1061 5173 1225 5242 sipniflcans
1244 5173 1327 5241 dicit,
1352 5175 1415 5243 Epo
1436 5191 1496 5228 sum
1517 5170 1630 5224 ostium
1653 5189 1708 5241 per
1730 5191 1772 5229 me
1789 5177 1895 5245 siquis

205 5255 362 5310 dictionem.
411 5253 513 5308 Postea
538 5255 657 5328 porrigit
687 5257 803 5311 culicem
830 5274 892 5310 cum
917 5257 981 5312 cino
1007 5266 1034 5310 et
1048 5236 1209 5375 ἰιιιιοιιιιι,
1227 5258 1383 5312 salvabitur
1400 5264 1453 5314 etc.
1483 5255 1654 5313 Ostiarietus
1674 5275 1740 5330 erpo
1753 5262 1895 5317 institutus

204 5357 280 5409 aquo
300 5348 326 5393 ιι
340 5340 473 5410 petinam
491 5357 552 5394 cum
571 5342 663 5397 hostia
685 5344 903 5414 superimposita
927 5344 1034 5400 dissum
1048 5382 1050 5399 .
1063 5351 1102 5398 est
1120 5343 1222 5415 (inquit
1239 5344 1365 5412 Fabius),
1385 5345 1497 5414 mando
1515 5342 1640 5396 Christus
1659 5346 1744 5399 dicit:
1765 5349 1895 5403 Attollite

204 5426 309 5494 Accipe
325 5434 491 5495 potestatem
506 5429 825 5500 offerendisacrsfleium
837 5432 902 5484 Deo
920 5431 1035 5484 missos·
1059 5439 1162 5501 portas
1176 5431 1324 5502 principes
1348 5436 1455 5484 uestras
1477 5435 1503 5482 et
1522 5429 1670 5484 elevamini
1683 5441 1788 5501 portae
1806 5442 1894 5487 aeter-

204 5528 257 5583 que
291 5512 459 5570 celebrandi.
509 5511 638 5587 Denique
665 5514 783 5587 imponit
812 5515 909 5572 ambas
937 5532 1036 5571 manus
1063 5519 1313 5587 netes,etquanda
1325 5517 1893 5592 ememesaeosndentesep'eeitetemplo.
