4020 6014
166 3083 278 3124 ΜΗ

165 4199 268 4242 ΙΙιίιιο-

166 4253 193 4292 rtt
204 4251 277 4293 seele-

163 4304 251 4344 studet

164 4353 183 4397 i.
196 4364 276 4396 neem·

127 4430 131 4436 -
163 4406 226 4447 uttan

290 176 309 232 2
867 172 989 230 Locus
1007 173 1211 231 VICESIMUS
1229 173 1392 232 TERTIUS

289 326 341 378 sed
354 323 595 393 praeciderentur.
631 326 767 380 Parentes
795 336 859 381 sant
875 345 925 382 eea
949 329 1118 399 paedopopi,
1146 328 1220 382 alios
1239 347 1304 384 esra
1323 330 1518 397 stanpels'stas,
1536 346 1561 380 v.
1584 334 1626 385 12:
1654 331 1695 382 ad
1713 329 1975 382 eonsnmmationem

290 410 341 465 hos
359 411 511 479 qaiadalti
528 420 591 464 sant
604 421 630 465 et
647 413 798 482 neplipant,
817 420 922 469 comest
937 418 1119 483 mapistratus
1144 423 1304 468 sanctornm
1332 417 1362 468 in
1394 433 1464 484 opas
1496 415 1658 480 ministerii,
1688 415 1717 466 s'n
1751 413 1974 483 aedificationem

288 513 342 566 per
366 497 533 567 earnpieem.
578 497 614 550 In
638 500 755 552 eeclesia
779 508 951 555 contumaces
973 505 1023 570 qai
1045 510 1117 565 sant,
1144 503 1272 569 corporis
1293 499 1404 555 Christi.
1432 508 1453 555 1.
1472 500 1542 556 Tim
1560 507 1590 567 4,
1614 519 1639 554 v.
1663 505 1707 554 tt:
1732 501 1794 553 Hoc
1816 502 1973 570 facienspe

292 585 570 637 excommunicantur.
605 584 754 640 SicutNoa
771 603 892 642 masma
910 606 939 642 se
958 588 1119 643 fabricatam
1145 588 1236 655 ipsam
1255 587 1379 641 salvabis
1404 596 1429 639 et
1449 603 1495 639 eos
1512 587 1562 654 qai
1579 595 1604 639 tc
1622 586 1748 641 andiunt.
1786 584 1868 640 Unde
1888 586 1972 640 etiam

293 667 321 722 in
341 671 469 739 tristega,
494 668 522 723 id
552 675 593 724 est
613 670 641 723 in
660 677 715 725 tres
734 673 877 727 distinctas
897 674 1118 745 contignationes
1144 672 1173 725 in
1191 670 1301 727 Obadia
1323 691 1347 726 v.
1378 679 1419 727 21.
1435 678 1569 726 vocantur
1594 681 1758 727 servatores.
1796 671 1877 725 Hanc
1895 688 1973 724 suam

293 752 387 809 divisit
406 753 475 810 Gen.
495 761 525 822 6,
549 774 573 808 v.
597 761 634 810 16.
653 764 685 809 ut
703 757 791 810 omnis
809 758 917 828 generis
937 759 1064 813 animalia
1083 759 1119 814 ad
1144 758 1342 813 ordinationem
1361 769 1444 828 atque
1463 757 1662 812 institutionem
1680 757 1750 810 adeo
1769 764 1865 810 sancte
1886 766 1915 810 et
1935 757 1973 808 in-

293 839 383 909 ipsum
403 840 527 911 ingressa
552 839 618 893 κατὰ
646 842 721 903 riter
744 844 854 897 easdem
872 850 1053 912 occuparent3
1080 845 1119 898 sic
1145 849 1277 897 temerate
1293 843 1382 897 Filius
1395 842 1447 897 Dei
1465 843 1630 911 observavit,
1649 850 1681 897 ut
1697 861 1732 897 ne
1752 843 1842 912 ipsum
1862 842 1974 912 quidem

295 924 371 980 Deus
396 926 454 996 ipse
479 926 633 980 universam
665 927 804 981 bominum
830 928 988 983 societatem
1014 931 1041 983 in
1064 937 1120 984 tres
1145 927 1301 982 Cornelium
1318 947 1366 999 per
1386 929 1531 1000 angelum,
1556 928 1688 998 quicum
1713 927 1773 997 ipso
1801 928 1975 998 loquebatur,

294 1013 366 1068 vitae
393 1012 502 1066 ordines
536 1012 634 1068 divisit.
675 1013 770 1068 Potest
796 1014 849 1068 huc
878 1015 1013 1085 applicari
1035 1024 1119 1086 typus
1145 1012 1181 1066 de
1202 1014 1248 1068 ria
1269 1014 1365 1069 salutis
1386 1015 1495 1069 erudire
1512 1013 1643 1077 voluerit,
1671 1013 1720 1066 sed
1737 1013 1773 1067 ad
1793 1013 1973 1066 ministerium

294 1114 374 1152 arcae
403 1099 548 1154 foederalis
598 1099 630 1152 ln
654 1116 687 1153 ea
712 1109 771 1155 erat
792 1100 870 1171 virga
893 1101 1024 1165 Aaronis,
1049 1119 1120 1172 quae
1144 1098 1366 1167 ecclesiasticum,
1390 1099 1519 1154 videlicet
1539 1098 1575 1151 ad
1600 1099 1729 1166 Petrum,
1752 1116 1815 1153 eum
1832 1099 1975 1160 remiserit,

295 1184 406 1239 denotat
437 1185 558 1239 ordinem
586 1186 816 1253 ecclesiasticum
847 1187 959 1241 tabulae
986 1187 1119 1259 decalogi,
1144 1202 1162 1239 a
1180 1202 1235 1254 qno
1253 1189 1354 1239 anrire
1372 1186 1479 1249 debat,
1497 1187 1567 1254 qaid
1585 1186 1674 1255 speum
1691 1186 1789 1248 facere
1811 1186 1974 1254 oportuerit,

294 1286 366 1341 quae
391 1270 666 1346 denotant'ordinem
683 1271 839 1342 politicum,
859 1273 925 1343 quia
942 1274 1119 1345 magistratus
1144 1272 1208 1327 Act.
1232 1278 1275 1342 10,
1298 1289 1323 1329 v.
1352 1278 1375 1327 6.
1402 1288 1434 1325 ac
1459 1271 1523 1326 licet
1546 1271 1664 1325 Paulum
1691 1270 1906 1326 extraordinarie
1926 1286 1975 1338 per

294 1364 336 1411 est
361 1363 452 1412 custos
476 1358 619 1430 ruinaque
645 1354 769 1421 tabulam
792 1363 820 1412 et
845 1374 914 1412 urna
930 1375 994 1414 cum
1011 1376 1119 1427 manna,
1144 1355 1289 1413 coelestem
1316 1359 1514 1428 apparitionem
1535 1364 1714 1426 converteret,
1735 1357 1819 1423 tunde
1837 1357 1860 1410 is
1880 1366 1974 1426 negat,

293 1442 367 1515 qnod
387 1441 501 1497 denotat
524 1441 646 1497 ordinem
669 1442 872 1497 oeconomicum
893 1444 979 1499 victui
996 1445 1120 1516 parando
1145 1461 1173 1498 se
1197 1462 1276 1498 sunm
1301 1446 1336 1496 ab
1361 1444 1469 1497 bominac
1493 1443 1669 1515 evangelium
1698 1444 1837 1514 mesphaa
1861 1440 1924 1495 Gal.
1955 1449 1975 1506 1,

293 1529 504 1584 incumbentem.
554 1529 596 1583 De
615 1528 703 1582 tribus
731 1529 785 1583 illis
813 1529 972 1584 hierarchiis
999 1532 1063 1584 ride
1089 1531 1116 1586 b.
1144 1548 1169 1582 v.
1197 1532 1248 1595 12.)
1278 1537 1370 1584 tamen
1396 1530 1423 1583 in
1449 1529 1579 1584 honorem
1610 1528 1752 1583 ministerii
1775 1527 1812 1582 ad
1837 1528 1974 1581 Ananiam

293 1613 445 1669 Lutherum
460 1620 524 1669 tom.
545 1613 643 1672 tien.
656 1612 748 1669 Germ.
766 1612 813 1670 tol.
836 1621 893 1670 511.
908 1621 971 1670 tom
984 1623 1008 1672 6.
1027 1616 1046 1673 f.
1061 1622 1119 1672 205.
1144 1615 1234 1686 ipsum
1258 1613 1375 1682 remisit,
1402 1631 1419 1668 a
1444 1632 1498 1684 quo
1520 1613 1616 1669 itidem
1639 1614 1745 1672 discere
1770 1614 1883 1682 debeat,
1905 1614 1973 1685 quid

293 1709 357 1754 tom.
383 1699 444 1758 ef.
471 1705 526 1757 126.
555 1705 620 1755 tom.
646 1705 671 1755 t.
694 1699 713 1755 f.
734 1701 835 1756 17611*
870 1700 913 1755 De
932 1701 1119 1757 ecclesiastico
1144 1699 1234 1770 ipsum
1256 1699 1348 1755 facere
1363 1705 1507 1770 oporteat,
1526 1703 1589 1754 Aet.
1608 1706 1639 1768 9,
1657 1718 1683 1754 v.
1706 1706 1730 1754 6.
1750 1700 1926 1770 Augustinus
1945 1700 1972 1752 in

294 1786 388 1840 ordine
406 1786 494 1858 primo
511 1788 571 1841 loco
585 1786 733 1856 agendum,
753 1792 811 1839 tum
825 1792 939 1857 propter
955 1787 1118 1858 dignitatem
1143 1785 1248 1856 prolog.
1267 1785 1315 1841 lib.
1337 1794 1357 1841 1.
1377 1787 1412 1841 de
1424 1786 1475 1841 civ.
1490 1785 1556 1839 Dei:
1579 1785 1741 1853 Capitemus,
1759 1786 1972 1854 spsnmaposto·

293 1873 395 1941 objecti
412 1874 469 1927 sive
486 1873 620 1926 materiae
637 1873 715 1925 eirca
733 1889 826 1941 qoam,
846 1889 918 1943 quae
936 1881 1001 1927 sunt
1011 1875 1119 1929 animae
1144 1872 1201 1924 lum
1220 1872 1350 1935 Paulum,
1368 1872 1433 1925 licet
1446 1873 1542 1924 divina
1560 1880 1585 1924 et
1603 1873 1716 1926 costati
1726 1888 1789 1926 voce
1800 1881 1973 1941 prostratum

293 1957 448 2026 hominum
465 1967 524 2011 tum
541 1965 654 2029 propter
672 1958 835 2029 dignitatem
853 1961 987 2012 materiae
1004 1962 1034 2013 in
1053 1979 1116 2029 qua,
1144 1958 1172 2010 sl
1190 1959 1366 2021 instrssctsem,
1393 1961 1433 2011 ad
1450 1959 1585 2012 bominem
1605 1967 1696 2012 tamen
1713 1959 1825 2011 mismsm
1850 1975 1921 2023 esse,
1945 1969 1973 2012 at

292 2060 363 2115 quae
388 2051 453 2099 sunt
478 2044 610 2115 mysteria
635 2044 743 2114 divina3
776 2050 834 2098 mm
862 2044 981 2114 denique
1007 2055 1119 2118 propter
1144 2054 1321 2098 samamenta
1339 2047 1497 2114 perciperet
1520 2053 1600 2114 atque
1626 2045 1757 2098 eeclesiae
1784 2045 1972 2114 copularetur.

294 2216 452 2271 comtitutio
476 2215 633 2270 immediate
659 2217 811 2271 animarum
829 2220 946 2272 salutem
970 2235 1003 2274 ao
1020 2235 1118 2290 propa·
1145 2216 1277 2287 exemplis
1286 2216 1474 2271 lsrsdlitarum
1487 2223 1514 2271 et
1522 2216 1667 2286 gentilium
1679 2215 1884 2286 praedicatione
1896 2215 1973 2269 verbi

291 2304 431 2373 gationem
448 2308 477 2357 et
494 2303 691 2358 incrementum
709 2303 842 2358 ecclesiae
856 2311 971 2374 spectat,
990 2305 1119 2376 politicus
1146 2302 1257 2374 publica
1270 2303 1469 2359 destitutorum.
1501 2301 1545 2356 De
1557 2301 1690 2356 Israiilitis
1705 2296 1773 2357 dicit
1784 2302 1900 2356 Assrias
1914 2317 1975 2372 pro-

292 2404 356 2444 vero
376 2395 404 2444 et
422 2389 613 2444 oeconomicus
631 2390 699 2444 ordo
713 2388 833 2443 mediate
851 2389 985 2444 duntaxat
998 2406 1032 2444 ac
1044 2380 1119 2446 certo
1145 2387 1229 2460 pheta
1247 2390 1283 2444 ad
1298 2405 1392 2460 regem
1408 2389 1494 2443 Asam
1512 2395 1536 2443 1.
1551 2387 1641 2443 Paret
1659 2394 1698 2453 15,
1715 2406 1742 2444 v.
1755 2394 1783 2444 3:
1805 2390 1976 2443 Praesident

291 2481 434 2546 respectu;
451 2474 581 2545 politicus
592 2475 659 2529 ordo
672 2481 714 2530 est
731 2475 865 2542 ecclesiae
879 2482 996 2546 septum,
1016 2477 1119 2530 vallum
1146 2478 1207 2529 dies
1215 2478 1295 2530 malti
1303 2475 1432 2529 inlsrae'l
1441 2476 1544 2543 absque
1555 2477 1618 2529 Deo
1627 2491 1700 2538 sero,
1709 2475 1811 2544 absque
1821 2477 1975 2541 sacerdote,

291 2577 325 2615 ac
345 2559 595 2632 propugnaculum,
621 2561 813 2615 oeconomicus
837 2567 879 2616 est
896 2563 1019 2632 ejusdem
1040 2562 1119 2617 semi·
1146 2564 1247 2631 absque
1265 2564 1377 2615 doctore
1397 2569 1422 2614 et
1443 2561 1545 2629 absque
1566 2560 1635 2630 ispe.
1672 2561 1714 2614 De
1739 2560 1889 2631 gentilibus
1908 2579 1975 2615 non-

293 2647 414 2714 narium,
433 2647 495 2702 ideo
512 2646 647 2717 siqnidem
665 2661 698 2700 ac
717 2644 772 2700 fine
792 2664 824 2701 eo
843 2664 893 2717 per
910 2647 1032 2702 ordinem
1051 2649 1120 2720 poli-
1147 2649 1212 2702 dnm
1230 2648 1267 2701 ad
1283 2646 1386 2701 Christi
1403 2663 1519 2718 regnum
1530 2662 1581 2715 per
1593 2646 1730 2717 evangelii
1740 2646 1975 2717 praedicationem

291 2732 377 2786 ticum
401 2738 578 2786 conservatur
603 2732 749 2803 disciplina
766 2739 893 2800 externa,
913 2734 1120 2789 administratur
1145 2734 1250 2787 vocatis
1269 2731 1336 2786 dicit
1347 2732 1488 2802 apostolus
1501 2732 1600 2802 Ephes.
1615 2736 1640 2802 2,
1657 2749 1683 2787 v.
1698 2736 1742 2786 12:
1761 2733 1862 2786 Eratis
1873 2734 1903 2784 in
1922 2734 1975 2787 illo

288 2819 405 2890 justitia,
422 2818 553 2873 asseritur
561 2818 746 2889 tranquillitas
755 2817 933 2890 etesi'qpspia,
945 2826 1034 2892 utper
1042 2821 1118 2875 mini-
1146 2828 1268 2890 tempore
1285 2820 1343 2872 sine
1365 2819 1486 2882 Christo,
1505 2818 1624 2872 manat
1649 2818 1832 2887 erepublica
1854 2821 1976 2875 Israelis

291 2904 405 2959 sterium
411 2903 489 2958 verbi
495 2903 556 2957 Deo
562 2920 596 2958 ex
604 2919 705 2975 genere
713 2904 832 2960 humano
841 2904 933 2976 colligi
939 2905 1027 2976 possit
1035 2907 1119 2961 ecele—
1147 2914 1171 2959 et
1188 2905 1309 2977 trospites
1327 2912 1550 2958 testamentorum
1563 2905 1760 2973 promissionis
1779 2924 1834 2959 nan
1847 2905 1975 2959 babentes

292 2991 341 3045 sia.
361 2988 512 3046 cumcuim
522 3007 572 3061 per
581 2991 687 3060 lapsum
699 3007 732 3044 ae
742 2998 804 3060 post
813 2990 919 3060 lapsum
930 2991 1121 3063 gennshuma·
1148 3000 1173 3043 et
1194 2991 1252 3043 sine
1269 2993 1331 3043 Deo
1343 2990 1373 3042 in
1387 2991 1438 3044 lae
1451 2992 1564 3046 nsando.
1594 2991 1630 3043 Et
1642 3007 1725 3062 qnam
1735 2990 1821 3044 tristis
1841 2991 1919 3062 sequi
1932 3011 1975 3045 so-

293 3095 360 3132 num
377 3084 434 3130 tam
446 3074 766 3131 misereacborribiliter
781 3084 895 3147 peccata
908 3078 1120 3148 siteorruptnm,
1147 3077 1203 3131 leat
1230 3076 1344 3131 effectus
1362 3075 1469 3130 sublato
1489 3074 1566 3130 verbi
1587 3076 1744 3139 ministerio,
1772 3075 1902 3131 brevibus
1920 3079 1971 3131 sed

292 3170 325 3217 ut
343 3161 449 3233 absque
464 3162 576 3232 politico
594 3160 727 3232 regimine
740 3162 831 3216 omnia
844 3162 872 3216 in
884 3179 916 3216 eo
935 3163 990 3217 sint
1007 3164 1121 3218 confusa
1147 3162 1227 3216 valde
1239 3161 1400 3231 emphaticis
1412 3159 1502 3215 verbis
1515 3161 1595 3216 dooet
1607 3161 1716 3216 Salomo
1727 3161 1808 3216 Prov.
1823 3167 1864 3225 29,
1883 3182 1907 3216 v.
1931 3169 1975 3217 18:

293 3255 377 3320 atque
401 3246 517 3311 irrata,
542 3246 604 3300 ideo
623 3254 735 3316 propter
748 3246 891 3302 ecclesiam
909 3249 992 3302 etiam
1010 3250 1121 3320 politias
1150 3251 1215 3302 Cam
1234 3266 1288 3301 non
1306 3245 1477 3311 fueritvisio
1490 3245 1547 3300 sive
1559 3246 1713 3317 prophetie,
1733 3248 1784 3303 boe
1805 3259 1847 3302 est
1866 3267 1975 3302 cessan-

292 3335 369 3390 Deus
393 3332 526 3396 instituit,
558 3349 612 3402 quo
635 3332 748 3402 respicit
773 3332 913 3402 apostolus
939 3335 1120 3405 praecipiens,
1147 3333 1293 3404 tepublico
1306 3331 1382 3387 verbi
1394 3332 1553 3401 ministerio,
1574 3333 1651 3407 ηεξ,
1674 3335 1786 3388 rebellis
1812 3335 1862 3387 erit
1883 3353 1976 3406 popar-

293 3420 498 3474 obsecrationes
515 3420 579 3480 ficri
596 3435 653 3490 pro
672 3418 782 3485 sepibus
801 3428 827 3470 et
847 3423 970 3471 omnibns
988 3422 1018 3472 in
1036 3423 1120 3474 sahli-
1145 3421 1198 3476 iris.
1242 3422 1303 3469 Π)
1322 3419 1410 3472 varias
1429 3417 1514 3473 habet
1539 3419 1763 3491 significationes,
1781 3437 1852 3489 quae
1872 3421 1976 3488 plerae-

291 3508 387 3561 mitate
406 3505 570 3572 corsstitats'e,
588 3511 618 3556 at
630 3504 751 3573 quietam
769 3512 794 3558 et
812 3506 994 3573 tranquillam
1011 3508 1061 3559 sab
1080 3511 1120 3561 eis
1146 3524 1199 3578 que
1224 3522 1318 3561 omnes
1346 3505 1409 3559 huie
1437 3503 1497 3560 loco
1524 3510 1686 3576 congruunt
1732 3504 1876 3576 Significat
1902 3509 1975 3561 euim

291 3609 408 3659 apamea
432 3592 513 3644 vitam
540 3591 569 3641 in
588 3589 663 3643 omni
678 3590 784 3658 pietate
809 3591 1119 3651 etrnodestia1.‘l'im‚
1148 3597 1169 3647 1.
1195 3591 1348 3661 denudare;
1376 3597 1398 3646 l.
1425 3590 1572 3658 rebellare,
1596 3596 1621 3647 3.
1646 3590 1754 3659 feriari3
1776 3598 1799 3644 t.
1824 3590 1975 3663 dissipare3

292 3683 316 3739 2,
335 3695 360 3731 v.
380 3682 404 3731 2,
441 3676 508 3730 Ideo
531 3676 613 3729 etiam
639 3690 671 3728 ac
688 3674 744 3729 fine
766 3691 798 3730 eo
816 3692 865 3745 per
883 3677 1042 3748 conjugium
1061 3679 1120 3734 sive
1145 3679 1255 3734 sublata
1273 3678 1346 3732 enim
1363 3677 1439 3732 verbi
1458 3677 1663 3749 praedicatione
1678 3677 1797 3747 populns
1818 3678 1976 3733 denudatur

291 3764 415 3819 ordinem
426 3760 630 3817 oeconomicum
642 3760 751 3831 generis
760 3760 870 3815 humani
883 3765 1118 3835 propagationem,
1144 3782 1209 3821 vera
1228 3773 1255 3819 et
1273 3765 1387 3819 salutari
1400 3764 1452 3819 Dei
1465 3763 1630 3836 cognitione,
1649 3762 1761 3818 rebellis
1773 3772 1801 3818 et
1813 3765 1974 3821 inobediens

291 3849 439 3904 liberorum
464 3845 668 3918 generationem
692 3852 720 3899 et
745 3845 935 3903 educationem
959 3849 1035 3904 Deus
1058 3851 1119 3907 heri
1143 3850 1175 3905 fit
1192 3851 1254 3906 Deo
1269 3851 1395 3918 creatori,
1411 3850 1571 3905 feriaturus
1584 3856 1675 3904 cessat
1693 3866 1711 3904 a
1728 3849 1821 3904 studio
1839 3851 1974 3906 bonorum

290 3933 393 3998 voluit,
417 3941 449 3988 ut
474 3931 608 3987 eeclesiae
632 3931 740 3985 termini
767 3931 876 4003 longius
900 3945 1119 4007 propagarentur
1144 3955 1256 4008 operum
1273 3945 1301 3993 et
1323 3937 1478 4007 dissipata
1505 3937 1597 3989 instar
1620 3935 1710 3989 onium
1736 3955 1790 3989 non
1817 3937 1974 3993 latentiam

291 4030 320 4076 et
343 4039 377 4075 ex
400 4017 546 4074 seminario
571 4016 617 4072 illo
642 4017 783 4088 plantulae
800 4020 921 4089 paradisi
951 4027 980 4076 et
1008 4023 1118 4080 arbores
1140 4034 1282 4094 pastorem
1303 4023 1385 4078 Marc.
1406 4029 1436 4091 6,
1460 4040 1482 4076 v.
1508 4028 1548 4076 31.
1586 4023 1647 4089 Quo
1670 4023 1791 4093 pertinet
1809 4022 1892 4077 etiam
1910 4042 1974 4095 gra-

289 4108 416 4177 justitiae
433 4107 462 4159 in
480 4105 597 4160 coeleste
615 4102 774 4157 viridarium
793 4105 1012 4164 transferrentur.
1145 4111 1219 4165 datio
1236 4110 1388 4180 apostolica
1399 4107 1477 4163 Rom.
1500 4115 1539 4176 10,
1556 4126 1581 4161 v.
1599 4115 1639 4163 14.
1659 4106 1801 4163 evidenter
1817 4109 1974 4180 ostendens,

328 4200 351 4248 3.
387 4191 568 4246 Commendat
585 4206 650 4244 vero
666 4188 746 4244 nobis
758 4190 830 4245 hanc
843 4193 983 4250 doctrinm
994 4196 1118 4251 eoelestis
1144 4198 1253 4252 sublato
1272 4195 1422 4250 ministerio
1440 4193 1518 4249 verbi
1536 4192 1596 4247 tolli
1614 4192 1705 4259 fidem,
1725 4193 1925 4250 invocationem
1946 4207 1974 4253 et

291 4289 398 4351 partem
418 4278 561 4332 ministerii
578 4277 729 4332 ecclesiasti
755 4285 777 4331 1.
796 4281 960 4348 necessitas,
991 4288 1014 4336 2.
1043 4285 1117 4337 atili·
1143 4283 1260 4338 salntem
1285 4279 1439 4336 bominum.
1475 4282 1498 4333 si
1524 4278 1651 4333 nimirum
1678 4279 1846 4334 ordinarium
1871 4284 1974 4354 agendi

290 4377 351 4432 tas,-
393 4369 418 4420 3.
449 4365 583 4433 dipnitas.
612 4365 771 4418 Necessitas
800 4365 937 4436 dependet
966 4385 998 4421 ex
1025 4369 1119 4424 divina
1144 4370 1255 4425 modum
1279 4367 1415 4438 respicere
1434 4365 1558 4420 velimus.
1595 4363 1764 4430 Notandum,
1785 4371 1877 4423 tamen
1896 4372 1972 4440 quod

291 4452 471 4509 ordinatione.
501 4450 614 4504 Placuit
634 4452 704 4503 enim
723 4456 783 4505 Deo
798 4468 852 4519 per
871 4454 985 4507 stultam
1000 4459 1116 4524 praedi-
1143 4457 1210 4510 baec
1228 4455 1376 4509 necessitas
1399 4468 1454 4506 non
1478 4451 1515 4504 sit
1535 4451 1674 4520 absolata,
1693 4458 1787 4523 posset
1803 4452 1876 4507 enim
1894 4453 1973 4511 Deus

290 4544 426 4596 sationem
451 4538 545 4589 salros
566 4537 664 4599 faeere
687 4539 828 4590 credentes
856 4546 878 4593 1.
904 4535 964 4595 Cor.
989 4552 1014 4609 l,
1031 4560 1055 4595 v.
1076 4549 1115 4599 21.
1143 4539 1298 4594 immediate
1333 4546 1361 4593 et
1393 4536 1609 4592 extraordinarie
1644 4539 1728 4593 etiam
1762 4537 1866 4610 absque
1894 4542 1972 4597 verbi

290 4629 370 4698 enjus
396 4623 522 4683 εὐδοκίας
550 4637 719 4692 consequens
741 4630 783 4676 eat
806 4622 897 4678 effecti
920 4623 994 4679 illius
1018 4630 1115 4683 summi
1143 4625 1346 4697 praedicatione
1388 4632 1416 4678 et
1457 4623 1561 4695 absque
1602 4623 1744 4678 ministerii
1789 4625 1972 4683 ecelesiastici
1995 4660 1998 4665 ·

289 4721 318 4768 et
335 4709 540 4784 pretiosissimi,
557 4708 740 4764 conversionis
754 4708 860 4764 scilieet
871 4717 899 4765 et
916 4711 1013 4766 salutm
1030 4713 1115 4769 homi-
1141 4717 1287 4786 ovrspystq
1304 4711 1426 4764 homines
1446 4713 1605 4763 convertere
1630 4727 1663 4764 ac
1681 4708 1800 4777 salvare;
1817 4711 1865 4767 sed
1884 4712 1973 4784 hypo-

289 4818 355 4854 num
381 4817 398 4853 a
424 4796 628 4869 praedicatione
654 4795 789 4866 evangelii
815 4812 848 4851 ae
864 4798 979 4867 proinde
997 4800 1080 4854 etiam
1098 4819 1116 4856 a
1141 4798 1258 4866 theticst,
1282 4814 1314 4851 ex
1336 4794 1482 4866 hypothesi
1503 4795 1613 4849 divinae
1638 4793 1764 4856 εὐδοκίας
1789 4796 1972 4855 institutionis

289 4885 438 4942 ministerio
468 4882 654 4939 ecclesiastico
685 4882 870 4952 dependentia
905 4892 933 4938 et
962 4887 1115 4942 necessaria
1141 4893 1223 4956 atque
1243 4882 1422 4937 ordinationis
1446 4881 1525 4936 unice
1546 4882 1712 4952 dependens.

290 4974 430 5043 utriusque
450 4969 589 5026 connexio.
624 4965 704 5022 Rom.
725 4974 769 5035 10,
794 4986 818 5023 v.
840 4976 882 5023 tt:
900 4969 1053 5031 .Quornodo
1074 4973 1113 5026 in-
1175 4977 1199 5024 t.
1240 4969 1352 5022 Utilitas
1378 4966 1520 5021 ministerii
1545 4966 1635 5021 elucet
1658 4980 1691 5020 ex
1724 4968 1970 5036 praestantissimis
1983 4981 2005 5023 2

288 5060 437 5122 vocabant,
455 5059 485 5110 in
504 5072 582 5125 quem
603 5072 658 5107 non
678 5055 880 5108 crediderant?
905 5064 954 5107 aat
976 5061 1113 5125 memorio
1140 5056 1194 5110 illis
1219 5054 1334 5122 effectis,
1361 5070 1432 5125 quae
1458 5052 1595 5107 mediante
1618 5049 1702 5119 ipsius
1727 5069 1811 5123 opera
1834 5071 1852 5108 a
1874 5054 1970 5112 divina

288 5149 400 5201 madent
427 5145 456 5196 in
474 5160 547 5205 cam,
567 5143 601 5192 de
621 5157 675 5208 qao
693 5156 748 5192 non
766 5141 951 5193 audieerant!
974 5151 1023 5194 ant
1048 5161 1114 5212 qno-
1139 5140 1230 5213 gratia
1248 5140 1285 5195 ad
1304 5157 1353 5194 nos
1373 5138 1552 5203 descendunt,
1571 5136 1663 5209 qualia
1675 5142 1741 5192 sunt
1753 5139 1893 5195 hominum
1905 5159 1968 5198 con·

287 5236 370 5287 inodo
395 5231 510 5284 audient
532 5229 591 5282 sine
612 5227 822 5294 praedicante!
847 5223 945 5295 Ephes.
966 5233 994 5289 4,
1019 5245 1044 5283 v.
1067 5234 1111 5283 tl:
1139 5229 1229 5282 versia
1255 5247 1274 5281 a
1297 5226 1416 5280 tenebris
1438 5228 1478 5279 ad
1495 5226 1581 5279 larem
1605 5232 1631 5276 et
1650 5244 1667 5276 a
1681 5232 1819 5296 potestate
1840 5226 1967 5283 Sotanm

288 5321 414 5377 Christus
433 5317 474 5370 ad
491 5316 617 5368 dextram
637 5310 695 5364 Dei
712 5312 864 5365 collocatas
881 5312 960 5365 dedit
979 5314 1113 5367 eeclesiae
1139 5315 1179 5368 ad
1197 5316 1289 5368 Deam
1307 5313 1373 5368 Luc.
1397 5320 1423 5383 l,
1442 5330 1467 5365 v.
1489 5315 1527 5367 16.
1547 5311 1608 5365 Act.
1628 5316 1669 5380 26,
1687 5331 1712 5366 v.
1735 5317 1774 5370 18.
1801 5314 1967 5369 reconcilia·

286 5407 422 5478 quosdam
458 5401 569 5471 quidem
603 5397 759 5466 apostolos,
789 5400 924 5465 quosdam
949 5374 1177 5467 prophetas,itio
1196 5416 1257 5453 cam
1268 5401 1331 5453 Deo
1352 5402 1375 5453 2.
1389 5392 1450 5453 Gor.
1471 5404 1494 5458 5,
1513 5413 1538 5449 v.
1559 5402 1600 5452 til.
1618 5397 1790 5454 illuminatio
1804 5400 1966 5471 spiritualis
