4020 6014
639 371 692 427 DE
711 367 934 429 rimaraum
951 370 1254 434 scoaafflss‘rlco.
1730 390 1791 450 tls

94 533 154 581 oute
183 526 291 581 ebriati
313 528 463 580 aduentum
488 528 599 580 eosdem
621 542 702 596 repes
730 535 757 581 et
776 528 926 598 pontifices
957 534 1022 579 sunt
1042 543 1104 596 pua
1120 536 1146 582 et
1166 529 1279 599 bellum,
1307 548 1392 600 quam
1412 533 1484 588 baua
1503 535 1673 603 temporalia
1692 543 1718 590 et
1734 537 1791 608 spi·

91 615 188 677 lause,
206 615 259 666 sed
277 613 418 668 Christum
435 629 528 666 oerum
547 630 639 682 repom
657 621 685 667 et
696 615 859 683 pontificem
872 615 927 666 isto
954 614 1085 682 ritualia,
1108 622 1138 667 at
1156 633 1226 668 uuus
1244 623 1271 669 et
1287 617 1362 670 idem
1381 635 1431 672 rec
1449 619 1535 674 simul
1549 629 1642 690 potest
1654 638 1790 691 praeesse

93 699 257 753 Mmisse.
293 697 362 751 Cium
397 700 439 752 ad
469 715 563 752 uerum
594 707 702 752 omnem
732 707 772 753 est
805 699 926 771 (inquit),
954 701 1066 752 senatui
1092 709 1120 753 et
1150 703 1299 772 meroitui,
1334 705 1437 772 topatio
1474 713 1499 760 et
1531 707 1657 762 arcuatia.
1708 711 1789 778 Erpa

91 786 166 838 ulma
187 786 244 838 sibi
265 800 316 837 uec
334 785 489 854 imperotor-
507 785 577 852 jura
591 786 776 854 pontificatus
793 786 925 855 arripuit,
953 785 1040 838 multo
1065 785 1157 855 maqis
1179 805 1251 840 unus
1270 806 1405 857 proeesse
1426 799 1521 859 potest
1537 793 1567 845 iu
1586 795 1789 861 temporalibus
1801 795 1862 839 1111.
1873 796 1917 840 il&

91 888 139 926 neo
154 871 288 940 pontifex
308 887 407 923 nomen
425 871 639 939 imperatorium
656 871 817 940 usurpauit,
841 888 925 940 quoa-
952 878 979 923 et
997 873 1195 940 spiritualibus
1212 875 1302 928 rebus
1337 875 1564 948 Respondemus:
1585 878 1722 950 Principis
1741 897 1788 952 po-

91 958 146 1010 ium
172 956 248 1009 idem
272 955 413 1009 mediator
440 957 498 1009 Dei
520 964 547 1009 et
571 957 713 1010 bominum
738 957 819 1010 bomo
845 957 925 1011 otri·
952 956 1020 1011 litioi
1046 957 1168 1012 officium
1187 962 1230 1013 est
1246 967 1275 1014 et
1291 961 1368 1031 pacis
1387 967 1416 1016 at
1432 962 1500 1018 balli
1517 953 1643 1034 tempore
1662 964 1788 1020 subditos

90 1050 148 1097 stus
165 1042 251 1095 Jecur
264 1040 397 1110 propriis
416 1041 523 1095 actibus
543 1050 569 1094 ct
586 1043 773 1110 dipuitotibue
785 1043 925 1097 ds'stiactis
952 1043 1039 1111 tueri,
1060 1043 1185 1115 gladium
1203 1050 1299 1100 contra
1317 1046 1473 1103 turbatores
1492 1048 1631 1106 humanae
1647 1051 1789 1107 societatis

91 1129 189 1197 officio
215 1126 361 1196 utriusque
382 1130 533 1196 potcstatis
556 1130 689 1182 discrevit
715 1135 767 1184 etc.
805 1145 829 1184 c.
854 1128 923 1185 Cum
952 1128 1088 1199 stringere
1105 1135 1173 1195 etc,
1203 1131 1251 1186 sed
1275 1132 1327 1186 hoc
1345 1132 1470 1188 ministro
1489 1134 1623 1190 ecclesiae
1642 1154 1697 1191 non
1715 1153 1787 1192 com·

89 1215 238 1269 adrerum.
250 1218 300 1268 otc.
315 1212 377 1268 dist
388 1219 431 1269 96.
461 1213 572 1269 aliine
588 1215 687 1269 Petrus
696 1200 923 1287 Anguitbiorla.
951 1215 1036 1284 petit,
1077 1220 1109 1269 ut
1147 1216 1227 1270 simul
1264 1217 1387 1288 regimen
1424 1219 1568 1289 politicum
1602 1221 1786 1278 administret

89 1306 158 1372 part
179 1305 200 1356 1.
221 1316 292 1369 emp.
308 1298 380 1369 juris
400 1299 441 1354 tit
461 1305 484 1356 2.
503 1301 532 1358 ff.
552 1318 597 1373 qu.
618 1308 643 1357 4.
664 1319 736 1356 num.
758 1306 798 1358 13.
816 1300 924 1370 scribit,
950 1299 1046 1354 Tertia
1065 1301 1150 1356 ratio:
1169 1305 1266 1357 Potest
1278 1321 1411 1358 unmree
1426 1306 1786 1375 puberuaredieerubsimo

89 1389 117 1440 in
145 1387 207 1454 ispe
241 1393 360 1438 naturae
391 1385 481 1444 ruisse
512 1387 753 1455 primopeuiturae
785 1403 922 1440 auuemsm
950 1403 1050 1453 reque,
1076 1404 1147 1456 qssac
1172 1389 1298 1443 dioerms
1314 1408 1420 1460 mores,
1438 1393 1521 1461 lepm,
1539 1392 1611 1445 ritus
1629 1401 1655 1446 et
1673 1410 1786 1448 cousue-

88 1473 275 1527 sacerdotium
298 1479 365 1525 teste
380 1472 552 1540 Hieronymo
570 1475 601 1526 iu
624 1490 669 1542 qq.
690 1474 792 1539 Helm,
821 1475 872 1526 sed
890 1489 923 1525 ea
950 1473 1059 1525 tudines
1077 1473 1178 1527 babeat
1195 1483 1222 1528 et
1235 1483 1330 1545 potest
1346 1493 1418 1529 unus
1438 1477 1584 1546 epiecopus
1601 1494 1698 1547 repere
1717 1480 1786 1548 plu·

88 1562 138 1614 boo
162 1577 220 1613 uou
244 1560 345 1611 debere
368 1559 441 1611 sumi
465 1568 659 1629 arpumentum
682 1563 724 1614 ad
745 1562 834 1629 lepem
858 1577 921 1629 pro·
948 1555 1037 1609 rimas
1068 1560 1209 1613 ecclesias.
1246 1561 1326 1630 Erpo
1355 1563 1439 1615 etiam
1464 1563 1572 1631 poterit
1599 1581 1673 1616 unua
1702 1565 1784 1620 bomo

87 1646 157 1711 trae,
184 1647 215 1698 iu
241 1662 297 1714 qua
322 1645 512 1699 sacerdotium
538 1653 580 1699 eat
602 1663 621 1698 a
645 1663 731 1714 repuo
751 1652 920 1716 reparatum.
949 1659 1046 1710 repere
1073 1662 1158 1698 uuum
1185 1646 1379 1715 episcopatum
1406 1655 1432 1701 ct
1464 1665 1550 1702 unum
1578 1649 1781 1721 principatum.

87 1730 271 1785 Interdictum
296 1730 383 1802 igitur
401 1748 472 1786 noro
489 1736 656 1787 testamento
675 1730 822 1793 ministris,
846 1729 922 1800 quod
949 1727 1173 1798 Respondemus:
1207 1733 1286 1796 Quae
1303 1733 1421 1788 invicem
1441 1740 1650 1804 comparantur,
1681 1735 1785 1791 debent

86 1817 114 1870 in
143 1815 230 1869 veteri
259 1821 425 1871 testamento
451 1815 645 1872 sacerdotibus
675 1816 729 1871 fuit
754 1831 921 1870 concessum.
949 1812 1051 1869 babere
1078 1832 1163 1870 uuum
1192 1817 1352 1887 subjectum
1375 1819 1507 1874 δεκτικόν.
1542 1819 1589 1875 Sic
1608 1827 1662 1874 duo
1681 1821 1783 1892 princi·

87 1908 111 1957 3.
131 1902 165 1955 In
184 1900 387 1955 Melchisedeco
412 1901 466 1956 fuit
489 1902 541 1956 hoc
560 1903 714 1974 singulare,
742 1900 829 1973 gessit
848 1901 920 1954 enim
949 1905 1031 1969 patus
1055 1900 1091 1954 ab
1114 1918 1170 1956 uno
1187 1901 1339 1973 'gubernari
1358 1909 1489 1973 possunt,
1519 1904 1586 1976 quia
1604 1922 1677 1960 unus
1695 1923 1783 1977 capax
1852 1973 1853 1976 Ἴ

86 1995 184 2059 typum
211 1986 314 2042 Christi
343 1985 417 2057 regis
449 1994 478 2041 et
506 1989 645 2058 pontificis
674 1989 777 2053 nostri,
806 1987 854 2059 qui
885 1986 921 2039 ad
948 1991 990 2039 est
1008 1985 1124 2041 duorum
1146 1987 1367 2058 principatuum,
1387 1990 1436 2043 sed
1457 1989 1639 2044 ministerium
1654 1993 1783 2048 ecclesia³
1837 2050 1839 2057 ,

85 2073 225 2145 apostolos
242 2079 270 2126 et
287 2071 409 2142 ipsorum
428 2072 457 2126 in
476 2072 629 2129 ministerio
647 2089 818 2129 successores
837 2073 920 2129 dixit:
948 2071 1047 2126 sticum
1066 2079 1094 2127 et
1114 2073 1287 2143 principatus
1308 2074 1436 2144 politicus
1461 2075 1543 2129 simul
1561 2092 1616 2129 non
1635 2084 1728 2146 potest
1745 2077 1782 2133 ab

90 2162 144 2214 Vos
163 2168 254 2213 autem
272 2175 328 2212 nos
344 2159 395 2215 sic.
432 2166 455 2214 t.
471 2159 608 2230 Tempore
620 2160 841 2232 patriarcharum
853 2174 919 2213 nou·
947 2173 1002 2211 uuo
1021 2157 1222 2227 administrari,
1250 2160 1318 2230 quia
1343 2177 1415 2214 unus
1434 2166 1551 2215 nonest
1572 2162 1716 2233 utriusque
1737 2180 1782 2219 oa·

85 2247 151 2300 dum
173 2244 325 2299 constituta
350 2251 410 2299 erat
435 2245 574 2300 ordinaria
593 2245 739 2301 ministerii
757 2262 789 2300 ao
808 2245 919 2316 reguni-
945 2259 1000 2312 pax
1023 2260 1057 2297 ac
1082 2245 1153 2298 ratio
1178 2244 1426 2299 administrationis
1445 2246 1474 2299 iu
1496 2253 1614 2318 utroque
1633 2249 1781 2318 plurimam

84 2333 127 2387 uis
146 2329 252 2401 politici
270 2329 374 2397 forma,
402 2330 452 2384 sed
477 2329 597 2401 quilibet
618 2331 647 2384 in
671 2346 723 2385 sua
745 2330 852 2385 familia
869 2347 917 2401 pa·
945 2329 1050 2396 varim,
1076 2346 1128 2385 nec
1151 2336 1195 2385 est
1213 2332 1310 2396 unius,
1337 2333 1386 2386 sed
1405 2332 1508 2387 diversi
1526 2335 1645 2404 genens
1680 2336 1781 2408 Regna

83 2419 167 2473 trium
186 2415 333 2472 exercebat
351 2416 507 2486 imperium.
546 2424 571 2472 5.
591 2417 669 2488 Lege
688 2416 783 2471 divina
801 2434 917 2488 regnum
945 2414 1176 2470 administrantur
1200 2417 1227 2470 ri
1254 2423 1367 2472 externa
1387 2424 1415 2473 et
1432 2418 1526 2489 gladio
1543 2421 1692 2490 corporali,
1716 2423 1781 2478 ideo

82 2504 272 2558 Hebraeorum
302 2503 474 2573 assignatum
497 2502 552 2584 fuit
576 2502 662 2557 tribui
687 2502 795 2569 ludeo,
827 2519 917 2558 sacer·
944 2514 992 2553 rex
1020 2515 1072 2570 per
1097 2518 1162 2555 suos
1190 2500 1289 2566 duem,
1319 2502 1471 2573 principes,
1501 2505 1657 2574 praefectos
1688 2512 1782 2576 potest

82 2589 189 2644 dotium
213 2605 279 2643 vero
306 2587 393 2642 tribui
419 2586 568 2643 Leviticae.
614 2586 755 2658 losepbus
783 2596 811 2643 et
837 2588 917 2645 Nice·
944 2585 1019 2639 varia
1036 2601 1124 2657 regua
1141 2586 1354 2656 administrare'3
1373 2588 1422 2642 sed
1442 2589 1560 2644 ecclesia
1572 2591 1678 2663 regitur
1686 2592 1780 2662 verbo,

80 2676 184 2747 phorus
211 2679 356 2729 recensent
377 2674 536 2746 catalogum
560 2672 721 2744 pontificum
744 2673 916 2729 ludaeorum
944 2671 1037 2743 gladio
1057 2672 1164 2727 scilicet
1183 2673 1305 2743 spiritus,
1322 2689 1357 2726 ac
1375 2673 1491 2744 proinde
1509 2675 1588 2730 verbi
1606 2677 1780 2747 praedicatio

81 2763 116 2816 ab
135 2760 247 2814 Aarone
264 2773 354 2830 usque
372 2759 408 2814 ad
426 2758 726 2831 Hierosolymitanum,
755 2760 828 2814 inter
846 2776 916 2831 quos
943 2756 1080 2812 incumbit
1105 2757 1159 2823 illi,
1188 2759 1237 2830 qui
1255 2758 1436 2813 ministerium
1454 2761 1673 2816 ecclesiasticum
1692 2763 1778 2818 admi-

81 2847 151 2902 nulli
168 2847 247 2902 fuero
265 2846 348 2900 simul
365 2861 453 2917 reges.
489 2851 514 2900 6.
536 2844 668 2910 Quamvis
687 2845 839 2911 fateamur,
862 2847 915 2900 La·
942 2843 1060 2898 nistrare
1083 2844 1168 2913 cupit
1204 2842 1310 2908 Quarta
1333 2843 1421 2900 ratio:
1453 2845 1509 2907 Qui
1526 2848 1700 2901 donaverunt
1718 2850 1779 2920 epi·

81 2933 194 2987 riticum
211 2932 396 2987 sacerdotium
415 2931 443 2985 iu
456 2930 490 2988 V.
502 2929 537 2987 T.
558 2930 664 3002 aliquid
680 2930 787 3002 politici
799 2932 915 2987 mixtum
942 2945 1026 2998 scopo
1052 2930 1182 2983 Romauo
1211 2929 1334 2998 aliisque
1358 2931 1499 3000 eps'scopis
1512 2933 1695 3004 principatus
1713 2941 1778 2988 tem·

80 3018 225 3081 habuisse,
257 3017 286 3071 id
315 3023 408 3072 tamen
434 3017 463 3070 in
490 3017 525 3073 N.
553 3016 588 3075 T.
613 3021 728 3088 propter
755 3031 915 3087 expressum
940 3016 1071 3085 poralea,
1089 3017 1214 3085 suerunt
1236 3017 1283 3085 pii
1303 3017 1427 3071 homiues
1453 3025 1478 3071 et
1499 3027 1620 3088 propter
1638 3021 1708 3074 illas
1727 3023 1776 3076 do·

80 3103 184 3160 Christi
210 3102 386 3156 interdictum
411 3119 466 3157 non
491 3101 576 3157 debet
598 3102 670 3157 trabi
695 3102 724 3156 in
749 3101 914 3172 exemplum.
941 3106 1070 3156 nationes
1106 3102 1280 3172 madantum
1314 3104 1364 3172 qui
1396 3120 1443 3158 sos
1472 3114 1649 3174 receperunt,
1678 3107 1777 3161 maces

15 3208 17 3212 ·
81 3189 154 3246 Olim
177 3187 250 3242 enim
276 3186 336 3242 sola
363 3185 452 3241 tribus
478 3187 604 3242 Levitico
623 3188 778 3244 sacerdotio
796 3187 850 3241 luit
867 3187 914 3242 de·
941 3189 1070 3257 plerique
1090 3189 1207 3251 fueruat
1228 3189 1301 3244 boui.
1337 3187 1563 3258 Respondemus:
1588 3197 1608 3247 t.
1625 3191 1718 3246 Etiam
1736 3191 1778 3263 pii

80 3276 198 3343 sunau,
223 3273 298 3344 quod
322 3273 383 3343 ipso
408 3273 593 3327 Bellarminus
617 3274 744 3345 agnoscit
769 3273 797 3327 in
821 3272 855 3329 N.
879 3272 912 3327 Τ.
941 3273 1067 3328 homines
1086 3273 1254 3345 quandoque
1270 3290 1304 3328 ex
1320 3272 1480 3328 infirmitate
1498 3284 1624 3345 peccant.
1655 3276 1777 3331 Intentio

79 3379 134 3417 non
152 3358 270 3430 amplius
292 3359 425 3428 obtinere,
442 3359 490 3415 lib.
505 3361 541 3414 de
550 3360 658 3414 clericis
672 3377 696 3416 c.
709 3366 735 3416 6.
768 3359 914 3429 l.Moyses
942 3377 1036 3415 eorum
1055 3359 1109 3414 fuit
1128 3359 1254 3413 fortassis
1270 3358 1356 3427 bona,
1384 3359 1432 3414 sed
1452 3367 1567 3414 eventus
1587 3361 1694 3426 docuit,
1715 3360 1777 3418 Deo

79 3445 213 3519 peculiari
237 3451 266 3499 ot
287 3460 417 3514 expresso
446 3445 499 3499 Dei
524 3446 656 3500 mandato
681 3445 803 3517 aliquam
824 3462 913 3500 sacer-
941 3462 997 3499 uon
1019 3445 1146 3517 probari,
1171 3451 1203 3498 ut
1223 3460 1257 3498 ea
1275 3443 1494 3513 confundantur,
1522 3461 1594 3516 quae
1612 3445 1672 3516 ipse
1689 3446 1777 3502 voluit

81 3530 180 3588 dotalis
205 3530 327 3585 muneris
351 3536 459 3599 partem
486 3531 522 3584 ad
542 3537 652 3602 tempus
670 3533 814 3595 sustinuit,
839 3536 913 3601 post
942 3547 1003 3586 esse
1026 3529 1168 3586 distiuma.
1206 3536 1229 3584 t.
1251 3529 1306 3593 Qui
1326 3530 1498 3600 principatus
1522 3530 1584 3584 illos
1601 3540 1776 3603 receperunt,

79 3634 162 3689 quam
187 3632 253 3671 vero
278 3615 419 3670 ordinaria
441 3616 589 3670 sacerdotii
612 3614 731 3671 Levitici
754 3616 843 3671 forma
861 3616 915 3671 fuit
941 3634 997 3670 non
1015 3616 1093 3670 fuere
1112 3631 1206 3670 omnes
1227 3615 1339 3685 optimi,
1357 3616 1432 3669 unde
1450 3615 1636 3672 Ballarminus
1655 3618 1716 3689 ipse
1735 3618 1775 3673 di·

79 3703 243 3771 constituta,
268 3702 379 3756 civilem
401 3701 632 3772 gubernationem
652 3702 705 3757 sibi
724 3703 851 3770 rennuit,
871 3719 913 3757 sa·
940 3703 992 3771 cit,
1023 3701 1174 3771 plerosque
1202 3702 1325 3771 ipsorum
1353 3701 1472 3771 optimos
1505 3701 1599 3758 fuisse
1644 3711 1669 3761 3.
1696 3705 1775 3778 Papa

80 3788 233 3844 cerdatium
256 3787 336 3842 fratri
360 3787 468 3843 detulit.
504 3793 528 3844 8.
546 3787 612 3844 Heli
636 3795 664 3844 et
683 3788 911 3843 Maccahaeorum
939 3788 1065 3858 possidet
1090 3786 1223 3857 plurima,
1259 3804 1331 3858 quae
1358 3804 1413 3842 nou
1444 3787 1530 3844 babet
1555 3806 1589 3845 ex
1615 3790 1772 3851 donatione.
1864 3863 1865 3867 Ἰ

78 3874 204 3945 exempla
227 3881 293 3928 sunt
316 3873 545 3942 extraordinaria,
571 3874 638 3944 quia
655 3873 832 3944 perturbatus
853 3880 912 3927 erat
939 3879 964 3928 4.
983 3873 1098 3942 Missae,
1124 3871 1328 3943 indulgentiae,
1351 3874 1544 3944 purgatorium
1561 3880 1626 3931 suut
1643 3883 1699 3931 tres
1717 3878 1773 3947 pri·

77 3960 247 4032 reipublicae
271 3966 368 4014 status.
409 3966 432 4016 9.
452 3959 544 4024 Quare
567 3978 621 4015 uon
646 3961 837 4030 producuntur
863 3959 911 4014 ho·
938 3959 1141 4027 mariifontss,
1161 3958 1316 4030 exquibus
1334 3959 1497 4030 amplissimi
1514 3962 1555 4016 illi
1574 3963 1680 4018 reditus
1692 3980 1771 4034 prae-

77 4063 212 4119 mogonea
230 4045 355 4114 exempla
373 4043 483 4114 Christi,
502 4044 689 4115 apostolorum
709 4053 737 4101 et
754 4045 910 4116 primitivae
937 4044 1056 4100 latorum
1073 4045 1103 4099 in
1123 4062 1210 4115 reguo
1227 4044 1324 4115 papali
1341 4044 1491 4117 profluunt.

77 4133 210 4189 ecclesiae
226 4131 438 4202 episcoporum?
973 4136 1031 4186 320.
1070 4136 1093 4185 3.
1113 4130 1219 4187 Ultimo
1236 4131 1352 4187 adducit
1363 4132 1546 4187 Bellarminus
1564 4135 1770 4204 experientiam.
1783 4151 1803 4195 a
1816 4156 1891 4204 urps·

53 4252 64 4264 ·
111 4225 170 4275 319.
209 4223 230 4273 2.
249 4217 361 4271 Profert
377 4216 505 4271 rationes.
536 4221 560 4272 1.
574 4218 705 4272 Potestas
722 4219 910 4273 acatalectico
938 4219 1005 4271 Etsi
1025 4216 1138 4289 (inquit)
1164 4217 1290 4271 absolute
1319 4218 1396 4279 forte
1420 4226 1595 4290 praestaret,
1624 4207 1875 4289 pmstifices'¹⁸”‘¹⁸‘

21 4311 26 4322 '
76 4315 102 4359 et
120 4305 242 4374 politico
260 4321 317 4356 uon
335 4310 399 4355 sunt
415 4304 592 4373 contrariae,
618 4305 671 4357 sed
689 4312 809 4372 utraque
830 4306 910 4375 boma,
937 4312 1061 4358 tractare
1088 4304 1179 4357 solum
1195 4304 1363 4373 spiritualia
1381 4313 1408 4358 et
1425 4322 1506 4374 repes
1524 4307 1705 4375 temporalia,
1727 4315 1770 4360 to·

76 4399 195 4460 utraque
220 4407 239 4443 o
268 4393 344 4453 Deo,
374 4398 493 4460 utroque
524 4390 682 4444 laudabilis
708 4399 733 4444 et
749 4409 808 4444 uua
826 4392 912 4446 altmi
937 4409 998 4445 meu
1013 4397 1130 4460 propter
1149 4389 1290 4442 malitiam
1305 4397 1457 4459 temporum
1472 4392 1644 4460 superiectio
1657 4393 1770 4456 clamat,

75 4478 170 4541 smum,
189 4493 256 4546 erpo
274 4494 330 4530 nou
342 4485 474 4545 puyuaut
491 4477 564 4530 irater
584 4493 623 4546 se,
641 4494 707 4546 erpo
726 4477 810 4532 simul
827 4478 858 4530 in
876 4495 909 4533 eo
936 4495 992 4531 uon
1008 4477 1099 4530 solum
1119 4475 1242 4544 utiliter,
1268 4477 1424 4530 sedetiam
1444 4479 1600 4531 necessario
1619 4485 1644 4531 ct
1664 4495 1698 4532 eu
1713 4480 1770 4532 siu·

74 4581 130 4616 mro
155 4578 213 4616 esse
234 4554 361 4632 possum.
397 4561 622 4634 Respondemus:
658 4570 680 4620 1.
703 4563 835 4630 Quamvis
860 4581 909 4637 po·
936 4564 1033 4634 pulcri
1064 4562 1123 4615 Dei
1156 4561 1339 4630 providentio
1374 4565 1494 4617 donatos
1522 4565 1615 4627 fuisse
1641 4565 1771 4633 pontifici

75 4652 190 4704 testatos
213 4648 266 4703 bac
289 4647 319 4701 in
345 4665 374 4702 se
394 4665 427 4702 ac
444 4665 495 4719 per
511 4665 541 4704 ss
558 4665 615 4703 uon
632 4649 689 4703 sint
709 4647 825 4704 invicem
845 4666 908 4705 con·
935 4651 1057 4718 atiisquc
1087 4648 1225 4717 episcopia
1252 4649 1422 4716 temporales
1446 4650 1558 4717 aliquos
1579 4650 1769 4720 principatus.

75 4733 189 4797 trariac,
213 4738 306 4788 nmen
326 4740 440 4804 propter
458 4733 561 4789 Christi
580 4733 758 4790 interdictum
776 4734 805 4789 in
822 4736 856 4792 N.
874 4736 909 4794 T.
937 4735 972 4790 Si
992 4733 1062 4788 enim
1088 4735 1118 4787 iu
1143 4733 1299 4788 Gmmania
1317 4735 1444 4806 episcopi
1456 4734 1602 4802 principer
1621 4754 1676 4790 nou
1696 4737 1769 4801 tuis·

76 4836 131 4873 non
155 4818 259 4874 debent
282 4818 318 4873 ab
339 4836 394 4874 uno
412 4819 566 4890 eodemque
584 4819 696 4876 homins
714 4820 910 4878 administrari.
934 4829 1009 4890 nat,
1036 4820 1111 4874 nulli
1137 4822 1178 4873 od
1196 4821 1269 4874 bauo
1288 4821 1363 4873 mem
1380 4821 1411 4874 iu
1430 4820 1489 4872 suis
1506 4820 1620 4873 sedibus
1637 4839 1769 4890 permon-

76 4910 100 4961 2.
123 4904 249 4975 Cumque
278 4903 410 4959 differant
434 4919 519 4957 causa
547 4903 767 4972 instrumentali,
793 4905 913 4963 matous
934 4898 1037 4963 sissem
1061 4912 1114 4960 eto.
1148 4906 1229 4972 Quod
1249 4913 1341 4960 sutem
1361 4922 1483 4960 summus
1501 4906 1625 4975 pontifex
1641 4910 1705 4980 jure
1721 4909 1769 4963 ha·

75 4990 152 5044 circa
181 5006 265 5060 quam
288 4989 346 5045 sive
373 4988 496 5059 objecto,
527 4988 616 5046 forma
647 4998 676 5046 et
699 4991 755 5048 line
777 4993 911 5065 proximo,
932 4982 1001 5051 boat
1027 5010 1089 5049 eum
1117 4993 1316 5064 principatum,
1343 4991 1444 5064 probat
1467 5009 1500 5047 ex
1526 5008 1572 5061 so,
1599 4996 1667 5063 quia
1696 4997 1770 5049 douo

75 5093 130 5130 non
148 5082 264 5142 possunt
284 5074 320 5129 sb
344 5091 399 5129 uno
418 5076 572 5145 eodemque
590 5073 700 5132 homins
722 5078 775 5134 rito
793 5077 910 5134 admini-
934 5080 1096 5150 principum
1129 5079 1223 5148 boba,
1254 5095 1371 5150 quarum
1399 5077 1578 5133 donationum
1610 5081 1771 5134 authentica

75 5161 164 5216 sem.
201 5166 226 5215 e.
244 5161 318 5225 outo
341 5159 521 5230 respondebit
539 5159 738 5229 semmam,
763 5164 787 5218 n
813 5136 1120 5221 cosmimetriam
1145 5162 1214 5217 aare
1237 5162 1342 5217 meae
1361 5168 1478 5218 eratne.
1515 5162 1641 5218 rursm
1661 5163 1770 5219 conoe

75 5247 157 5301 modo
176 5246 237 5317 quis
257 5251 481 5318 argumentetur:
502 5245 709 5314 Coajupimuet
722 5252 911 5305 sacerdotium
937 5249 991 5303 dit:
1022 5249 1148 5303 Etiamsi
1166 5249 1239 5302 uilrs'l
1258 5249 1357 5303 borum
1376 5256 1510 5319 sectaret,
1540 5257 1632 5303 tomen
1659 5251 1770 5303 munde

74 5352 130 5387 uon
153 5342 216 5387 aunt
242 5341 332 5386 motus
356 5333 507 5396 contrarii,
537 5333 589 5385 scd
612 5338 725 5401 uterque
751 5343 792 5389 est
816 5337 911 5405 bouus,
937 5335 1080 5405 sufficeret
1088 5334 1280 5405 praescriptio
1293 5335 1511 5405 octiupsutorum
1524 5352 1670 5391 annorum.
1694 5338 1771 5389 Nom

74 5426 188 5488 uterque
213 5438 232 5472 a
258 5420 336 5486 Deo,
366 5427 481 5488 uterque
504 5417 663 5472 laudabilis
685 5425 712 5471 et
733 5437 804 5474 uuus
827 5423 914 5476 aluei
938 5422 1022 5475 etiam
1048 5437 1138 5490 repra
1161 5428 1186 5474 et
1209 5420 1332 5490 imperia
1347 5438 1402 5490 per
1421 5421 1602 5475 latrocinium
1622 5422 1771 5490 acquisito,

74 5505 174 5572 seruit,
201 5520 268 5574 erpo
292 5523 350 5559 uon
369 5512 500 5575 pequam
524 5505 597 5560 iuter
618 5520 656 5560 se
689 5502 766 5575 Ergo
783 5504 865 5561 simul
881 5507 911 5562 in
937 5509 1050 5562 taudem
1076 5509 1162 5577 leupo
1189 5515 1313 5578 tempore
1335 5509 1412 5578 fluat
1435 5508 1570 5579 lopitima.
1610 5507 1771 5578 Responde·

73 5606 131 5646 uuo
158 5605 220 5646 csse
240 5596 365 5660 possum
401 5588 531 5646 §maudo
554 5590 641 5647 ratio:
673 5589 774 5658 Manis
797 5591 911 5646 duma
937 5609 1014 5650 must
1037 5600 1059 5651 t.
1079 5592 1208 5650 Pontifici
1228 5601 1258 5650 st
1276 5593 1413 5666 episcopis
1432 5594 1534 5649 multos
1548 5593 1721 5666 principatus
1734 5593 1771 5651 ab
