4020 6014
658 212 711 269 DE
726 212 949 271 nmtfflumo
967 212 1268 273 hucmareserce.
1763 224 1801 282 67

96 372 210 429 neside
232 368 360 427 melesii!
378 368 462 426 bodie
484 374 626 441 receptum
644 368 819 438 observasse,
838 375 867 424 et
884 366 944 439 qui·
967 368 1062 435 pitin
1078 371 1256 424 ordinatione
1273 373 1431 425 sacerdotis
1450 372 1557 425 dicens:
1577 371 1693 440 Oportet
1711 378 1804 427 cutem

95 458 173 515 <lem
190 473 249 515 non
264 455 376 529 privato
394 455 524 524 arbitrio,
547 455 597 512 sed
619 455 753 511 ecclcsiae
776 454 945 511 Israelitisss
971 456 1052 509 illum
1070 465 1095 509 et
1113 457 1300 512 testimonium
1311 460 1413 512 isabere
1426 461 1524 511 bonrum
1539 458 1574 510 ab
1592 457 1644 526 bis,
1663 458 1714 527 qui
1727 458 1804 522 forie

91 543 140 599 in
156 542 532 614 attenuationis
550 541 584 599 N.
603 541 636 596 Τ.
658 542 796 612 exemplo,
823 542 853 595 id
871 541 944 612 quod
970 550 1043 596 suut.
1080 542 1242 597 Ambrosius
1270 543 1317 599 lib.
1349 550 1387 599 to.
1414 545 1494 615 epist.
1518 549 1559 599 82.
1598 542 1803 601 vercellensem

95 633 312 688 demonstrasse
332 628 484 684 nobishoc
503 629 564 683 loco
584 627 701 693 sufficit,
729 629 854 699 exempla
871 628 944 682 enim
970 626 1115 683 ecclesiam
1126 628 1259 694 hortatur,
1280 636 1311 684 ut
1322 636 1469 700 parentum
1483 631 1609 700 exempla
1621 636 1753 701 sequatur
1771 647 1805 687 ac

90 717 157 772 ills
177 715 321 773 evidenter
341 715 475 786 probant,
504 722 666 786 perpetuam
689 714 822 770 ecclesiae
848 715 944 786 prarin
969 714 1140 770 sacerdotem
1155 717 1285 786 postulet.
1312 716 1452 786 C'onficior
1465 714 1713 786 (inquitatatimin
1729 716 1803 788 prin-

90 803 203 858 ‹lirina
218 801 384 859 auctoritate
409 800 551 856 suffultam
570 806 599 856 et
616 801 798 872 approbatam
818 817 851 856 ac
867 801 943 855 nullo
970 800 1053 871 cipio)
1073 803 1187 870 dolore,
1214 804 1283 872 quein
1309 804 1428 857 ecclesie
1455 802 1587 870 Domini,
1614 818 1687 871 quae
1710 811 1750 857 est
1773 804 1804 858 in

88 889 246 945 <ernado
258 887 384 958 exemplo
396 887 555 950 refutatam,
575 886 666 959 qualis
684 887 855 942 consuetudo
873 887 943 959 legis
969 888 1059 956 vobis,
1088 892 1263 942 sacerdotem
1285 891 1377 943 adime
1404 907 1460 942 non
1488 888 1571 941 lsabst
1601 895 1653 942 etc.
1682 897 1709 944 et
1734 889 1805 944 meisi

90 977 195 1032 instar
219 974 317 1031 merito
343 973 471 1033 habetur.
505 974 570 1029 Duo
599 979 692 1029 autem
717 992 750 1029 ex
775 973 943 1029 Bellarmino
970 973 1133 1028 inscribitur
1150 983 1244 1028 uestra
1257 976 1381 1044 intentio,
1390 993 1460 1045 quae
1474 977 1557 1045 affert
1568 975 1802 1044 impedimentum.

89 1061 152 1117 liic
171 1061 252 1117 lubet
270 1077 410 1132 quaerere.
445 1060 540 1115 Primo
563 1076 626 1114 cum
651 1076 802 1132 agnoscere
820 1066 943 1130 cogatur,
970 1061 1045 1113 Nem
1063 1078 1124 1114 cum
1142 1062 1244 1114 sintin
1263 1062 1338 1114 uobis
1358 1063 1558 1127 dissensiones,
1583 1062 1722 1130 quomodo
1736 1079 1802 1131 pos·

93 1147 241 1218 (lypriani
260 1152 384 1218 tempore
401 1163 505 1202 morem
525 1146 675 1202 adhibendi
695 1147 829 1219 suffragia
846 1148 942 1218 populi
969 1165 1063 1200 sumus
1083 1148 1196 1216 aliquid
1215 1156 1264 1201 out
1284 1166 1334 1202 nos
1358 1150 1518 1216 decernere,
1548 1155 1596 1200 aut
1619 1165 1668 1200 uos
1690 1147 1801 1218 stipere,

94 1233 138 1287 in
161 1232 295 1289 electione
320 1232 496 1288 mendorum
524 1232 610 1288 fuisse
639 1234 772 1287 usitatum
799 1242 827 1288 et
855 1250 943 1304 paene
969 1241 1017 1286 are
1038 1234 1193 1302 quidquam
1210 1235 1397 1303 acquiescere,
1424 1241 1453 1286 nt
1472 1234 1724 1287 interdissidentss
1741 1252 1801 1289 sus·

95 1317 306 1387 amirsrsalem‚
338 1335 388 1373 cur
407 1315 436 1393 ξ.
460 1336 517 1390 seq.
537 1317 656 1382 scribat,
675 1328 804 1388 ,tempore
822 1321 945 1374 Nieoeni
969 1319 1057 1388 cipiet
1076 1321 1127 1373 hoc
1146 1338 1252 1387 mrsnus,
1271 1323 1347 1388 quod
1366 1321 1439 1374 inter
1452 1319 1640 1373 corseenientes
1657 1321 1703 1374 ote
1720 1321 1801 1375 nesti·

95 1406 224 1460 concilii
240 1404 363 1474 coepisse
383 1406 616 1472 comnetudinem,
634 1413 663 1458 ut
677 1408 802 1475 populus
813 1408 944 1461 electioni
968 1409 1090 1459 nentur!
1119 1408 1199 1460 Haec
1225 1416 1265 1460 est
1290 1407 1344 1460 illo
1363 1407 1535 1472 confessoris
1553 1406 1706 1475 institutio,
1734 1408 1803 1463 nass

96 1493 333 1545 admisceretur?
357 1508 420 1546 cum
437 1497 530 1546 tamen
550 1490 706 1562 Cyprianus
729 1501 840 1548 centnm
856 1509 942 1547 annos
962 1494 1106 1560 justorum
1131 1494 1238 1547 soboles
1257 1502 1390 1562 patrum,
1418 1495 1468 1562 qui
1492 1500 1618 1545 sanctum
1642 1493 1802 1559 Eusebium,

96 1585 172 1632 ante
190 1576 348 1634 Nicaenum
365 1576 512 1632 concilium
536 1577 606 1631 haec
624 1577 771 1647 scripserit.
815 1578 942 1634 Secundo
955 1650 956 1655 ἵ
968 1595 1046 1647 quem
1065 1598 1207 1648 nunquam
1225 1588 1289 1632 ante
1305 1587 1498 1647 coenaverunt,
1516 1580 1683 1649 posthabitis
1699 1581 1803 1635 ciuibus

92 1681 157 1718 cur
180 1663 261 1735 praxi
287 1662 421 1719 ecclesiae
445 1663 473 1716 in
497 1663 564 1734 ipsis
591 1663 741 1734 Scripturis
771 1658 957 1736 approbataei
969 1667 1053 1719 amul
1072 1674 1101 1719 nt
1119 1666 1249 1719 uiderunt
1266 1672 1292 1719 et
1305 1667 1508 1734 probauerunt,
1534 1673 1694 1743 uentumque
1718 1665 1802 1720 inter·

87 1752 163 1803 tarn
184 1765 283 1820 parum
301 1747 432 1804 hocloco
450 1748 570 1818 tribuat,
595 1766 658 1804 cum
682 1750 748 1806 alibi
771 1751 834 1821 plus
855 1751 941 1824 nimio
966 1753 1033 1821 fuit,
1050 1760 1080 1806 ut
1095 1753 1282 1821 probaretur,
1309 1761 1442 1821 quantum
1460 1761 1489 1805 ut
1505 1754 1669 1806 videretur!
1696 1752 1802 1807 Merito

87 1835 224 1891 eandem
243 1835 381 1890 extollat?
403 1835 451 1892 Sic
474 1835 547 1891 enirn
571 1837 668 1892 scribit
686 1837 735 1892 lib.
757 1844 779 1892 1.
797 1839 831 1892 de
851 1855 941 1892 sacra·
967 1839 1011 1892 eir
1028 1846 1122 1892 tantm
1141 1840 1237 1902 euasit,
1256 1857 1336 1907 quem
1355 1840 1443 1892 omnis
1458 1840 1541 1908 clepit
1559 1840 1685 1906 ecclesia,
1704 1838 1802 1894 merito

88 1920 204 1976 tuentis
217 1921 247 1975 in
264 1937 367 1992 genere
378 1937 403 1978 c.
422 1927 463 1977 26.
478 1918 505 1996 ξ.
519 1921 561 1975 Ex
574 1939 629 1994 quo
641 1923 835 1994 intelligimus:
862 1924 941 1977 Vetus
967 1925 1117 1992 creditum,
1146 1927 1223 1993 qnod
1242 1925 1338 1978 diviua
1357 1933 1426 1978 meet
1445 1926 1548 1978 electus
1568 1926 1697 1993 judicio,
1722 1941 1802 1994 quem

85 2008 224 2063 ecclesio
241 2025 275 2063 ee
288 2010 679 2063 eonsuetudineducentorum
696 2010 740 2063 oet
758 2019 940 2064 trecentesimi
967 2029 1060 2065 erisnes
1086 2011 1311 2080 postulavissent.
1356 2012 1488 2065 Conuenit
1523 2012 1611 2079 ipitur
1643 2019 1672 2063 ut
1703 2029 1802 2080 sequa

85 2112 241 2148 annorum
269 2094 427 2163 replicabat
445 2096 541 2148 omnia
565 2097 723 2150 testimonia
747 2095 940 2167 (Scripturas),
967 2097 1038 2150 mini
1055 2098 1216 2166 esernplum,
1229 2098 1396 2166 praesertim
1413 2115 1474 2150 cum
1495 2088 1627 2149 assueto
1641 2098 1801 2163 corrsesmre

88 2199 177 2249 quiae
198 2181 360 2252 cyprianus
375 2199 437 2235 cum
455 2183 514 2236 suis
526 2184 669 2253 afferebat,
688 2192 713 2237 et
729 2185 835 2237 rnerito.
866 2186 940 2237 Nam
969 2184 1092 2237 Eusebio
1107 2183 1253 2247 institutos,
1273 2191 1350 2236 tanto
1366 2183 1497 2236 meliores
1504 2183 1636 2251 putribus
1649 2199 1706 2235 csse
1719 2200 1800 2251 opor-

87 2285 167 2320 cum
192 2276 298 2322 certum
321 2268 371 2337 sit,
400 2271 627 2323 connectudinem
645 2270 790 2323 uniuersae
809 2271 941 2324 ecelesiae
967 2277 1168 2339 teat,‚quanto
1186 2287 1233 2322 vor
1258 2270 1358 2323 melior
1378 2272 1476 2323 doctor
1494 2269 1614 2321 institnit
1635 2277 1718 2337 atque
1739 2287 1800 2323 cru·

81 2364 267 2425 perpetuam
292 2373 349 2409 non
373 2373 457 2427 posse
484 2375 547 2410 cum
572 2359 655 2410 verbo
683 2358 741 2410 Dei
762 2375 890 2426 pupnare
915 2367 940 2410 et
967 2356 1051 2419 «tint,
1080 2357 1288 2424 modestiaeque
1316 2363 1425 2408 vestroe
1447 2364 1473 2408 et
1500 2355 1668 2408 concordiae
1691 2357 1800 2425 insiqne

88 2443 213 2496 clarior
238 2442 278 2496 sit
304 2444 475 2497 consuetudo
503 2461 588 2512 quum
613 2445 705 2512 speum
732 2445 844 2497 verbnm
875 2444 939 2509 Dei,
967 2443 1057 2507 edere,
1075 2450 1105 2494 ut
1125 2443 1288 2511 conpruatis
1301 2458 1415 2494 assensu
1435 2444 1475 2494 ad
1489 2442 1692 2510 postulandam
1709 2459 1800 2496 sacer·

85 2536 178 2581 rests
194 2528 367 2597 judicabant
393 2528 452 2598 illi,
481 2545 514 2582 ee
540 2530 737 2583 cmwuetudine
751 2530 862 2582 uerbum
883 2531 941 2583 Dei
967 2529 1066 2584 elatem.
1118 2529 1230 2581 Etenim
1256 2529 1282 2581 si
1303 2529 1389 2598 jueta
1417 2528 1598 2582 Dominicam
1627 2529 1801 2596 sententiam,

93 2613 350 2683 interpretandum
379 2631 447 2668 erse.
493 2616 537 2670 Ac
575 2616 622 2672 lib.
659 2622 683 2673 2.
717 2616 752 2670 de
783 2615 938 2687 indulgent,
966 2617 1042 2683 quod
1071 2617 1178 2667 dnobus
1203 2615 1357 2669 conuenerit
1380 2616 1415 2667 de
1439 2613 1514 2666 arani
1538 2629 1583 2675 re,
1611 2631 1801 2684 quaemcunque

89 2706 186 2756 210.
207 2697 235 2775 ξ.
254 2700 312 2755 Sed
327 2700 423 2756 etiarm
453 2701 487 2756 Si
507 2702 580 2755 nihil
603 2702 740 2772 seriptum
759 2711 828 2755 esset
845 2704 880 2755 de
897 2704 938 2755 in·
962 2701 1105 2770 petierint,
1123 2702 1177 2769 fiet,
1194 2700 1292 2770 inquit,
1312 2719 1330 2753 a
1347 2708 1432 2770 petre
1449 2716 1517 2768 meo,
1537 2700 1587 2768 qui
1603 2701 1633 2753 in
1647 2701 1733 2754 coelis
1752 2709 1799 2757 est.

92 2787 273 2857 dulpsntiis,
291 2804 347 2840 non
365 2794 459 2840 tamen
478 2796 654 2858 sequmdur,
672 2789 866 2859 indulqentius
883 2806 939 2843 non
969 2787 1022 2840 Ubi
1039 2788 1112 2840 enim
1137 2796 1199 2840 seint
1225 2789 1281 2841 duo
1306 2788 1351 2842 ecl
1373 2796 1429 2841 tres
1452 2787 1615 2855 conpreqati
1637 2787 1666 2840 in
1689 2789 1801 2843 nomine

92 2874 160 2926 niti
174 2874 232 2928 nisi
238 2874 407 2928 auctoritate
420 2875 567 2928 Romanae
579 2874 720 2938 ecclesias,
732 2883 847 2944 possent
866 2877 939 2929 enim
966 2891 1039 2937 meo,
1072 2875 1112 2927 ibi
1129 2891 1180 2944 epo
1198 2892 1258 2927 suin
1281 2876 1312 2928 in
1335 2875 1427 2928 medio
1445 2890 1558 2938 eorum,·
1585 2882 1689 2942 quarm
1709 2875 1799 2942 mapis

93 2961 159 3013 nti
172 2960 452 3016 metoritatedioina
470 2964 582 3032 capuita
596 2977 652 3030 per
671 2962 851 3017 traditionem
869 2980 938 3031 apo·
966 2962 1014 3014 ubi
1028 2963 1118 3030 plena
1139 2970 1177 3015 est
1204 2963 1234 3015 in
1256 2964 1364 3016 nomine
1386 2961 1507 3015 Domini
1527 2962 1721 3030 conpreqotio,
1752 2964 1801 3017 ubi

94 3048 254 3118 suerum,
284 3067 339 3119 quo
365 3050 449 3103 modo
475 3050 536 3104 alia
563 3069 618 3103 non
640 3068 737 3119 pauca
761 3057 812 3106 etc.
851 3050 937 3123 Atqui
964 3050 1156 3103 seniesmorum
1176 3050 1333 3119 postulatio
1359 3049 1501 3117 conqruit,
1530 3048 1659 3101 dubitare
1680 3067 1728 3102 uos
1751 3066 1796 3102 ne·

96 3129 260 3205 Cyprianus
289 3151 417 3205 expresse
444 3136 556 3203 asserit,
586 3136 660 3191 hune
688 3153 790 3191 morem
816 3137 938 3209 eligendi
964 3153 1105 3204 quaquam
1121 3144 1237 3205 oportet,
1261 3136 1301 3188 ibi
1318 3137 1471 3189 Dominum
1488 3135 1586 3187 Jesrrm
1604 3143 1629 3187 et
1648 3135 1798 3188 rolsrntatis

103 3219 272 3278 descendere
290 3220 326 3276 ab
346 3222 511 3278 auctoritate
537 3222 644 3290 divina,
674 3240 734 3278 esse
760 3225 937 3280 traditionem
965 3229 1105 3276 auctorem
1126 3231 1151 3275 et
1167 3222 1310 3292 petitionis
1328 3222 1467 3274 arbitrum
1483 3223 1550 3285 fors
1568 3229 1594 3273 et
1606 3221 1797 3274 ordinationis
1812 3226 1936 3269 Mltim-

103 3305 224 3362 divinam
242 3314 271 3363 et
287 3307 469 3378 apostolicam
494 3309 723 3366 observationem.
761 3311 835 3381 Ergo
854 3311 937 3365 salvis
961 3309 1122 3378 praesulem
1135 3308 1484 3377 uellorpitorsmqratiae:
1499 3305 1796 3376 Chrysostomusiib.3.

108 3395 160 3449 suis
186 3392 387 3465 hypothesibus
416 3395 599 3450 Bellarminus
630 3413 693 3450 curn
718 3397 865 3466 repudiare
882 3414 937 3451 non
964 3395 999 3449 de
1020 3395 1153 3451 sacerdot.
1174 3394 1277 3464 inquit,
1308 3410 1400 3446 omnes
1423 3393 1570 3446 electiones
1593 3400 1619 3446 st
1638 3394 1797 3446 vocationes

108 3481 212 3545 poterit.
251 3486 275 3536 2.
294 3480 406 3535 Falsum
428 3480 512 3535 etiam
530 3487 586 3548 est,
612 3482 686 3553 quod
705 3483 889 3554 praesentiam
910 3489 938 3538 ct
963 3482 1063 3535 irritas
1076 3481 1157 3551 fieri,
1187 3497 1258 3549 quae
1282 3477 1347 3534 tirso
1368 3483 1436 3534 λαοῦ
1466 3481 1615 3546 συνέσεως,
1650 3479 1710 3532 sine
1733 3497 1796 3533 con·

110 3565 290 3622 tetimonium
326 3566 462 3620 duntaxat
498 3567 654 3638 Cyprianus
688 3568 792 3639 populo
830 3569 936 3633 tribuit,
963 3569 1080 3623 scs-'entia
1097 3576 1122 3621 et
1142 3583 1256 3621 assensu
1271 3567 1381 3635 populi,
1398 3569 1477 3631 irent.
1510 3565 1633 3620 Isidorus
1650 3566 1697 3621 lib.
1719 3573 1743 3621 2.
1763 3568 1797 3621 de

81 3652 214 3723 -quando
237 3651 310 3707 enim
329 3654 462 3723 populum
487 3653 661 3722 dehortatur,
689 3669 724 3708 ne
749 3655 785 3709 ad
803 3655 935 3725 injustum
964 3653 1061 3709 officiis
1088 3654 1155 3708 eccl.
1183 3670 1205 3707 c.
1234 3659 1263 3706 5:
1293 3653 1329 3706 Si
1352 3653 1382 3704 in
1408 3654 1537 3722 plebibus
1563 3653 1799 3722 archipresbyteri

107 3747 132 3793 et
154 3739 284 3794 illicitum
312 3741 461 3810 praepositi
485 3741 528 3795 sui
554 3740 745 3811 episcopatum
775 3742 936 3811 consentiat¹
964 3742 1090 3807 obierint,
1109 3748 1158 3792 aut
1171 3757 1228 3809 pro
1249 3740 1346 3809 aliquo
1363 3748 1444 3793 reatu
1464 3742 1563 3794 eunde
1583 3742 1666 3809 ejecti
1681 3743 1798 3805 fuerint,

106 3826 214 3897 quando
232 3826 326 3897 ipsum
344 3826 412 3882 dicit
437 3828 554 3881 manime
584 3828 687 3882 habero
706 3835 870 3898 poenosum
894 3830 938 3882 vel
964 3828 1182 3881 archidiaconus
1212 3844 1295 3895 quam
1325 3827 1408 3880 citius
1429 3829 1630 3896 proficiscatur
1656 3828 1742 3893 illuc,
1773 3837 1797 3880 et

103 3915 227 3982 stipendi
244 3914 534 3984 dipnossocerdotes,
555 3915 599 3969 ael
624 3915 757 3983 indiqnos
776 3916 937 3986 recensendi,
963 3932 1024 3967 usin
1054 3913 1165 3966 clericis
1203 3921 1228 3966 et
1257 3913 1374 3982 populis
1404 3914 1494 3982 ipsius
1521 3913 1613 3981 plebis
1639 3914 1798 3966 electionem

104 3999 217 4071 qnando
236 4003 345 4054 tantum
363 3999 388 4055 ei
407 3999 518 4070 tribuit,
538 4006 671 4071 quantum
687 4000 817 4056 fidelibus
834 4001 863 4055 in
883 4001 936 4056 ele·
962 4000 1067 4061 faciat,
1096 4008 1233 4067 quatenus
1261 4001 1363 4066 dipnus
1383 4007 1485 4067 pastor
1507 4000 1628 4052 Domini
1652 4001 1711 4052 Dei
1734 4017 1796 4054 con-

100 4086 192 4143 etione
206 4086 386 4141 diaconorum
404 4085 440 4141 ab
455 4088 587 4157 apostolis
598 4086 651 4142 fuit
669 4104 842 4154 eoncessum
862 4094 936 4142 certe
960 4088 1099 4140 stitnatnr.

100 4173 157 4228 tale
186 4172 352 4242 suffragium
377 4172 480 4242 populo
505 4172 651 4243 tribuitur,
678 4191 732 4245 quo
764 4189 819 4228 non
848 4175 937 4228 solum
996 4179 1038 4229 9¹1.
1064 4176 1090 4226 3.
1116 4173 1256 4241 Exempla
1274 4170 1437 4240 primitivae
1457 4171 1591 4223 ecclesiae
1608 4171 1709 4224 adduci
1735 4187 1795 4240 pos·
1809 4179 1929 4241 assun-

98 4258 259 4330 praeposito
278 4275 328 4312 sno
347 4257 490 4330 dignitatis
509 4259 696 4313 testimonium
714 4259 869 4329 perhibere,
888 4261 937 4315 sed
963 4267 1027 4313 sunt
1045 4260 1127 4331 longe
1147 4258 1274 4329 plurima.
1305 4256 1462 4328 Cyprianus
1475 4256 1522 4310 lib.
1545 4263 1565 4311 l.
1587 4258 1666 4326 epist.
1689 4233 1922 4324 t.c11m2¹¹0'{i{:1⁸„

100 4342 129 4401 el
146 4350 238 4400 totum
258 4344 400 4400 electionis
417 4353 511 4399 actum
538 4345 581 4399 vel
609 4349 659 4400 suo
683 4362 819 4401 consensu
837 4363 937 4416 appro·
963 4346 1017 4400 late
1044 4346 1203 4416 probasset,
1231 4344 1340 4414 plebem
1366 4342 1483 4396 maxime
1505 4342 1608 4396 hahere
1633 4350 1797 4413 potestatem
1811 4345 1895 4385 ΝΜ

105 4448 169 4488 aare
196 4431 242 4487 rel
270 4430 397 4486 dissensu
421 4430 555 4501 impedire
577 4432 699 4502 possint,
730 4433 803 4503 quod
822 4439 938 4487 nonest
963 4431 1084 4504 eligendi
1108 4431 1207 4500 dignos
1239 4428 1393 4483 sacerdotes
1420 4429 1463 4483 vel
1488 4429 1618 4499 indignos
1644 4429 1797 4493 recusandi,

112 4518 206 4573 iudum
231 4517 367 4572 duntaxat
391 4517 592 4579 testimonium,
613 4518 670 4573 ¹sed
696 4518 778 4574 etiam
800 4519 937 4588 judicium
963 4516 1123 4589 subjungit:
1150 4518 1211 4570 Hoc
1234 4516 1264 4568 in
1286 4516 1412 4582 calleque
1435 4517 1527 4568 nestri
1547 4515 1698 4569 Sabiniani
1720 4516 1795 4567 ordi·

117 4603 311 4675 tsuffragium
336 4621 386 4674 per
405 4603 549 4677 calculum.
578 4604 713 4676 Origenes
738 4605 830 4660 homil.
856 4612 879 4659 6,
900 4606 936 4659 ad
962 4606 1075 4659 natione
1086 4605 1199 4671 factum
1218 4610 1265 4665 est,
1282 4609 1312 4653 ut
1326 4604 1361 4655 ds
1374 4603 1521 4655 uniuersae
1529 4601 1720 4665 fraternitatis
1737 4604 1796 4665 suf·

146 4695 173 4747 8.
191 4688 282 4746 Levit.
306 4694 334 4744 et
352 4689 454 4744 citatur
481 4707 504 4744 c.
527 4689 608 4744 Licet
627 4696 651 4745 8.
673 4701 778 4762 quaest
802 4699 827 4745 1=
860 4692 937 4745 Licet
955 4691 1059 4759 srapio
1078 4699 1102 4743 et
1121 4691 1155 4742 de
1176 4690 1382 4760 episcoporum,
1410 4689 1459 4757 qni
1478 4687 1684 4756 inpraesentia
1703 4704 1796 4741 convc-

130 4777 241 4831 ominus
264 4778 300 4829 ds
325 4776 518 4830 constituendo
544 4778 675 4847 principe
695 4779 886 4849 praecepisset
912 4787 937 4832 et
962 4785 1061 4831 nerarst
1080 4778 1181 4845 quique
1199 4778 1234 4829 ds
1253 4793 1284 4829 eo
1304 4778 1345 4828 ad
1361 4777 1438 4843 ipsos
1462 4775 1561 4828 literas
1581 4775 1728 4840 fecerant,
1752 4776 1796 4842 jn-

134 4864 236 4934 ·es'sset,
258 4871 351 4918 tomen
368 4863 798 4932 conuocaturetiamspuapoqa.
834 4865 937 4934 Requi·
963 4865 1038 4918 dicio
1067 4863 1245 4933 episcopatus
1277 4862 1304 4913 ei
1333 4862 1501 4925 deferretur.
1546 4858 1738 4914 Nazianzenus
1768 4861 1797 4915 in

141 4971 175 5008 ar
205 4971 272 5021 erpo
303 4953 332 5005 in
365 4954 526 5007 ordinando
552 4954 698 5006 socudote
726 4953 808 5007 etiam
833 4953 938 5022 populi
962 4968 1049 5006 serm
1077 4949 1112 5002 de
1138 4947 1268 5002 laudibus
1292 4945 1438 5001 Athanasii
1465 4944 1562 5008 refert,
1592 4946 1666 5015 quod
1692 4946 1796 5001 electus

147 5042 277 5109 menia,
296 5046 328 5092 ut
343 5041 434 5100 sciunt
453 5055 546 5092 ornnes
563 5047 590 5092 et
610 5039 682 5092 certi
697 5039 768 5103 mut,
791 5041 869 5108 quod
887 5041 938 5108 qui
960 5037 1044 5092 fuerit
1068 5032 1154 5104 pium
1182 5035 1229 5087 roi
1255 5036 1323 5086 λαοῦ
1347 5031 1461 5099 παντός,
1496 5031 1580 5084 totirss
1607 5033 1710 5101 populi
1735 5036 1795 5097 suf-

154 5127 292 5182 estnntior
316 5134 357 5180 est
378 5143 410 5189 ea
434 5126 511 5179 omni
523 5125 647 5195 populo,
673 5124 722 5192 qui
740 5125 863 5194 doctior,
887 5126 938 5194 qni
959 5123 1066 5191 frapio.
1106 5120 1149 5175 De
1173 5120 1256 5176 Petro
1282 5132 1441 5172 successore
1469 5115 1615 5170 Athanasii
1636 5118 1664 5171 in
1691 5119 1794 5188 episco-

158 5212 232 5279 rtior,
248 5212 301 5283 qui
315 5212 345 5264 in
362 5213 439 5266 omni
449 5212 550 5265 virtute
568 5210 741 5273 eminentior,
759 5209 809 5263 ille
821 5211 936 5278 eliqiter
960 5218 1028 5280 patu
1040 5207 1229 5263 Alexandrino
1244 5203 1369 5258 scribunt
1387 5202 1579 5258 Theodorotus
1595 5204 1641 5259 lib.
1664 5211 1688 5260 4.
1700 5204 1793 5258 histor.

165 5299 362 5362 sacedotium,
386 5307 410 5352 et
424 5299 475 5352 hoc
495 5304 641 5350 adestante
663 5295 788 5365 populo,
820 5312 853 5349 ne
879 5315 935 5365 qua
959 5298 1056 5351 eccles.
1082 5312 1105 5350 c.
1128 5302 1169 5350 20.
1197 5301 1225 5349 et
1253 5289 1424 5359 Nicephorus
1447 5288 1493 5344 lib.
1516 5295 1554 5348 11.
1579 5290 1673 5346 histor.
1697 5291 1794 5345 eccles.

170 5389 274 5441 aodrsm
302 5386 436 5439 retractio
464 5385 608 5454 cuiquam,
642 5402 675 5438 ne
700 5384 762 5452 quis
785 5383 935 5452 scrupulus
960 5401 982 5437 c.
1013 5389 1052 5438 20.
1082 5398 1137 5435 non
1164 5383 1246 5450 longe
1273 5395 1290 5431 a
1320 5377 1437 5446 princip.
1468 5379 1544 5446 qnod
1567 5377 1598 5430 in
1616 5378 1794 5445 functionem

175 5475 322 5544 bret,hoc
342 5479 504 5540 astantem,
525 5472 601 5540 quod
618 5477 642 5524 et
661 5470 804 5539 apostolus
822 5470 934 5540 praeci·
962 5469 1116 5521 Athanasii
1147 5465 1326 5533 successerit,
1365 5464 1503 5534 suffraqio
1535 5463 1646 5533 quidem
1669 5464 1793 5532 primum

1425 5565 1463 5621 μ
