4020 6014
679 217 732 274 nn
752 214 1006 274 mantnano
1022 217 1212 277 sammaa.
1697 191 1701 196 ²
1731 228 1790 286 sss

98 370 336 426 aetimasset
356 377 379 427 2.
398 387 466 444 ergo
483 370 552 428 hasa
569 376 703 442 potestas,
722 389 777 443 qua
788 373 934 444 magistra·
959 390 1076 443 pamas,
1094 391 1166 445 guas
1184 375 1265 442 velit,
1283 376 1390 447 irroget
1405 376 1566 431 cantamus
1585 374 1695 431 Christi
1713 391 1794 430 mas·

99 463 144 512 tus
164 457 289 528 gladium
308 459 389 530 gerit,
410 463 439 514 et
457 458 487 512 iu
505 457 674 514 facinorosos
684 458 804 530 stringit,
825 477 881 517 non
901 477 933 517 ex
959 463 1043 531 gello,
1068 471 1141 517 certe
1162 464 1303 533 palmatis
1330 465 1386 518 ista
1412 465 1504 518 amaia
1530 464 1694 534 mperaada
1720 469 1795 530 aaut,

99 544 221 614 quadam
239 544 435 615 permissione,
460 544 609 599 tolerantia
624 550 655 620 et
671 544 860 614 conniventia,
886 545 934 602 sed
960 552 1012 603 sad
1029 567 1067 604 aa
1086 550 1120 603 id
1134 550 1200 617 p'urs
1218 550 1303 603 liccat
1328 549 1516 620 magistratps,
1534 549 1689 618 quaeratur.
1727 549 1795 602 Obs-

98 647 132 685 ex
163 630 368 699 sapientissima
397 629 452 685 Dei
482 629 654 686 ordinatione
683 630 818 702 originem
845 630 931 696 duait.
961 636 1068 690 ditatis
1085 643 1194 690 matam
1211 636 1342 704 injustis
1361 642 1388 689 et
1407 634 1493 690 licitis
1504 636 1588 689 rebus
1600 635 1692 690 locum
1703 635 1794 699 haba,

98 714 245 787 Conjunge
269 733 341 788 quaa
367 717 402 772 de
421 716 475 772 hoc
499 717 561 771 loco
582 716 701 772 diximus
720 717 847 788 superius
867 736 890 773 e.
910 723 934 775 3.
957 709 1024 792 plus
1051 722 1125 777 enim
1147 730 1187 776 est
1209 724 1289 776 Deus
1316 722 1451 776 colendas
1483 739 1568 790 guara
1595 721 1685 790 guinis
1703 722 1792 791 magi-

10 801 84 844 ·163·
98 809 209 861 secti.
229 800 255 878 5.
275 809 316 860 34.
352 805 430 870 Quae
448 805 541 859 omnia
557 805 581 859 si
599 804 685 875 probe
699 805 886 872 observentur,
906 806 934 860 in
959 816 1073 866 stralus
1110 810 1149 863 At
1162 809 1398 877 patiamiastiam
1416 809 1660 877 laisjastissimis.
1684 809 1795 862 Poenas

98 890 206 944 furnum
221 890 325 946 abeunt
351 891 531 947 Photinianae
555 891 705 959 elusiones,
737 892 839 964 quibus
858 899 934 948 tene·
959 898 1075 951 maritae
1093 898 1268 960 tolerandas,
1293 896 1481 950 obedientiam
1504 896 1625 949 decretis
1644 895 1794 963 magistra·

99 975 162 1030 bras
182 976 247 1031 huia
259 977 411 1034 clarissimo
425 979 486 1033 loco
498 977 600 1035 inferre
612 979 771 1034 moliuntur.
792 986 815 1035 1.
829 980 934 1049 dicum,
960 991 1036 1037 trram
1061 984 1264 1048 adhibendam,
1291 997 1370 1036 acmo
1393 988 1486 1048 negat.
1517 980 1577 1035 Sed
1601 998 1674 1034 tuac
1698 982 1734 1034 dc
1753 998 1794 1049 aa,

96 1065 256 1133 apostolam
288 1065 334 1118 hic
366 1084 422 1119 aon
453 1067 608 1120 tradidisse
639 1074 835 1136 praeceptam,
864 1067 936 1136 guid
960 1072 1031 1138 guid
1057 1070 1143 1124 liceat
1169 1068 1352 1138 aragistratui
1379 1066 1540 1122 Christiano
1569 1067 1618 1119 suh
1649 1067 1793 1134 aaarrgels'o

96 1152 277 1219 magistratus
288 1153 387 1215 facere
406 1153 519 1216 debeat,
537 1155 590 1206 sed
608 1153 766 1224 seposuisse
785 1155 933 1223 dumasat,
958 1173 1050 1210 sermo
1081 1163 1130 1212 est.
1165 1157 1263 1210 Potest
1292 1162 1384 1208 autem
1400 1154 1481 1208 homo
1509 1153 1687 1210 Christianus
1709 1154 1794 1219 farre

96 1239 168 1307 guid
184 1238 368 1305 magistratus
383 1240 482 1302 facere
502 1239 601 1293 soleat.
638 1239 791 1294 Ostorodus
815 1239 844 1294 in
866 1240 931 1296 inst.
955 1260 1064 1313 poenas
1082 1251 1107 1295 at
1129 1243 1242 1300 obedire
1262 1243 1373 1295 decreto
1390 1240 1589 1308 magistratus,
1607 1239 1674 1293 lieet
1692 1257 1796 1306 magma

96 1342 158 1395 cap.
181 1329 221 1380 18.
240 1341 305 1395 pag.
327 1330 388 1381 186:
419 1327 528 1395 titulus
556 1327 602 1395 but
641 1326 745 1395 baltlbft
774 1326 827 1381 ltin
846 1325 933 1382 (heloi
958 1331 995 1383 sit
1013 1330 1044 1383 ia
1062 1345 1094 1382 eo
1112 1328 1222 1397 injuria
1240 1336 1267 1381 et
1291 1327 1441 1394 injustitia.
1476 1325 1700 1395 Respondemus:
1732 1342 1796 1380 oon·

97 1409 216 1479 gegeben,
243 1411 351 1478 lunbtrt
372 1426 424 1466 aut
452 1412 533 1466 allelu
559 1413 644 1467 tttstl
671 1423 723 1468 batt
743 1413 785 1468 bet
802 1410 933 1479 attigisti
958 1415 1097 1482 cedimus,
1115 1414 1289 1484 magistratui
1310 1430 1365 1467 non
1385 1411 1483 1477 licere,
1507 1429 1576 1482 quas
1595 1411 1669 1477 velit,
1691 1429 1794 1482 poenas

97 1496 244 1566 iatgtnttttt
270 1496 419 1565 altisssimi.
455 1496 511 1552 Sed
534 1496 653 1565 axillis,
683 1513 755 1568 quae
774 1498 803 1552 in
821 1513 932 1567 praeee-
958 1501 1087 1571 irrogare,
1105 1500 1153 1556 sed
1167 1499 1302 1555 rationem
1319 1498 1477 1553 habendam
1497 1499 1590 1568 legum
1604 1497 1726 1566 Christi;
1744 1498 1793 1553 scd

98 1583 228 1638 dentibus
248 1583 422 1647 adduximus,
440 1590 569 1639 accurate
588 1583 741 1639 observatis
760 1584 865 1656 liquido
884 1600 932 1654 ag
959 1587 1142 1644 Sahmaltaius
1174 1586 1297 1641 nondum
1328 1585 1541 1652 demonstravit,
1572 1600 1699 1656 pugnare
1730 1601 1794 1639 aum

98 1675 190 1740 paret,
223 1668 342 1724 describi
372 1670 409 1723 ab
436 1669 562 1740 apostolo
595 1671 723 1734 officiam
753 1671 932 1738 magistratus
959 1674 1062 1729 Christi
1080 1673 1188 1744 legibus
1205 1690 1356 1742 poenarum
1375 1672 1536 1741 capitalium
1565 1671 1759 1742 irrogationem
1778 1687 1796 1724 a

98 1756 229 1811 divinitus
246 1755 301 1827 ipsi
321 1773 481 1812 consessum
498 1774 531 1811 ac
551 1756 762 1834 demandatum,
785 1758 860 1829 quod
880 1757 932 1813 sei·
958 1761 1123 1831 magistratu
1141 1759 1303 1815 facinorosis
1322 1759 1436 1814 illatam.
1478 1757 1507 1812 Si
1527 1758 1599 1812 anim
1616 1756 1794 1827 magistratus

97 1842 163 1897 lieet
180 1847 304 1912 potestas
323 1843 446 1913 gladiis
460 1843 521 1898 Deo
537 1843 597 1913 ipso
616 1842 651 1898 sit
664 1844 839 1914 magistratui
856 1844 931 1910 data,
959 1846 1053 1917 gladio
1070 1846 1222 1900 vindictam
1240 1861 1372 1901 exercens
1392 1850 1489 1900 eontra
1513 1845 1590 1915 leges
1609 1843 1712 1896 Christi
1730 1858 1793 1911 pee-

98 1946 154 2000 quo
174 1946 207 1983 ex
225 1928 320 1982 divina
337 1928 509 1984 ordinatione
532 1929 684 1986 vindictam
707 1930 840 1985 adversus
864 1930 932 1987 faoi·
959 1939 1048 1998 caret,
1075 1949 1219 2002 nunquam
1238 1932 1380 2003 apostolus
1404 1931 1524 1999 diceret,
1551 1929 1745 2000 magistratum
1765 1927 1822 1982 in·

98 2034 211 2071 norosos
237 2021 372 2074 exerceat.
409 2020 435 2072 2.
460 2018 628 2085 Apostolum
653 2035 709 2071 aaa
735 2019 771 2071 dc
792 2017 880 2086 fideli
894 2025 932 2071 -et
960 2036 993 2074 eo
1020 2019 1082 2089 ipso
1117 2035 1176 2074 esse
1203 2019 1262 2072 Dei
1287 2018 1451 2071 minatum.
1495 2016 1536 2073 Ut
1563 2015 1635 2070 enirn
1663 2015 1741 2068 Deus
1765 2017 1795 2067 et

101 2102 264 2158 Christiano
279 2104 462 2172 magistratu,
483 2107 533 2157 sed
551 2105 693 2170 indefinite
710 2107 746 2158 da
766 2105 933 2173 magistratu
959 2104 1084 2160 Christus
1102 2123 1158 2160 non
1176 2109 1318 2176 pugnant,
1346 2103 1386 2157 sic
1404 2101 1459 2157 Dei
1476 2109 1505 2157 et
1522 2100 1625 2156 Christi
1643 2101 1719 2171 leges
1738 2117 1795 2154 non

101 2189 215 2258 aliquid
234 2206 462 2253 cornmemorara,
480 2191 513 2243 id
529 2207 595 2244 acro
615 2193 651 2244 da
669 2191 845 2258 magistratu,
865 2208 933 2258 grta·
959 2197 1095 2262 pugnant,
1113 2195 1271 2262 pugnarent
1289 2196 1394 2258 autem,
1421 2187 1445 2242 si
1471 2186 1648 2258 magistratus
1666 2186 1791 2257 gladium

101 2275 139 2328 lis
158 2283 223 2329 tuac
242 2284 317 2342 erat,
337 2277 465 2331 siluatica
483 2277 596 2343 infideli
609 2283 634 2329 ct
650 2275 766 2344 etlaico,
784 2292 844 2329 cass
860 2278 934 2331 acci·
960 2278 1097 2349 stringens
1116 2283 1212 2332 eontra
1229 2277 1305 2347 leges
1322 2275 1426 2331 Christi
1445 2280 1574 2344 peccaret
1592 2279 1621 2328 et
1634 2272 1695 2327 Deo
1714 2272 1793 2326 mini·

96 2362 242 2429 piandum.
279 2361 431 2417 Ostorodus
448 2363 475 2416 d.
494 2361 528 2418 l.:
551 2363 660 2431 diaulus
680 2363 726 2432 bat
744 2362 849 2431 baltlblt
866 2363 934 2432 aldi
960 2363 1074 2418 sterium
1109 2362 1286 2418 nihilominus
1325 2360 1474 2415 exhiberet.
1528 2359 1690 2428 Repetimus
1727 2375 1794 2429 ergo

103 2450 184 2503 struas
206 2449 423 2516 commemorttet,
442 2450 543 2517 gabaat
557 2450 616 2504 sta
636 2449 752 2518 sigillet,
772 2448 875 2518 sceldes
895 2449 934 2504 bit
959 2449 1080 2518 apostoli
1095 2449 1197 2517 verba,
1221 2465 1293 2520 quae
1311 2446 1472 2503 Schmaltsii
1492 2444 1697 2516 subterfugium
1716 2445 1794 2515 pani·

101 2536 218 2605 dissiliet
252 2536 351 2605 raging
383 2551 415 2592 rs.
466 2535 649 2592 Sohmaltzius
682 2541 779 2590 sonna
807 2534 878 2605 disp.
909 2541 933 2591 6.
960 2543 1006 2591 tus
1025 2536 1189 2592 excludunt:
1206 2538 1272 2591 Noa
1288 2536 1450 2589 ausaausa
1471 2533 1653 2602 magistratus
1665 2532 1795 2600 gladium

100 2628 201 2693 poster.
225 2621 337 2675 Frantn.
355 2639 383 2690 p.
405 2622 472 2676 388:
504 2624 613 2674 Certum
632 2629 689 2685 cst,
717 2621 840 2674 Paulum
857 2621 936 2691 logui
958 2630 1068 2692 portat,
1097 2622 1159 2676 Dei
1185 2623 1257 2676 emim
1278 2621 1405 2674 minister·
1430 2628 1470 2674 est
1487 2620 1607 2686 ἔκδικος,
1636 2619 1746 2682 aindas,
1764 2618 1795 2671 im
1808 2617 1862 2661 xlv.
1877 2615 1922 2658 ¹⁰⁴·

103 2711 140 2761 de
158 2709 325 2775 magistratu
343 2707 469 2774 infideli,
494 2708 541 2760 cai
563 2708 639 2776 lagcs
655 2707 852 2776 praescribere
877 2724 934 2761 aaa
960 2711 1035 2764 iram
1053 2711 1115 2778 illi,
1132 2710 1183 2779 gai
1198 2711 1304 2764 malum
1321 2710 1389 2776 agit.
1424 2708 1455 2764 Si
1474 2707 1653 2777 magistratus
1670 2705 1736 2762 inde
1754 2712 1794 2759 at-

101 2802 163 2848 erat
181 2795 303 2848 russerie
321 2793 484 2862 apostolici,
509 2794 562 2847 sed
585 2793 730 2861 quiajam
753 2795 935 2861 magistratus
961 2813 1015 2868 qne
1041 2797 1104 2852 ideo
1128 2813 1183 2850 non
1208 2795 1280 2867 gerit
1304 2796 1427 2865 gladium
1450 2794 1567 2860 frustra,
1594 2793 1660 2863 quia
1680 2797 1722 2845 est
1740 2788 1796 2846 Dei

101 2882 152 2934 istc
179 2899 248 2934 arras
273 2882 349 2950 leges
374 2881 511 2950 politicas
534 2880 665 2946 habehat,
693 2881 845 2934 secumdam
863 2899 934 2950 guas
960 2885 1085 2938 minister
1103 2881 1205 2937 vindex
1223 2882 1252 2936 in
1267 2881 1337 2935 ham
1356 2880 1405 2945 illi,
1425 2879 1589 2947 quimalum
1606 2878 1675 2949 agit,
1693 2877 1796 2932 falsum

101 2969 222 3022 tuldila
236 2969 407 3037 imperabat,
421 2975 511 3021 moad
523 2967 642 3034 fideles,
656 2984 691 3019 ⁷¹⁶
706 2967 782 3034 illie,
800 2975 935 3035 quatenus
962 2976 1011 3039 est,
1029 2969 1183 3025 Christiano
1203 2967 1379 3039 magistratui
1398 2966 1451 3020 sub
1475 2964 1619 3036 evangelio
1637 2981 1694 3018 non
1711 2962 1796 3018 licere

102 3062 184 3109 erant
208 3054 357 3123 politicae,
387 3060 556 3122 repugnarat,
588 3053 726 3106 rationem
755 3053 828 3107 ister
857 3054 935 3106 alias
962 3056 1086 3128 gladium
1107 3055 1243 3127 stringere
1261 3053 1354 3109 athas
1373 3053 1481 3107 ratione
1494 3051 1644 3106 vindictam
1664 3050 1796 3106 adversus

103 3145 233 3212 afferens,
252 3144 328 3211 gaad
343 3142 435 3210 possit
453 3141 636 3209 magistratus
655 3139 761 3208 punire
778 3140 935 3208 immoriga·
960 3142 1130 3202 facinorosos
1146 3157 1280 3196 exercere
1309 3138 1499 3210 *Evangelinm
1512 3136 1586 3192 enim
1602 3144 1635 3191 ut
1656 3153 1712 3191 non
1730 3135 1796 3192 aba·

102 3248 158 3282 ros.
194 3228 231 3281 Et
251 3234 363 3298 postea:
384 3227 492 3280 Paulas
504 3244 561 3279 aaa
572 3226 742 3295 praescribit
754 3227 830 3294 leges
848 3226 935 3293 magi·
961 3228 1000 3284 let
1019 3228 1146 3299 politiae,
1173 3227 1213 3282 ita
1233 3226 1319 3281 multo
1337 3226 1428 3280 minus
1453 3224 1548 3279 abolet
1576 3222 1700 3277 divinum
1718 3220 1796 3276 mini·

103 3315 218 3378 stratui,
240 3317 292 3367 sad
313 3321 419 3367 tarstum
439 3315 474 3366 ala
495 3313 676 3380 magistratu,
697 3314 747 3382 gui
762 3321 827 3367 tusc
845 3320 934 3366 exsta·
961 3315 1082 3384 sterium,
1103 3314 1177 3386 quod
1197 3329 1246 3384 par
1269 3330 1350 3368 nsum
1369 3312 1457 3384 gladii
1475 3318 1505 3367 et
1523 3312 1553 3365 in
1571 3309 1694 3364 vindicta
1713 3308 1796 3364 male·

104 3403 164 3464 bat,
183 3400 294 3464 infideli
307 3400 472 3470 praedicat,
500 3400 599 3468 quales
623 3399 698 3467 tapes
723 3400 772 3453 illa
790 3400 892 3453 habeat
910 3407 936 3454 tt
962 3401 1075 3456 ficorum
1105 3401 1166 3457 Deo
1196 3399 1332 3471 praestari
1362 3398 1503 3469 apostolus
1539 3397 1654 3451 disserte
1689 3393 1795 3449 asserit

105 3489 243 3555 guo'moalo
255 3487 311 3539 aiat
325 3486 458 3539 adamatae
476 3485 511 3538 ah
531 3503 562 3538 ea
575 3487 733 3538 destinatae
750 3486 936 3553 immorigeris
964 3489 1010 3542 ste
1030 3488 1111 3543 etiam
1129 3486 1304 3562 concedimus
1318 3484 1501 3553 Schmaltnio,
1526 3501 1559 3537 es
1569 3482 1712 3552 patientia
1731 3481 1793 3534 suh·

101 3591 210 3643 poenae
229 3576 317 3628 docet.
352 3572 575 3643 Respondemus:
594 3572 730 3626 imovero
750 3573 936 3642 apostolusin
962 3576 1084 3629 clitormm
1101 3591 1158 3628 aaa
1170 3590 1256 3642 possa
1269 3573 1381 3640 colligi,
1405 3572 1476 3640 guid
1500 3570 1680 3638 magistratui
1697 3570 1794 3631 facere

105 3675 208 3729 genere
225 3662 261 3713 de
281 3661 360 3712 amai·
375 3659 541 3726 magistratu
559 3657 697 3728 loquitur,
722 3657 780 3713 sive
806 3659 829 3711 is
847 3658 936 3713 fidelis
963 3661 1055 3724 liceat,
1074 3678 1136 3714 cum
1155 3661 1186 3713 ia
1202 3658 1395 3727 iniustissimis
1415 3659 1499 3711 etium
1509 3657 1670 3710 necessaria
1689 3657 1727 3708 sit
1739 3672 1795 3724 pa·

105 3747 141 3800 sit
156 3752 185 3801 et
204 3745 394 3812 Christianus,
421 3744 479 3799 sire
503 3742 622 3799 infidelis
648 3750 676 3800 et
700 3744 834 3801 ethnicus.
870 3747 936 3798 Noa
963 3748 1076 3810 titolis,
1103 3746 1153 3801 sed
1171 3746 1216 3800 hie
1234 3763 1289 3800 non
1308 3752 1350 3800 est
1368 3744 1493 3815 quaestio
1510 3743 1545 3798 de
1564 3741 1716 3813 patientia,
1745 3741 1795 3796 sed

104 3841 146 3886 est
161 3840 296 3901 potestas,
317 3832 417 3903 inquit,
433 3832 491 3885 misi
508 3849 528 3884 a
547 3832 624 3895 Deo,
645 3839 671 3885 et
689 3848 867 3900 quaecunque
881 3850 935 3900 pa·
964 3834 999 3889 de
1026 3833 1197 3895 obedientia,
1228 3831 1386 3902 etquidem
1415 3830 1450 3884 de
1470 3830 1519 3884 tali
1536 3828 1708 3897 obedientis,
1740 3845 1796 3901 qua
1840 3837 1842 3840 ’

103 3926 214 3972 testatas
232 3927 303 3985 suat,
322 3937 341 3971 a
359 3920 423 3971 Dea
442 3918 592 3970 ordinatae
610 3924 682 3971 suat.
717 3917 757 3969 At
778 3917 843 3971 huic
861 3924 936 3987 pote-
962 3936 1018 3973 non
1045 3919 1134 3973 solum
1159 3926 1277 3989 propter
1308 3918 1381 3971 iram
1408 3917 1469 3980 (hoc
1496 3920 1539 3970 est
1567 3932 1603 3970 ne
1625 3914 1654 3969 in
1679 3931 1795 3984 poenam

103 4007 168 4060 stati
190 4022 208 4060 a
228 4007 289 4061 Deo
310 4004 454 4058 ordinatae
476 4004 607 4070 gladium
630 4020 691 4058 esse
716 4002 811 4056 datum
838 4003 936 4075 inquit,
964 4006 1142 4076 magistratus
1159 4003 1333 4071 incidamus),
1352 4003 1400 4058 sed
1419 4002 1503 4057 etiam
1519 4009 1639 4071 propter
1657 4002 1796 4055 conscita·
1870 4012 1872 4016 “

104 4111 186 4164 quem
202 4110 258 4148 non
275 4099 355 4161 gerat
367 4093 494 4159 frustra,
512 4092 563 4142 scd
581 4090 611 4142 irs
623 4090 777 4143 vindictam
788 4091 936 4157 malarum,
962 4093 1033 4146 tiam
1051 4091 1114 4159 (hoe
1133 4096 1227 4146 estne
1244 4090 1398 4145 resistendo
1418 4089 1586 4144 ordinationi
1604 4089 1714 4145 divinae
1732 4105 1794 4143 oon-

103 4186 131 4235 et
150 4179 260 4250 quando
278 4177 457 4248 magistratus
476 4176 626 4230 vindictam
643 4175 718 4229 illam
743 4193 792 4247 per
812 4176 934 4247 gladium
964 4177 1110 4234 seientiam
1138 4176 1280 4239 violemus)
1309 4175 1464 4231 necessario
1495 4175 1670 4246 magistratui
1702 4191 1796 4229 sumus

102 4271 225 4334 exercet,
261 4266 320 4318 Dei
347 4263 505 4316 ministrum
528 4279 587 4317 esse
620 4266 649 4316 et
670 4263 730 4317 Deo
755 4261 935 4318 ministerium
961 4264 1093 4335 subjecti,
1125 4270 1157 4318 ut
1181 4269 1309 4319 notanter
1334 4262 1448 4333 subjicit
1475 4261 1618 4333 apostolus
1642 4278 1667 4313 v.
1696 4267 1721 4315 5.
1747 4259 1795 4315 nbi

104 4352 232 4408 exhibere
262 4350 375 4419 asserit,
403 4366 475 4421 quae
501 4349 594 4404 omnia
620 4366 677 4403 nou
703 4356 817 4418 possent
843 4349 934 4404 locum
961 4352 1109 4422 diligenter
1137 4351 1259 4408 notanda
1278 4354 1321 4404 est
1353 4354 1445 4405 textus
1470 4348 1614 4418 apostolici
1646 4344 1794 4419 συνάφεια.

103 4439 216 4502 habere,
243 4438 270 4489 εἰ
293 4440 329 4490 de
343 4438 424 4500 sacto
450 4444 569 4503 tamtum,
597 4435 664 4504 quid
685 4434 791 4490 scilicet
808 4434 935 4489 ethnicus
962 4438 1169 4506 Magistratus,
1202 4436 1306 4507 inquit,
1336 4427 1392 4490 aaa
1420 4437 1493 4505 gerit
1514 4435 1645 4503 gladium
1662 4435 1794 4503 ἰννάνω
1839 4468 1840 4472 =

104 4525 281 4596 magistratus
302 4523 400 4590 facist,
424 4539 480 4577 non
498 4524 533 4576 dc
551 4523 632 4591 jara,
656 4521 724 4593 quid
740 4521 828 4576 cnivis
849 4523 934 4592 magi·
961 4525 1096 4580 rationem
1114 4524 1241 4594 subjicit,
1259 4525 1389 4578 estasim
1408 4524 1469 4576 Dei
1485 4522 1628 4589 minata,
1645 4521 1747 4574 stades
1764 4521 1794 4574 ia

102 4611 210 4678 stratui,
229 4610 288 4665 sive
300 4610 426 4665 ethnicus
444 4610 488 4678 sit,
507 4610 566 4664 sive
579 4608 759 4676 Christianus,
777 4607 935 4663 faciendum
965 4614 1040 4665 iram
1056 4611 1111 4679 illi,
1131 4611 1181 4679 gui
1191 4609 1355 4678 malcags't,·
1373 4608 1437 4663 inde
1449 4608 1541 4676 infert,
1562 4606 1616 4671 διὸ,
1632 4614 1794 4676 propterea,

103 4697 263 4764 incumbat,
290 4695 432 4767 apostolus
456 4695 532 4766 loqui
551 4699 726 4750 statueretur.
761 4694 843 4750 Adde
860 4696 935 4766 quod
961 4698 1122 4752 aacmsitata
1140 4696 1249 4751 subditi
1268 4704 1365 4760 estote,
1386 4715 1442 4749 aaa
1465 4695 1555 4749 solam
1577 4702 1694 4763 propter
1714 4694 1796 4763 iram,
1894 4680 1898 4703 '

104 4782 284 4846 Christianos,
297 4783 397 4853 quibus
405 4781 509 4845 scribit,
523 4782 560 4835 ad
569 4781 754 4836 obedientiam
762 4780 937 4852 magistratui
961 4786 1013 4837 aad
1031 4784 1114 4837 etiam
1132 4791 1249 4853 propter
1268 4781 1474 4847 aameiaatiam,
1491 4779 1543 4834 hoc
1560 4785 1603 4834 est
1621 4779 1687 4850 quia
1706 4779 1794 4852 magi·
1882 4838 1890 4851 ,

104 4869 287 4926 exhibendam
295 4869 429 4936 hortatur,
441 4867 537 4921 Omm's
547 4868 651 4932 aalma,
663 4868 767 4937 inquit,
784 4869 936 4939 strperiori·
962 4875 1064 4925 stratus
1084 4870 1210 4940 gladium
1228 4870 1380 4942 portando,
1408 4868 1504 4923 eodem
1528 4866 1679 4922 vindictam
1697 4868 1795 4923 adver·

104 4958 153 5009 bas
170 4957 356 5025 potestatibus
374 4955 489 5007 subdita
506 4955 559 5023 eit;
587 4960 617 5008 at
639 4954 663 5008 si
682 4954 860 5025 magistratus
878 4956 936 5025 gla-
962 4974 1009 5010 sus
1040 4956 1210 5013 facinorosos
1234 4955 1387 5011 exercendo
1413 4953 1467 5009 Dei
1496 4953 1621 5008 minister
1644 4960 1698 5019 est,
1732 4954 1795 5010 ideo

105 5044 180 5098 dium
200 5042 362 5114 stringendo
382 5042 411 5096 in
433 5040 603 5095 facinorosos
619 5047 763 5110 peccaret,
793 5043 935 5111 apostolus
962 5043 1145 5099 necessarium
1164 5049 1207 5098 est
1222 5042 1276 5113 ipsi
1289 5041 1391 5113 subjici
1402 5059 1457 5096 non
1470 5041 1559 5097 solum
1576 5047 1695 5109 propter
1713 5040 1794 5105 iram,

104 5129 156 5185 hoo
179 5136 315 5193 temeret,
346 5146 402 5183 non
425 5133 518 5182 autem
544 5127 580 5182 ad
605 5127 792 5183 obedientiam
811 5130 935 5185 subditos
961 5133 1013 5185 ssd
1029 5132 1114 5184 etiam
1128 5137 1248 5202 propter
1265 5129 1469 5197 conscientiam,
1488 5127 1618 5181 nimirum
1631 5142 1667 5181 ne
1684 5125 1794 5182 divinae

103 5218 263 5272 cohortatus
280 5216 385 5271 fuisset.
421 5214 537 5285 Regerit
556 5212 738 5269 Schmultaius
758 5216 785 5269 d.
804 5217 837 5271 l.:
861 5216 934 5278 Quo·
961 5217 1128 5273 ordinationi
1145 5217 1313 5272 resistamus.
1341 5215 1438 5287 Finge,
1452 5213 1629 5284 magistratui
1646 5213 1796 5270 nonlisers

103 5308 186 5359 modo
208 5323 241 5357 as
259 5303 426 5371 odedientia,
445 5317 516 5371 gaas
536 5301 651 5356 deletur·
667 5303 854 5370 magistratui,
866 5304 936 5374 jura
963 5304 1087 5374 gladium
1100 5305 1243 5373 stringere,
1263 5303 1313 5358 sed
1326 5301 1416 5373 ipsum
1430 5300 1522 5371 potius
1539 5316 1662 5370 peceare,
1683 5300 1795 5372 quando

104 5391 203 5459 colligi
217 5399 319 5462 potest,
337 5390 533 5456 magistratum
550 5404 634 5456 posse
654 5404 725 5456 guas
749 5389 815 5442 uelit
829 5407 936 5460 pacans
963 5390 1087 5462 gladium
1105 5388 1232 5460 stringit,
1259 5394 1287 5444 et
1309 5388 1392 5459 plane
1412 5385 1551 5441 absurdus
1572 5384 1624 5441 erit
1644 5387 1795 5457 apostolus,

102 5480 252 5547 irrogaret
301 5478 336 5532 aa·
367 5477 548 5545 magistratus
580 5475 704 5540 intacta
737 5477 781 5530 ael
816 5478 938 5546 rajuams
963 5473 1149 5533 temulentiae
1184 5475 1292 5532 ratione
1326 5474 1423 5531 habita
1461 5472 1635 5544 magistratui
1669 5473 1796 5544 gladium
