4020 6014
202 349 264 408 230
787 339 908 398 Locus
926 337 1131 396 monemus
1147 337 1319 435 mamus·

203 503 296 568 potest
320 497 374 552 hoc
391 503 584 569 argumentum
609 513 690 568 quam
713 512 746 550 ex
770 495 831 565 ipsa
850 492 941 564 praxi,
966 507 1038 562 quae
1064 491 1135 562 apsis
1155 494 1341 563 hspanoribus
1357 495 1489 563 floprcms
1505 493 1596 553 libido
1617 494 1793 562 defunctum
1830 493 1896 549 Bar·

206 584 241 638 dc
265 584 359 639 fructu
385 586 592 640 temerariorum
618 584 728 637 illorum
757 588 882 636 votorum
902 585 930 635 ct
949 577 1040 634 coacti
1063 577 1130 632 lette
1146 577 1212 633 olim
1227 579 1256 633 in
1276 579 1376 635 Galliis
1393 579 1569 650 praedicator
1585 579 1614 633 in
1626 594 1752 634 emmona
1769 579 1820 637 fol.
1840 577 1897 636 261.

205 669 359 724 coelibatus
378 671 441 726 luce
455 670 556 725 clarius
575 674 701 724 testatur.
1064 663 1115 717 col.
1134 669 1165 718 2:
1185 666 1209 719 O
1228 674 1295 735 quot
1319 666 1467 719 lumriaet
1489 673 1591 735 oquot
1609 667 1773 720 sodomiae!
1796 685 1814 720 o
1835 672 1899 735 quot

79 773 99 813 a
114 773 149 812 cx
242 761 301 813 338,
337 764 361 812 5.
380 755 460 822 Quod
473 757 546 827 parit
560 754 731 825 prodigiosas
749 751 886 819 libidines,
905 749 1039 803 mundum
1058 750 1288 816 fornicationes!
1310 752 1435 806 01000001
1454 752 1594 818 latrinae,
1612 752 1745 821 latibulo,
1767 754 1821 806 ubi
1837 759 1900 806 suut

81 823 195 916 mildi,
206 842 368 897 concubinis
399 840 428 898 et'
456 841 601 897 ecclesiam
634 840 774 896 scandalis
807 838 909 909 replet,
941 832 1039 889 merito
1061 837 1149 905 pueri
1170 839 1311 908 suffocati.
1349 839 1462 892 Utinam
1489 838 1652 892 haberemus
1676 855 1762 893 aures
1783 846 1900 908 opertas

81 928 175 1018 ‘effi
208 919 411 983 detestandum.
461 926 580 982 Coactus
616 926 663 981 ille
694 925 856 980 clericorum
886 920 1040 977 coelibatus
1066 924 1268 977 etaudiremus
1282 941 1362 978 uoces
1369 941 1524 993 puerorum
1533 925 1563 977 in
1577 925 1691 980 latrim’s
1700 926 1903 995 suffocatorum

80 988 115 1019 Μ
175 988 278 1069 ο’10100
302 1014 409 1068 fructus
433 1013 545 1085 profert.
570 1013 654 1084 Ergo.
683 1000 846 1066 lissumtum
863 1007 958 1062 multis
976 1021 1040 1060 con·
1067 1009 1140 1062 etin
1159 1011 1330 1078 fluminibus.
1374 1012 1425 1063 Ad
1449 1028 1541 1065 omnes
1559 1012 1698 1065 diabolos.
1714 1011 1783 1065 talis
1801 1012 1903 1066 modies

207 1097 310 1154 ffimsri
328 1105 427 1170 potest.
448 1116 472 1154 0.
491 1099 618 1164 Quidam.
640 1099 701 1153 dist
721 1102 763 1154 81.
803 1095 925 1158 Quidam
942 1091 1042 1148 otoni
1066 1096 1204 1156 faciendi.
1243 1098 1332 1151 Taceo
1345 1097 1553 1160 (1000111110ήὼ,
1571 1097 1679 1166 stuprat
1697 1105 1723 1150 et
1740 1097 1903 1164 incestibus,

207 1185 360 1252 leoitimum
388 1203 445 1239 non
475 1186 607 1239 habentor
644 1183 807 1252 conjupium
844 1189 1041 1234 entransarum
1064 1182 1190 1251 peccatis
1206 1183 1293 1236 etiam
1311 1191 1411 1237 contra
1427 1191 1567 1239 00100000.
1604 1185 1628 1238 O
1650 1191 1770 1237 0010000
1789 1184 1904 1237 000100-

206 1271 351 1324 mdiorum
375 1272 419 1324 uel
442 1270 614 1324 ancillarum
635 1286 767 1332 suarum,
791 1283 864 1337 qrsae
887 1265 1041 1320 interdicta
1066 1276 1169 1336 atores,
1194 1287 1210 1322 o
1233 1269 1325 1322 1001110
1350 1269 1518 1343 duriorem
1554 1268 1733 1324 ”lohannes
1752 1268 1904 1325 cardinslis

205 1366 278 1426 sunt,
296 1359 438 1412 0001000110
456 1363 599 1427 oppetunt.
628 1354 785 1425 Polydorus
800 1352 934 1424 Virgilius
951 1350 999 1406 lib.
1018 1356 1041 1406 5.
1067 1370 1130 1408 cum
1147 1353 1296 1410 Pontificia
1307 1355 1471 1411 auctoritate
1482 1355 1691 1411 sanctiatis
1704 1356 1812 1426 synodo
1828 1354 1903 1409 Iacn-

206 1445 356 1500 bererum
380 1441 546 1499 inventorib.
576 1459 600 1497 c.
626 1448 655 1497 t:
688 1441 773 1495 Illud
796 1447 887 1493 10000
912 1437 1042 1505 dicmim,
1068 1439 1176 1494 dinensi
1193 1441 1356 1513 conjugium
1375 1441 1548 1496 sacerdotum
1559 1442 1679 1513 Angliao
1692 1457 1806 1511 prorsus
1826 1440 1905 1495 dam·

206 1538 312 1584 tonmm
329 1530 468 1593 abfuisse,
495 1536 526 1582 ut
553 1528 609 1581 ista
625 1535 724 1581 coacto
742 1528 859 1580 00011100
878 1525 961 1580 illam
978 1542 1043 1578 con·
1068 1532 1155 1592 naret,
1173 1526 1292 1582 mirabili
1308 1527 1416 1596 judicio
1426 1526 1480 1583 Dei
1499 1527 1626 1598 sequenti
1636 1533 1717 1582 nocte
1729 1544 1794 1581 cum
1813 1531 1904 1581 scorto

201 1617 331 1687 jonatam
343 1617 447 1678 0100011,
459 1621 491 1668 01
503 1617 589 1668 etiam
603 1614 710 1667 nullius
721 1613 820 1667 delicti
831 1613 936 1666 crimen
950 1613 1044 1680 majus
1070 1612 1099 1666 in
1118 1613 1191 1668 lecto
1212 1612 1401 1682 deprehensus
1425 1620 1525 1684 captus
1541 1613 1607 1682 fuit,
1632 1613 1769 1669 referente
1793 1613 1907 1668 Balaeo.

208 1704 305 1758 ordini
330 1704 464 1765 dedam,
485 1701 553 1770 plus
577 1701 649 1754 mali
672 1700 820 1769 relipioni,
840 1699 909 1769 plus
935 1699 1044 1752 dolorm
1069 1699 1237 1753 Anshelmus
1254 1698 1478 1770 archiepiscopus
1489 1699 1697 1756 Cantuariensis
1715 1700 1821 1770 primus
1840 1699 1907 1766 fore,

208 1790 333 1844 omnibuis
344 1789 422 1843 bonis
432 1787 614 1857 impresserit,
629 1787 761 1852 0111110011,
777 1803 860 1855 quum
868 1786 1045 1839 0000010100
1071 1802 1134 1840 cum
1158 1785 1187 1839 id
1212 1784 1316 1839 frustm
1340 1785 1486 1856 aliquoties
1510 1791 1649 1841 tentatum
1672 1786 1772 1841 fuisset
1794 1803 1813 1839 a
1834 1785 1907 1840 Brit-

208 1875 337 1930 libidinis
356 1875 447 1938 lobes,
466 1872 591 1943 proinde
610 1872 735 1936 forsitan
761 1880 821 1925 tum
839 1888 854 1924 e
871 1871 1045 1939 reipublicae
1071 1870 1172 1937 waldo,
1192 1869 1299 1939 Odone,
1319 1869 1476 1940 Dunstano,
1493 1871 1631 1943 conjugiis
1644 1870 1789 1926 interdixit
1799 1871 1907 1943 Angla·

209 1961 402 2027 Chmbtsbnre,
426 1977 511 2029 msam
530 1977 563 2014 ec
579 1959 691 2012 ordinis
711 1975 764 2011 usu
782 1965 864 2021 00001,
883 1964 914 2009 01
930 1958 1046 2010 tandem
1071 1974 1131 2011 rum
1149 1956 1346 2020 sacerdotibus,
1367 1958 1450 2026 0001,
1468 1957 1508 2011 011
1521 1957 1659 2012 Henricus
1677 1957 1907 2029 Huntingdcnus,

210 2045 367 2115 aliquando
384 2044 432 2111 jus
444 2044 558 2113 publici
574 2044 749 2098 matrimonii
760 2042 954 2097 0000000111οε
965 2042 1045 2095 resti·
1072 2041 1238 2110 quibusdam
1256 2043 1468 2097 mundissimum
1485 2045 1589 2111 meum,
1609 2044 1776 2113 quibusdam
1794 2046 1908 2113 pericu·

211 2132 432 2199 tueretur,quod
442 2131 489 2185 illi
499 2131 559 2183 sine
570 2130 797 2195 infamiosonote
804 2129 902 2197 potius
916 2128 1045 2196 colerent,
1072 2129 1250 2193 losissimum,
1269 2132 1373 2183 nedum
1391 2132 1544 2184 munditias
1555 2130 1662 2184 viribus
1678 2131 1803 2200 majores
1821 2147 1907 2200 oppe-

212 2235 296 2288 quam
322 2233 351 2270 se
376 2216 557 2286 spureissime
586 2216 727 2284 eiusmodi
752 2223 871 2268 naturae
896 2213 964 2267 nitio
990 2222 1046 2267 tur·
1072 2222 1174 2283 terem,
1209 2215 1240 2268 in
1271 2215 1461 2271 immundities
1496 2217 1647 2271 horitan
1679 2219 1721 2270 ad
1750 2214 1910 2270 Chrshtioni

208 2304 366 2372 pihcarent.
405 2301 487 2356 Anno
510 2306 584 2357 1513.
610 2316 739 2371 proceres
757 2299 864 2369 imperii
882 2299 911 2353 in
928 2299 1046 2354 comitiis
1073 2300 1194 2354 neminie
1208 2304 1342 2355 mmmum
1363 2303 1484 2356 (10010000
1502 2304 1663 2356 inciderent.
1698 2302 1808 2357 Horum
1827 2319 1907 2372 prae

84 2396 142 2441 stu
153 2395 199 2440 toe.
213 2387 492 2459 Norimbergensibus
516 2403 608 2440 coram
626 2385 720 2463 legato
739 2382 886 2440 Pontificio
910 2385 945 2439 de
970 2385 1048 2440 cleri·
1073 2385 1181 2458 sagium
1199 2388 1341 2458 proximus
1359 2388 1452 2442 statim
1471 2405 1560 2443 annm
1573 2387 1753 2451 confirmavit,
1774 2388 1824 2459 qni
1835 2405 1908 2443 nora

211 2491 306 2529 corum
327 2472 489 2527 libidinibus
507 2473 629 2544 graviter
653 2470 730 2526 fuere
750 2470 903 2540 conquesti.
941 2471 1046 2525 Sleida·
1073 2474 1185 2528 decreta
1202 2473 1354 2530 Anshclmo
1377 2474 1512 2545 expressit
1532 2475 1568 2530 ad
1593 2476 1808 2545 compescendas
1828 2477 1908 2532 sodo·

211 2577 263 2614 nm
282 2558 329 2615 lib.
349 2565 375 2613 1.
395 2557 489 2613 histor.
510 2557 603 2624 refert,
622 2555 804 2628 Campegium
823 2556 993 2611 cardinalem
1011 2557 1047 2611 ad
1073 2559 1180 2615 miticas
1201 2558 1346 2629 libidines,
1371 2576 1443 2631 quae
1470 2562 1498 2615 in
1521 2561 1613 2616 locum
1640 2561 1758 2633 legitimi
1783 2562 1908 2635 conjugii

210 2644 317 2716 legatos
334 2643 552 2716 Argentinenses
577 2640 690 2706 dhisse,
717 2641 789 2697 scire
806 2657 836 2695 se
854 2641 1048 2712 episcopcrum
1073 2651 1278 2714 successerant,
1309 2651 1341 2701 ut
1366 2645 1451 2703 refert
1473 2645 1595 2703 Balaens
1618 2656 1689 2702 cent
1714 2652 1739 2703 8.
1763 2648 1811 2719 qui
1834 2648 1909 2704 idern

210 2730 284 2786 hunc
303 2746 363 2785 esse
380 2745 498 2798 morem,
525 2734 557 2782 ut
584 2733 700 2797 accepta
717 2727 836 2798 pecunia
853 2727 1048 2782 scortationem
1073 2736 1145 2785 cent.
1166 2736 1190 2788 8.
1211 2737 1239 2786 et
1264 2737 1287 2786 9.
1308 2731 1397 2786 multa
1419 2737 1542 2788 monstra
1562 2733 1710 2789 libidinum
1729 2734 1766 2788 ab
1784 2733 1909 2790 Hanrico

211 2817 268 2872 suis
286 2816 456 2887 permittant.
496 2820 619 2887 Legatos
637 2813 790 2868 Bavaricus
814 2813 844 2868 in
870 2814 1048 2870 0101100001
1073 2814 1153 2871 VIII.
1181 2816 1212 2876 in
1233 2817 1363 2889 perfossis
1396 2817 1567 2874 monasteriis
1595 2818 1710 2874 inventa
1740 2824 1769 2875 01
1796 2821 1908 2876 detecta

210 2909 304 2975 patres
328 2903 507 2958 Γ[1110011000
532 2916 604 2955 anno
632 2905 707 2956 1581.
730 2898 886 2954 habitacio
911 2899 1047 2970 loquitur:
1075 2908 1191 2958 enarrat.
1226 2903 1406 2973 Experientia
1425 2903 1502 2959 ducti
1527 2903 1641 2975 quidam
1660 2905 1756 2962 rustici
1775 2906 1908 2963 nolebant

212 2989 311 3045 Clerue
328 2998 422 3045 noster
434 2989 517 3056 aulae
529 2988 748 3055 libidinibusque
765 2986 902 3055 indulpet,
921 2985 1051 3054 aequasi
1074 2989 1224 3060 parcebam
1248 2989 1408 3055 admittere,
1433 2989 1485 3045 nisi
1516 2991 1698 3046 concubinam
1722 2991 1852 3062 haberet,
1878 2998 1909 3048 nt

211 3064 331 3131 oelit⁸in
356 3081 520 3128 0001001100
548 3075 606 3129 Dei
628 3074 822 3142 hominumque
851 3073 928 3125 omni
949 3088 1049 3142 ponere
1074 3075 1158 3131 refert
1176 3075 1288 3130 Barbat.
1311 3076 1340 3130 in
1367 3092 1391 3131 0.
1419 3082 1448 3129 01
1470 3074 1612 3131 siclerici
1636 3077 1672 3133 de
1691 3077 1780 3146 judic
1799 3080 1911 3149 quoda

210 3163 343 3217 uitiorum
360 3178 389 3214 se
407 3167 569 3230 coopertum
584 3158 682 3229 potius
699 3158 799 3227 palam
817 3158 948 3228 capnosci
965 3176 1049 3228 00010
1073 3161 1181 3217 0001110
1193 3161 1320 3216 timerent
1334 3161 1464 3217 uxoribus
1476 3162 1541 3216 suis.
1568 3163 1687 3218 Nullum
1698 3164 1773 3218 enim
1785 3182 1910 3235 unquam

212 3250 328 3304 minima
355 3248 455 3318 aliqua
479 3247 510 3300 in
534 3263 565 3300 re
588 3247 765 3299 emendatum
791 3244 992 3314 animadverti,
1018 3253 1049 3299 ut
1076 3248 1207 3301 clericum
1231 3249 1266 3300 de
1287 3248 1451 3315 fripiditote
1475 3256 1686 3317 conquerentem
1711 3266 1740 3305 se
1759 3252 1910 3320 audiushse,

212 3344 303 3390 cetero
315 3335 393 3409 ¹oleri
408 3335 489 3398 01110,
506 3350 578 3403 quac
592 3351 654 3386 cum
662 3332 773 3401 populo
791 3331 873 3385 habet
884 3332 1049 3396 communio,
1076 3336 1172 3387 narrat
1182 3331 1246 3389 Joh.
1259 3333 1389 3388 mareas
1401 3333 1438 3388 ad
1449 3333 1559 3403 Specul
1579 3340 1599 3390 t.
1612 3334 1835 3406 desponsalibus
1848 3333 1876 3412 fi.
1890 3344 1912 3393 1.

212 3430 374 3491 taceantur,
398 3429 428 3476 at
451 3430 525 3474 certe
549 3421 639 3474 libido
664 3419 717 3472 illa
743 3418 826 3471 nimis
853 3418 944 3472 libera
967 3426 1050 3487 atquo
1077 3417 1148 3472 Cum
1178 3419 1315 3488 quaedam
1342 3418 1459 3474 concilia
1489 3417 1626 3474 referente
1645 3421 1785 3477 Aventino
1803 3422 1911 3479 clericis

212 3510 339 3576 notoria,
359 3516 481 3579 propter
504 3525 590 3577 quam
606 3507 632 3560 is
650 3524 722 3560 nunc
737 3505 914 3575 perannum
932 3504 1052 3569 infamis
1077 3503 1277 3559 concessissent
1295 3511 1414 3559 matrum
1437 3511 1466 3559 et
1483 3521 1606 3561 sororum
1625 3505 1859 3578 cohabitationes,
1879 3514 1913 3564 ut

214 3596 339 3663 habetur,
358 3613 377 3648 a
392 3596 474 3664 plebe
489 3595 658 3663 irritatoque
671 3592 782 3662 populo
800 3591 975 3645 alienissima
993 3608 1052 3645 esse
1080 3590 1233 3662 dequibus
1251 3589 1329 3647 nulla
1347 3606 1408 3645 csse
1419 3597 1513 3662 posset
1526 3591 1654 3663 suspicio,
1672 3598 1771 3662 postea
1788 3610 1912 3665 comper·

213 3679 369 3748 iudicatur.
405 3679 483 3735 Idem
500 3684 620 3734 testatur
631 3677 766 3734 Claudius
787 3677 935 3749 episcopus
947 3676 1052 3747 Espen-
1079 3681 1138 3730 tum
1155 3676 1222 3743 fuit,
1247 3677 1414 3732 coelibatum
1441 3679 1614 3734 sacerdotum
1637 3685 1695 3734 tam
1715 3685 1823 3735 castum
1843 3698 1912 3751 essa,

216 3781 298 3819 cacus
322 3763 489 3818 domesticus
511 3764 591 3818 testis
609 3763 638 3817 in
659 3770 803 3820 comment.
826 3762 882 3818 Tit.
909 3768 947 3820 l.:
983 3764 1053 3816 Pur
1079 3769 1111 3817 ut
1130 3778 1181 3817 nec
1207 3770 1323 3827 matres,
1349 3781 1402 3825 nec
1426 3782 1532 3821 sorores
1558 3765 1628 3822 inire
1655 3766 1858 3839 dubitaverint,
1881 3777 1913 3825 ut

212 3849 360 3917 pissimum
393 3856 433 3901 est
461 3847 586 3919 (inquit),
612 3852 688 3917 quod
713 3849 855 3913 officiales
878 3851 1054 3919 permittunt,
1079 3853 1198 3903 testatur
1221 3848 1331 3919 Specul.
1356 3850 1385 3903 in
1410 3850 1452 3904 tit
1475 3851 1511 3906 da
1526 3857 1588 3906 test
1608 3850 1634 3924 ξ.
1651 3851 1829 3923 Proponitur.
1867 3854 1912 3911 De

216 3935 334 3988 clericos
359 3952 420 3988 cum
448 3933 622 4003 concubinis,
645 3935 837 3988 meretricibus
856 3942 883 3988 et
902 3936 1053 4006 pellicibus
1078 3934 1224 3990 interdicto
1236 3934 1421 3990 Hildebrandi
1434 3937 1474 3992 sic
1486 3945 1620 3993 memorat
1630 3939 1801 3995 Aventinus:
1817 3938 1912 4001 Grata

217 4021 390 4089 cohabitare,
413 4019 517 4074 liberos
531 4036 686 4090 procreare
703 4020 811 4089 mount,
835 4029 948 4089 accepto
968 4022 1003 4075 ab
1017 4022 1053 4074 iis
1078 4022 1133 4077 illa
1158 4022 1204 4075 lea
1227 4030 1288 4075 erat
1317 4023 1482 4090 quibusdum
1510 4024 1635 4094 clericis,
1662 4026 1761 4094 quibus
1778 4043 1836 4096 pro
1854 4045 1913 4081 uno

216 4115 291 4160 certo
309 4106 458 4175 quotannis
478 4122 562 4159 censu
587 4113 670 4174 atque
687 4107 761 4159 odeo
786 4105 858 4158 alibi
876 4123 895 4157 a
912 4106 1051 4160 continen-
1077 4123 1164 4161 ucore
1175 4108 1242 4177 jam
1262 4117 1404 4164 sescentas
1426 4111 1527 4164 licebat
1548 4110 1621 4167 inire
1639 4112 1829 4166 0011000100.
1868 4111 1913 4169 De

215 4194 301 4261 tibus,
326 4209 392 4245 nom
418 4192 551 4260 habeant,
574 4191 672 4257 aiunt,
699 4189 726 4244 si
748 4190 842 4244 uelint.
883 4190 1053 4261 Comprobat
1077 4193 1254 4249 multitudine
1286 4186 1500 4251 concubinarum
1532 4201 1649 4251 testatur
1674 4194 1788 4254 Naevia.
1813 4195 1863 4251 lib.
1891 4203 1914 4254 1.

215 4279 267 4333 hoc
286 4278 378 4349 ipsum
396 4293 447 4331 sua
464 4275 520 4331 fide
539 4275 682 4331 Cornelius
700 4275 828 4347 Agrippa
846 4276 893 4332 lib.
914 4276 949 4330 dc
967 4277 1051 4334 canit.
1078 4279 1139 4334 silv.
1155 4283 1235 4349 nupt.
1255 4297 1329 4347 num.
1356 4286 1411 4338 118.
1452 4282 1554 4338 hohan.
1573 4281 1665 4337 Faber
1685 4281 1771 4337 instit.
1798 4282 1834 4338 de
1847 4283 1913 4354 jms

216 4367 309 4422 scient
330 4381 353 4420 0.
376 4369 425 4420 64:
455 4361 504 4416 Sic
523 4379 590 4431 erpo
608 4361 675 4416 illos
693 4369 877 4434 supputantes
894 4363 1051 4431 aliquando
1078 4379 1186 4434 person.
1214 4362 1377 4440 §.penult
1399 4365 1540 4438 inquiens:
1572 4367 1607 4422 Si
1631 4384 1727 4422 aarum
1754 4375 1809 4438 eet,
1835 4370 1913 4440 quod

215 4453 329 4506 audiui:
350 4451 442 4504 Habet
457 4448 509 4503 ille
534 4451 591 4503 duo
617 4449 750 4516 beneficio
769 4455 796 4501 et
813 4457 870 4502 tres
886 4451 1052 4515 meretrices,
1075 4450 1134 4515 filii
1156 4451 1347 4522 episcoporum
1371 4469 1458 4521 usque
1477 4455 1518 4507 ccl
1534 4453 1735 4507 subdiaconum
1759 4462 1823 4509 sunt
1837 4455 1914 4510 sesni

215 4539 321 4607 soloct,
346 4544 373 4591 et
399 4553 509 4589 eenmm
539 4552 558 4587 0
575 4535 768 4588 casualibus
783 4552 840 4603 pro
870 4536 1052 4590 concubinatu
1078 4537 1224 4603 00010100,
1251 4539 1332 4591 Deus
1358 4539 1440 4607 bone,
1465 4547 1530 4608 qriot
1554 4549 1644 4593 essent
1666 4540 1750 4595 hodie
1772 4541 1913 4595 semite*

215 4625 366 4695 quotannis
385 4628 562 4692 extorquent,
575 4628 605 4673 ut
625 4621 704 4688 opud
714 4620 826 4688 plebem
840 4621 931 4691 ipsum
943 4622 972 4675 in
982 4640 1052 4691 pro·
1078 4621 1159 4687 Quod
1172 4638 1239 4694 ergo
1257 4622 1435 4678 chhardus
1446 4641 1526 4679 serm.
1540 4629 1581 4681 66.
1594 4643 1656 4697 sup.
1669 4618 1749 4682 Cant.
1763 4626 1792 4679 in
1809 4642 1913 4698 genere

215 4711 336 4764 ambiam
354 4709 456 4764 obierit
474 4707 529 4762 illa
549 4723 644 4760 eorum
663 4706 863 4760 concubinarie
883 4708 976 4777 actio,
994 4709 1050 4762 siae
1072 4708 1163 4765 'dicim
1198 4709 1279 4764 Tolle
1307 4711 1341 4764 de
1367 4710 1485 4763 eeclesia
1514 4712 1678 4768 honorabile
1702 4713 1862 4766 concubium
1887 4721 1914 4769 et

216 4796 391 4862 lenocinium,
409 4813 471 4849 cum
488 4795 592 4861 dicunt,
609 4794 691 4847 habet
705 4798 822 4845 autnon
834 4794 915 4846 habet
927 4811 1052 4863 aureum,
1077 4803 1168 4848 mmm
1181 4795 1400 4860 immaculatum,
1413 4813 1505 4851 nonne
1516 4797 1609 4868 reples
1625 4814 1687 4852 eom
1699 4797 1915 4867 concubinariis,
1928 4805 1951 4844 Χ]

216 4883 307 4936 solvat
326 4889 353 4936 et
371 4882 485 4946 habeat,
514 4881 634 4936 0100111.
670 4880 802 4934 Testatur
829 4880 999 4949 experientia
1015 4881 1052 4937 ob
1077 4881 1257 4943 incestuosis,
1279 4881 1460 4950 seminifluis,
1479 4884 1625 4952 mollibus,
1643 4884 1831 4939 masculorum
1848 4901 1912 4940 con-

217 4969 311 5023 oeulos
330 4966 451 5021 omnium
470 4967 576 5038 posita,
600 4966 629 5021 id
654 4965 729 5037 quod
744 4964 886 5020 arnobius
904 4965 951 5020 lib.
973 4971 997 5022 8.
1016 4967 1052 5023 de
1078 4967 1248 5020 cubitoribus
1272 4976 1297 5020 et
1320 4970 1396 5022 omni
1419 4971 1537 5040 denique
1559 4986 1663 5040 penore
1688 4970 1915 5024 immundorum!

216 5055 337 5126 puritate
357 5051 510 5108 coelibatus
529 5051 703 5107 sacerdotum
720 5049 866 5122 gentilium
884 5051 1003 5122 scripsit,
1021 5052 1050 5106 in
1078 5052 1156 5106 Idem
1169 5052 1198 5106 in
1217 5052 1309 5123 specie
1328 5055 1363 5112 de
1375 5056 1472 5113 ordino
1484 5055 1671 5113 ecclesiastico
1683 5055 1817 5111 dicimus:
1833 5055 1915 5111 Tolle

217 5141 363 5211 plerosque
379 5135 542 5192 Pontificius
562 5136 732 5192 sacrificulos
753 5136 908 5208 quadrare:
928 5137 1054 5207 Impuni·
1080 5156 1112 5193 ex
1130 5153 1163 5192 eo
1182 5139 1306 5210 conjugii
1323 5140 1436 5198 ineundi
1453 5141 1627 5208 libertatem,
1647 5147 1676 5196 01
1695 5141 1817 5215 replebis
1836 5142 1915 5199 illum

217 5232 301 5279 tatem
319 5222 431 5294 (inquit)
448 5224 519 5287 fecit
536 5225 731 5306 nonvoostitas
750 5224 846 5290 tutior,
863 5225 916 5277 sed
932 5224 1055 5294 impudi-
1079 5222 1282 5279 concubinariis
1316 5234 1366 5284 etc.
1418 5225 1529 5297 Excipit
1560 5225 1758 5283 bellarminus:
1805 5234 1828 5284 1.
1858 5246 1915 5283 non

218 5310 286 5363 citio
313 5308 438 5374 felicior.
491 5309 544 5362 Ubi
573 5317 666 5362 autem
693 5309 785 5377 mopis
815 5326 834 5361 0
862 5310 1055 5363 amantibus
1078 5309 1260 5380 coelsbatum,
1290 5314 1342 5365 scd
1370 5315 1486 5367 0100010
1518 5310 1670 5367 coelibatus
1697 5315 1773 5369 talia
1798 5329 1915 5384 parere,

218 5413 301 5464 quom
326 5395 400 5449 inter
427 5411 496 5447 oras
528 5401 554 5447 et
581 5394 700 5448 delubra
727 5397 921 5449 conducuntur
947 5402 1055 5466 stupro,
1077 5395 1189 5458 fruetus
1206 5398 1279 5452 enim
1295 5399 1432 5453 colibatus
1449 5402 1513 5449 sunt
1534 5396 1659 5464 copitare
1679 5400 1824 5469 quaeDei
1841 5407 1915 5467 sunt,

218 5487 374 5534 1000100100
405 5479 564 5549 lenocinio,
600 5480 744 5535 0010110010
773 5481 966 5537 meditantur.¹
994 5481 1053 5543 fre·
1078 5489 1203 5536 sanctum
1229 5500 1288 5549 esse
1312 5498 1430 5553 corpore
1456 5489 1481 5537 et
1504 5482 1607 5549 spiritu
1630 5485 1689 5538 sine
1709 5486 1915 5542 intemissioae

218 5565 346 5639 01001100
369 5566 489 5637 maique
518 5565 547 5620 in
572 5566 748 5621 0001100000
773 5567 885 5625 amun
899 5583 994 5638 quam
1022 5565 1052 5621 in
1079 5568 1203 5624 Domino
1228 5569 1371 5623 manae.
1403 5565 1473 5645 dom
1499 5582 1565 5623 nero
1585 5577 1707 5639 propter
1724 5572 1841 5629 010000
1858 5590 1915 5629 uon
