4020 6014
220 270 277 330 rso
454 246 457 253 ’
784 261 907 319 nocua
925 259 1130 319 messurus
1146 258 1311 318 anaema

217 423 249 473 ut
278 418 391 490 reliquis
418 418 553 475 ecclesiae
579 418 736 487 ordinibus,
761 417 874 490 politico
898 417 1003 473 scilicet
1024 421 1051 472 et
1081 432 1152 486 quae
1169 417 1197 470 in
1217 415 1423 487 praedicatione
1442 413 1519 470 verbi
1534 419 1561 469 ει
1573 410 1812 468 administratione
1825 424 1917 464 sacra·

218 505 407 576 oeconomico,
432 512 554 576 potestas
579 506 673 577 aliqua
695 505 827 559 divinitus
854 511 896 559 est
914 521 1053 568 concessa,
1080 508 1233 558 mentorum
1267 503 1421 558 consistens
1450 501 1578 556 omnibus
1605 498 1737 558 ministris
1765 516 1799 554 ex
1826 514 1917 568 aequo

219 591 260 647 ita
284 608 394 662 quoque
417 591 508 646 ordini
532 591 720 647 ecclesiastico
744 591 868 662 aliquam
886 595 1053 660 potestatem
1080 589 1229 660 competit;
1249 594 1372 660 potestas
1389 604 1455 644 vero
1470 588 1583 656 ordinis,
1602 603 1675 658 quae
1685 590 1800 656 propter
1812 583 1918 655 gradus

218 694 278 733 esse
301 677 394 732 datam
418 677 447 731 in
471 678 618 748 propatulo
638 683 688 731 est
723 676 962 743 Quemadmodum
981 676 1054 731 enim
1080 675 1110 729 in
1134 675 1284 732 ministerio
1309 677 1485 731 eminentiam
1509 674 1591 730 certis
1607 671 1733 743 personis
1750 669 1918 727 ecclesiasti·

219 781 271 823 ncc
295 763 437 833 politicus,
461 779 512 818 nec
531 763 723 819 oeconomicus
740 763 808 818 ordo
822 769 914 833 potest
931 762 1055 818 obtinere
1081 763 1121 815 eis
1141 763 1254 832 propria
1270 769 1321 830 est,
1342 779 1397 816 non
1415 768 1508 816 tamen
1524 763 1590 831 jure
1607 759 1728 831 quodam
1746 756 1851 820 divino,
1869 756 1918 810 sed
1995 764 1999 774 “

219 849 302 905 tinem
331 867 424 914 suum,
450 857 563 921 propter
589 867 671 921 quem
695 850 837 904 institutus
859 853 915 918 est,
934 849 987 903 nisi
1006 865 1056 919 per
1082 847 1214 902 ecclesiae
1240 847 1421 903 institutione.
1458 847 1503 901 Sic
1522 844 1644 916 episcopi
1661 845 1794 914 majorem
1813 841 1920 896 habent

220 943 386 1007 potestatem
408 936 522 991 cuilibet
544 936 653 990 illorum
671 935 799 990 ordinum
818 951 991 1004 concessam3
1017 935 1057 990 ita
1082 940 1249 1005 potestatem
1268 951 1351 1005 quam
1370 931 1535 1004 presbyteri,
1555 932 1684 986 nimirum
1696 948 1752 985 non
1764 929 1919 995 ministerii,

221 1039 273 1078 nee
293 1022 495 1078 ecclesiasticus
509 1021 575 1075 ordo
589 1027 681 1092 potest
699 1020 824 1076 obtinere
838 1020 929 1088 finem,
942 1026 1057 1092 propter
1083 1021 1132 1076 sed
1161 1020 1264 1075 ordinis
1287 1026 1428 1091 respectu,
1452 1037 1486 1074 ex
1513 1035 1567 1090 quo
1585 1017 1669 1072 facile
1687 1022 1817 1087 apparet,
1844 1016 1920 1087 quod

221 1126 305 1180 quem
328 1107 460 1162 divinitus
483 1106 626 1162 institutus
644 1111 701 1173 est,
726 1107 781 1161 nisi
798 1124 848 1177 per
867 1107 988 1178 aliquam
1007 1123 1056 1178 po·
1083 1112 1206 1178 potestas
1230 1108 1334 1162 ordinis
1362 1105 1546 1161 diversimode
1569 1105 1730 1173 accipiatur.
1767 1102 1821 1167 Qui
1846 1104 1920 1158 enim

222 1199 350 1250 testatem
368 1193 464 1248 itidem
483 1192 616 1247 divinitus
637 1192 662 1248 ei
679 1209 847 1247 concessam.
1085 1195 1232 1267 διχοτομίᾳ
1250 1198 1380 1261 utuntur,
1409 1197 1575 1263 potestatem
1593 1190 1808 1245 ecclesiasticam
1825 1192 1858 1242 in
1875 1208 1921 1242 or·

95 1293 174 1344 Quart·
258 1286 316 1336 192.
352 1280 428 1342 Quae
453 1296 520 1333 cero
547 1288 572 1332 et
595 1280 690 1348 qualis
707 1280 744 1333 sit
763 1280 817 1332 illa
832 1286 960 1348 potestas
978 1277 1056 1332 mini·
1086 1281 1161 1334 dinis
1183 1288 1209 1333 et
1232 1280 1442 1347 iurisdictionis
1461 1282 1626 1348 potestatem
1647 1275 1857 1342 distribuentes,
1879 1275 1921 1328 illi

95 1348 198 1437 ffiss'
221 1366 305 1423 sterio
325 1366 406 1434 data,
430 1365 581 1435 plurimum
598 1366 708 1419 variant
728 1366 888 1420 sententiae.
924 1364 1057 1435 Episcopi
1085 1382 1136 1436 per
1152 1372 1319 1436 potestatem
1338 1364 1442 1419 ordinis
1454 1363 1614 1435 intelligunt
1626 1379 1695 1430 eam,
1714 1379 1787 1432 quae
1799 1361 1827 1415 in
1841 1378 1920 1431 prae·

95 1449 128 1488 ¹¹⁰
148 1448 208 1488 ω’·
221 1452 296 1511 caim
312 1450 462 1519 Pontificii,
482 1450 644 1521 cumprimis
658 1467 723 1505 vero
742 1450 936 1522 episcoporum
953 1451 1057 1521 episco-
1084 1452 1223 1507 dicatione
1254 1450 1332 1504 verbi
1363 1457 1392 1506 ει
1420 1449 1658 1504 administratione
1685 1454 1921 1503 sacramentorum

219 1557 272 1611 pus
290 1539 415 1611 pontifex
431 1538 573 1593 Romanus
591 1537 1056 1608 potestatemtumecclesiasticam
1083 1538 1221 1601 consistit,
1259 1554 1342 1608 quam
1368 1537 1416 1592 alii
1442 1542 1543 1590 vocant
1568 1542 1735 1606 potestatem
1759 1535 1921 1591 ministerii.

219 1626 390 1692 absolutam,
415 1632 477 1678 tum
499 1624 640 1693 politicam
665 1624 719 1680 sibi
736 1631 861 1696 arrogat,
887 1631 984 1680 contra
1002 1622 1056 1678 Dei
1084 1625 1138 1690 Qui
1157 1629 1318 1697 ’τριχοτομίᾳ
1337 1630 1460 1686 utuntur,
1478 1628 1645 1693 potestatem
1664 1619 1880 1676 ecclesiasticam
1892 1622 1921 1675 in

218 1712 347 1781 verbum,
373 1710 448 1782 quod
471 1714 636 1779 potestatem
655 1711 870 1767 ecclesiasticam
888 1711 969 1766 certis
985 1708 1056 1764 limi·
1084 1710 1238 1778 ministerii,
1256 1709 1360 1763 ordinis
1379 1715 1408 1762 et
1423 1708 1625 1781 Jurisdictionis
1642 1713 1808 1779 potestatem
1823 1708 1921 1762 distin·

164 1828 166 1833 >
219 1798 295 1854 tibus
313 1795 507 1852 determinavit
523 1802 552 1850 et
568 1795 709 1866 politicam
726 1795 762 1851 ab
781 1797 985 1852 eadistinctam
997 1813 1057 1852 esse
1083 1801 1207 1868 guenta,
1226 1813 1277 1867 per
1290 1800 1453 1866 potestatem
1469 1795 1572 1849 ordinis
1585 1795 1830 1868 intelligentem,
1848 1811 1921 1867 quae

219 1884 318 1940 voluit.
352 1883 512 1952 Antequam
537 1900 603 1938 vero
624 1883 658 1938 de
677 1883 768 1939 abusu
786 1883 991 1938 ecclesiasticae
1008 1900 1057 1953 po·
1081 1889 1195 1953 propter
1225 1882 1329 1952 gradus
1354 1880 1531 1936 eminentiam
1558 1880 1593 1936 ab
1620 1881 1738 1936 ecclesia
1763 1882 1920 1937 institutam

220 1969 338 2032 testatis,
357 1969 405 2040 qui
423 1969 452 2021 in
469 1985 555 2040 regno
567 1968 714 2024 Pontificio
732 1970 862 2034 obtinuit,
881 1970 1057 2031 disseramus,
1083 1968 1165 2022 certis
1190 1967 1357 2039 quibusdam
1382 1967 1506 2039 personis
1524 1966 1719 2022 ecclesiasticis
1739 1976 1781 2023 est
1797 1968 1919 2039 propria.

222 2055 423 2127 explicabimus
442 2055 531 2125 prius,
548 2056 578 2109 in
596 2074 650 2127 quo
665 2065 793 2128 potatas
806 2054 1056 2111 ecclesiastieami·
1085 2055 1268 2110 Ministerium
1288 2060 1330 2108 est
1350 2053 1416 2108 ordo
1431 2052 1565 2107 divinitus
1577 2054 1729 2123 institutus,
1747 2062 1775 2110 et
1793 2056 1823 2108 in
1840 2057 1922 2109 mini·

221 2141 334 2196 misterio
352 2143 418 2197 data
432 2144 516 2213 juxta
531 2141 734 2215 praescriptum
753 2142 831 2197 verbi
851 2141 939 2196 divini
954 2142 990 2196 sit
1002 2145 1056 2195 sta·
1083 2142 1167 2197 sterio
1185 2148 1250 2195 sunt
1270 2140 1372 2195 diversi
1390 2140 1500 2195 ordines
1518 2140 1554 2194 ab
1573 2141 1691 2196 ecclesia
1706 2141 1867 2210 introducti,
1884 2141 1921 2196 ad

221 2228 333 2285 tuenda.
369 2228 535 2299 Augustana
553 2227 689 2283 confessio
701 2228 729 2283 in
742 2228 820 2283 artic.
838 2234 907 2298 sapt.
921 2227 1057 2282 abusuum
1082 2229 1161 2284 illum
1180 2228 1332 2299 respiciunt
1348 2229 1574 2299 διχοιομοῡντες,
1601 2235 1635 2282 ad
1650 2227 1700 2281 hos
1720 2246 1784 2284 vero
1802 2249 1922 2304 τριχοιο·

221 2331 245 2370 c.
270 2314 305 2369 de
329 2320 427 2386 potest.
453 2314 550 2370 eccles.
570 2315 610 2369 sic
627 2315 763 2386 loquitur:
791 2315 920 2369 Sentiant
938 2314 1057 2382 (nostri),
1084 2317 1209 2384 μοῡνιες.
1246 2314 1415 2369 ”Batauus
1438 2314 1468 2368 in
1493 2332 1565 2384 resp.
1589 2314 1625 2367 ad
1642 2314 1813 2384 aphorismos
1830 2314 1922 2370 Calvi·

217 2408 381 2470 potestatem
393 2402 514 2455 claviam
526 2418 573 2454 eeu
586 2403 780 2470 mircenorum
791 2402 873 2468 iusta
885 2400 1057 2469 evanqeliam
1084 2403 1217 2457 nistarum
1241 2419 1270 2471 p.
1295 2407 1344 2456 68:
1368 2402 1574 2455 Ecclesiastico
1596 2408 1724 2470 potestus
1749 2410 1790 2455 est
1810 2402 1923 2471 triplex,

222 2503 281 2543 use
318 2495 482 2556 potestatem
510 2505 559 2540 eea
587 2490 752 2540 mandatam
783 2489 842 2541 Dei
867 2487 1059 2557 praedicandi
1084 2507 1141 2543 aaa
1169 2488 1293 2552 ordinis,
1316 2488 1409 2541 altera
1422 2488 1638 2557 jurisdictionis
1655 2487 1814 2556 interiores,
1838 2489 1923 2541 tertia

223 2574 370 2642 evangelii,
389 2574 551 2627 remittendi
570 2583 595 2626 et
612 2575 755 2627 retinendi
768 2582 888 2643 peccate
900 2581 925 2625 et
938 2572 1057 2626 adnuim-
1079 2575 1293 2644 jurisdictionis
1313 2575 1468 2629 exterioris.
1503 2575 1605 2627 Prima
1622 2575 1748 2641 refertar
1766 2575 1807 2627 ad
1824 2592 1922 2627 sama-

222 2661 336 2715 strands'
353 2667 540 2714 sacrumenta.
573 2662 649 2714 Nam
669 2677 731 2714 eam
750 2660 801 2713 lroe
820 2661 956 2713 mandate
975 2660 1059 2712 mittit
1085 2669 1177 2716 menta
1195 2663 1369 2731 conficienda
1385 2670 1412 2714 et
1431 2662 1638 2730 ministranda;
1659 2662 1754 2715 altera
1771 2662 1813 2713 ad
1828 2678 1923 2727 repen·

224 2745 351 2824 Clen'stas
374 2747 534 2818 apostolos:
566 2747 646 2801 Sicut
669 2748 744 2800 trinit
768 2764 810 2799 nse
837 2748 939 2815 Pater,
965 2748 1007 2799 ita
1033 2755 1058 2799 et
1085 2751 1152 2801 (lem
1178 2749 1315 2818 populum
1345 2746 1535 2802 Christianam
1566 2749 1597 2800 in
1621 2750 1690 2812 foro
1720 2748 1923 2816 eonscientice;

223 2852 274 2906 epo
297 2835 376 2889 mitto
391 2851 449 2888 voa.
486 2834 615 2903 Accipite
636 2833 773 2902 Spiritum
792 2852 815 2886 s.
836 2850 953 2902 quoram
976 2833 1058 2886 remi·
1083 2835 1169 2888 tertia
1193 2837 1234 2888 ad
1257 2837 1373 2888 medem
1385 2835 1526 2904 populans
1544 2837 1696 2902 rependam
1716 2835 1746 2887 in
1759 2835 1834 2902 soro
1852 2843 1924 2886 eete-

222 2922 315 2976 seritis
331 2929 458 2992 peecata,
476 2920 652 2974 rena'ttanter
672 2921 720 2989 eis,
739 2928 765 2974 et
783 2920 1058 2990 quorumretinueri·
1084 2923 1165 2976 riori.
1216 2922 1266 2975 Aa
1285 2930 1453 2991 potestatem
1479 2923 1588 2976 ordinis
1612 2929 1721 2990 spectat
1757 2939 1924 2974 consecrare

223 3007 261 3061 tis
286 3015 421 3076 peccata,
445 3013 552 3059 retente
576 3014 647 3060 sunl.
683 3008 740 3076 Ite,
758 3007 927 3075 praedicate
944 3024 1058 3075 evange·
1085 3010 1299 3077 esscharistians,
1317 3011 1491 3076 confirmare,
1511 3010 1626 3064 ordines
1641 3010 1781 3076 conferre,
1801 3008 1924 3061 chrisma

224 3094 294 3146 liam
308 3092 385 3146 omni
401 3099 550 3144 creaturae
564 3096 617 3148 otc.
647 3091 689 3144 Ex
702 3092 803 3161 quibus
816 3091 963 3162 colligitur,
984 3092 1057 3160 quod
1085 3088 1234 3163 ecrsficere,
1259 3096 1350 3148 oleata
1373 3095 1549 3161 infirmorum
1573 3095 1743 3148 benedicere.
1779 3095 1830 3147 Ad
1842 3103 1923 3162 pote-

224 3184 348 3250 potestas
367 3176 725 3248 ecclesiasticasitduples,
744 3177 874 3232 videlicet
897 3184 919 3233 1.
932 3185 1058 3247 potestte
1084 3190 1184 3235 etatem
1207 3182 1419 3250 jurisdictionis
1447 3182 1592 3234 interioris
1610 3183 1661 3249 jas
1685 3182 1778 3236 dicere
1802 3183 1832 3234 in
1854 3184 1923 3245 foro

220 3264 415 3335 praedicandi
439 3265 551 3318 verbam
574 3272 600 3318 et
624 3265 848 3319 administrandi
865 3272 1059 3328 sacramenta5
1085 3270 1275 3335 conscientae,
1301 3270 1333 3321 id
1358 3277 1399 3321 est
1416 3269 1558 3321 absolvere
1577 3269 1741 3334 vellicare.
1779 3269 1830 3320 Ad
1842 3277 1924 3336 pote-

226 3357 248 3407 2.
265 3358 392 3422 potestas
417 3351 551 3415 claviam,
573 3367 624 3422 per
643 3366 726 3422 quam
745 3357 863 3420 peccata
880 3350 1058 3405 remittuntur
1084 3363 1182 3408 senem
1199 3355 1411 3423 jurisdictionis
1433 3353 1579 3407 exterioris
1602 3355 1738 3421 synodare
1762 3371 1923 3417 conuocare,

225 3439 268 3494 vel
284 3439 413 3509 ligantur.
449 3437 531 3493 Illam
547 3443 648 3493 vocant
666 3442 831 3507 potestatem
850 3437 967 3505 ordinis,
987 3437 1057 3491 hanc
1085 3442 1295 3495 constitutiones
1314 3443 1565 3504 accelerarentur
1584 3440 1686 3492 audire
1704 3449 1729 3492 et
1747 3458 1923 3507 cognoscere,

107 3613 167 3654 ¹1¹¹·
182 3611 214 3654 ¹⁵·
227 3611 333 3682 aliquid
362 3611 513 3667 desiderari
535 3611 637 3681 possit,
657 3616 832 3666 tamencum
851 3628 903 3664 usu
926 3609 1058 3665 ecelesiae
1086 3615 1275 3682 delinquentes
1288 3615 1441 3684 frustrer*

226 3695 262 3752 sit
284 3703 408 3766 recepta,
428 3696 491 3752 ideo
517 3713 583 3751 sano
611 3715 694 3752 sensu
712 3715 773 3753 eam
793 3697 949 3752 retinemus.
987 3695 1059 3749 Sunt
1123 3706 1177 3755 193.
1214 3701 1381 3753 I'oteatatem
1408 3701 1516 3752 orelirsis
1543 3699 1656 3770 quidam
1675 3705 1775 3752 vocant
1794 3697 1920 3753 citren-
1936 3705 2003 3742 rocos

226 3782 274 3853 qui
291 3782 429 3853 triplicem
447 3789 612 3853 potestatem
630 3784 843 3839 eeclesiasticam
855 3789 990 3852 statuunt,
1008 3783 1058 3835 rni-
1086 3785 1150 3854 nim
1177 3786 1226 3839 sed
1252 3785 1402 3855 appellatio
1431 3784 1592 3851 αὐθενιικῆς
1611 3785 1758 3854 potestatis
1777 3785 1922 3854 gloriosior
1936 3755 2008 3793 “dm

226 3869 354 3935 anterii,
375 3869 484 3922 ordinis
502 3876 528 3922 et
540 3870 761 3937 jurisdictionis.
795 3868 876 3924 Illam
893 3875 994 3923 vocant
1011 3885 1057 3923 au·
1086 3871 1207 3939 videtur,
1235 3889 1318 3942 quarn
1345 3877 1376 3925 ut
1400 3871 1551 3924 ministerio
1570 3871 1729 3937 conveniat,
1757 3872 1822 3942 quia
1846 3872 1921 3926 solus

226 3954 381 4010 cleritatem
399 3960 427 4009 et
446 3960 611 4026 potestatem
628 3954 741 4025 publice
753 3956 933 4026 praedicandi
944 3956 1059 4010 verbum
1086 3958 1162 4013 Deus
1180 3959 1346 4017 αὐθεντικώς
1364 3958 1393 4010 in
1413 3957 1566 4011 ministerio
1584 3957 1650 4027 agit,
1665 3957 1732 4016 ideo
1750 3958 1790 4011 illi
1809 3958 1860 4012 soli
1872 3958 1921 4012 ab·

228 4049 256 4098 et
279 4041 489 4097 administrandi
511 4047 686 4098 sacramenta
702 4060 752 4112 per
768 4043 921 4114 legitimam
940 4039 1060 4097 vocatio·
1087 4046 1176 4100 soluta
1193 4051 1316 4117 potestas
1335 4045 1468 4114 competit
1473 4066 1484 4112 ,·
1504 4043 1552 4097 sed
1571 4043 1687 4097 ministri
1706 4061 1762 4098 non
1775 4044 1826 4097 nisi
1840 4044 1921 4114 ὀργα-

227 4148 291 4186 nem
304 4131 413 4198 datam;
430 4130 511 4184 istam
528 4136 656 4184 statuunt
675 4128 798 4185 incertis
813 4130 946 4202 gradibus
958 4130 1059 4201 partim
1088 4134 1165 4193 νικῶς
1183 4138 1279 4202 agunt,
1298 4131 1359 4184 ideo
1377 4130 1498 4184 actiones
1513 4146 1577 4183 suas
1588 4130 1624 4181 ad
1636 4129 1762 4183 divinum
1778 4130 1922 4184 arbitrium

223 4219 288 4288 jure
306 4216 408 4285 divino,
428 4216 529 4287 partim
548 4216 667 4287 positivo
686 4233 734 4271 seu
752 4215 953 4286 approbatione
972 4216 1059 4271 eccle·
1086 4227 1114 4273 et
1134 4218 1336 4291 praescriptum
1353 4216 1563 4285 accommodare
1583 4215 1694 4270 debent.
1730 4217 1777 4271 Ad
1795 4217 1866 4271 hanc
1881 4233 1922 4270 or-

227 4305 285 4360 sise
304 4303 481 4370 introductis3
500 4303 571 4358 hanc
588 4303 618 4356 in
636 4301 783 4373 disciplina
803 4302 992 4358 ecclesiastica
1009 4318 1059 4357 seu
1087 4306 1157 4360 dinis
1175 4310 1339 4374 potestatem
1353 4320 1416 4358 cum
1429 4302 1577 4374 pertineat,
1593 4302 1633 4356 uti
1648 4302 1755 4356 dictum
1768 4302 1829 4365 fuit,
1842 4319 1923 4372 prae·

227 4394 365 4460 potestate
388 4389 515 4443 clavium
551 4388 629 4466 Idaea
648 4388 792 4443 diversitas
808 4388 837 4443 in
854 4389 1059 4446 enumeratione
1086 4392 1188 4445 dicatio
1220 4390 1312 4458 verbi,
1343 4391 1406 4444 ideo
1434 4389 1471 4442 ad
1496 4404 1557 4442 eam
1580 4386 1677 4441 referri
1702 4405 1812 4459 quoque
1838 4388 1923 4442 debet

226 4477 347 4548 partium
366 4474 511 4546 potestatis
530 4475 732 4531 ecclesiasticae
749 4475 925 4531 distinctione
939 4477 1059 4546 quadam
1082 4478 1199 4546 publica
1229 4480 1394 4546 Scripturas
1424 4475 1636 4543 interpretatio,
1664 4492 1720 4545 qua
1747 4491 1839 4529 eoram
1862 4480 1923 4528 tota

226 4563 367 4620 conciliari
384 4569 484 4635 potest.
522 4561 552 4619 Si
571 4568 712 4634 respectus
729 4562 867 4619 habeatur
886 4567 1059 4633 adpetente·
1086 4564 1203 4619 ecclesia
1228 4581 1310 4618 verus
1335 4562 1495 4631 Scripturas
1518 4578 1614 4615 sensus
1639 4565 1745 4616 eruitur
1773 4561 1854 4616 etad
1874 4578 1922 4615 au·

227 4659 281 4706 lem
306 4651 460 4706 ministerio
484 4651 619 4705 divinitas
642 4667 813 4719 concessam,
840 4651 891 4705 illa
907 4651 1060 4707 absolvitur
1085 4652 1206 4705 ditorum
1224 4649 1444 4704 informationem
1462 4649 1703 4715 accommodatur,
1731 4665 1765 4703 ea
1784 4665 1848 4703 vero
1866 4665 1921 4702 non

228 4737 336 4792 duabus
355 4738 414 4794 istis
434 4738 575 4809 partibus,
598 4736 730 4792 videlicet
748 4744 885 4808 potestate
902 4746 961 4793 tum
981 4757 1059 4811 prae-
1086 4738 1169 4791 debet
1195 4753 1255 4791 esse
1283 4736 1356 4794 ἰδίας
1384 4733 1545 4802 ἐπιλύσεως,
1576 4741 1600 4790 2.
1623 4735 1685 4789 Pet.
1706 4740 1733 4796 l,
1762 4752 1788 4789 v.
1809 4740 1850 4788 20.
1871 4735 1920 4788 sed

227 4820 340 4877 dicandi
366 4823 481 4878 verbum
506 4831 534 4880 et
554 4823 764 4879 administrandi
786 4833 970 4894 sacramenta,
1001 4833 1059 4880 tum
1080 4824 1153 4893 fidei
1170 4822 1295 4891 arsaloya
1313 4820 1391 4874 Rom.
1416 4826 1455 4883 12,
1475 4839 1500 4876 v.
1521 4829 1543 4875 7.
1557 4822 1609 4876 hoc
1624 4827 1666 4876 est
1680 4820 1845 4875 conveniens
1858 4834 1921 4872 cum

226 4913 363 4981 potestate
381 4909 513 4978 clavium3
532 4911 580 4965 illa
597 4910 680 4965 etiam
693 4916 816 4980 potestas
835 4912 962 4965 omuibus
979 4910 1058 4964 mini-
1085 4907 1241 4979 praecipuis
1266 4912 1294 4961 et
1319 4907 1422 4975 apertis
1447 4906 1607 4976 Scripturae
1630 4905 1815 4976 pronuntiatis
1840 4922 1922 4960 verae

226 4998 291 5052 stris
318 5013 351 5051 ex
375 5013 464 5067 aequo
489 4998 639 5053 communis
658 5003 714 5065 est,
740 5010 804 5051 cum
823 4995 851 5050 in
870 4996 964 5052 infimo
981 4997 1059 5051 mini·
1085 4994 1227 5066 religionis
1259 4993 1441 5047 fundamenta
1472 4993 1684 5050 continentibus.
1734 4992 1853 5054 Quidam
1884 4991 1921 5044 ad

227 5085 303 5143 sterii
319 5083 499 5139 ecclesiastici
519 5084 608 5153 gradu
625 5083 790 5140 constitutus
808 5099 896 5153 aeque
915 5100 976 5138 eam
989 5084 1058 5138 obti—
1085 5100 1146 5139 eam
1171 5082 1295 5137 referunt
1317 5089 1483 5149 potestatem
1510 5077 1708 5153 νομοθετικήν,
1735 5095 1808 5147 quae
1834 5078 1923 5132 sancit

227 5176 293 5226 neat
316 5176 399 5241 atque
423 5169 459 5236 is,
484 5173 531 5239 qui
550 5170 663 5239 reliquis
683 5169 814 5223 ministris
833 5168 989 5238 praefectus
1009 5174 1057 5224 est.
1086 5169 1167 5224 utiles
1185 5175 1214 5223 et
1233 5167 1368 5222 salutares
1387 5169 1597 5223 constitutiones
1614 5181 1678 5218 cum
1697 5164 1780 5219 verbo
1793 5165 1846 5219 Dei
1858 5181 1921 5219 con-

227 5257 258 5313 si
280 5273 346 5312 vero
368 5261 509 5325 respectus
528 5255 664 5310 habeatur
683 5258 724 5308 ad
735 5263 901 5324 potestatem
917 5263 991 5308 certo
1009 5257 1059 5308 mi·
1085 5262 1224 5325 gruentes,
1243 5256 1375 5308 decorum
1393 5264 1420 5307 ct
1440 5255 1568 5309 ordinem
1578 5256 1743 5320 spectantes,
1766 5259 1790 5309 1.
1804 5252 1867 5308 Cor.
1883 5258 1921 5320 14,

226 5345 379 5399 canaam
397 5343 502 5414 prediti
520 5342 556 5394 ab
575 5343 692 5395 eeclesia
709 5359 881 5410 concurses,
899 5345 965 5394 tuno
983 5347 1058 5411 pote·
1084 5358 1109 5396 v.
1129 5346 1170 5395 40.
1196 5357 1312 5412 quarum
1334 5340 1471 5411 quaedam
1493 5335 1644 5405 respiciunt
1661 5337 1730 5390 ritus
1758 5345 1786 5391 et
1808 5337 1922 5392 cerimo-

227 5430 402 5485 stasordinis
420 5445 437 5482 a
455 5432 593 5498 potestate
610 5426 754 5481 ministerii
773 5427 847 5481 dicto
867 5426 948 5480 modo
962 5426 1057 5480 distin·
1085 5427 1158 5494 nias‚
1186 5427 1321 5497 quaedam
1348 5444 1412 5479 vero
1438 5421 1610 5490 disciplinam
1633 5429 1791 5494 rectamque
1810 5425 1920 5478 vivendi

227 5517 277 5589 gui
296 5522 396 5588 potest,
416 5514 544 5570 nimirum
562 5519 594 5568 ut
603 5519 727 5584 potestas
739 5512 882 5568 ministerii
895 5513 1004 5568 dicatur
1015 5529 1057 5579 ea,
1070 5490 1073 5572 l
1087 5530 1210 5567 normam
1227 5518 1280 5567 etc.
1299 5512 1347 5566 sed
1366 5511 1432 5582 quia
1451 5508 1560 5562 illarum
1573 5510 1801 5565 constitutionum
1812 5511 1921 5565 sanctio
