4020 6014
259 197 319 254 484
834 188 956 246 Locus
973 183 1179 244 victamne
1196 185 1379 253 QUARTUS

258 343 502 415 praestantissimis
521 344 640 407 sanctis,
665 343 712 413 qui
730 344 820 398 carnis
840 341 1003 413 peccatricis
1019 355 1089 395 onus
1104 340 1106 380 l
1119 348 1198 393 entra
1208 341 1323 407 factm
1340 348 1417 406 tuos,
1443 356 1529 409 quom
1552 337 1606 391 toli
1622 339 1658 392 de
1678 354 1767 391 mona
1788 334 1958 389 Amorrhosi

260 430 288 483 in
307 429 359 484 hac
378 431 436 484 vita
453 430 543 484 adhue
563 430 775 495 circumferunt;
802 429 915 500 quidam
941 428 977 481 ad
1000 416 1148 497 ipsum'iu
1165 426 1266 493 plodio
1285 434 1311 479 et
1329 443 1400 479 areu
1420 440 1488 478 meo.
1527 422 1647 486 Quidam
1665 439 1698 477 ex
1716 420 1862 476 Hebraeis
1884 437 1957 488 expo·

264 517 402 568 Christum
418 516 549 580 referunt,
569 523 600 569 ut
619 516 655 569 sit
673 533 783 582 sensus,
800 514 958 581 Christum,
978 513 1025 583 qui
1044 512 1094 564 mi·
1106 509 1107 515 ’
1120 518 1190 564 nunt
1208 512 1242 565 de
1260 511 1342 564 armis
1362 510 1568 580 spiritualibus,
1588 509 1718 563 videlicet
1732 508 1767 561 de
1787 506 1894 562 Jacobi
1906 523 1957 574 pre

261 619 311 655 nor
330 611 372 655 est
389 601 573 655 exinanitione
595 608 624 654 et
641 608 754 661 externa
766 600 857 671 specie
872 599 973 654 Psalm.
991 604 1014 661 8,
1032 616 1056 650 ι.
1068 603 1091 652 6,
1120 595 1214 663 cibus;
1245 596 1357 666 quidam
1376 596 1517 664 accipiunt
1542 596 1569 647 in
1587 594 1699 660 futuro,
1719 593 1756 645 do
1778 591 1836 645 tibi
1857 601 1958 655 terram,

262 687 363 742 Psalm.
384 692 424 749 22,
443 705 468 741 ι.
487 694 509 741 t.
529 703 588 741 esse
608 687 739 752 maiorem
758 686 886 755 Baptista
904 689 1032 754 respectu
1052 682 1093 736 di·
1107 743 1108 746 ,
1121 700 1205 752 quam
1225 682 1277 736 mei
1294 683 1396 752 posteri
1417 699 1484 735 arcu
1502 689 1530 735 et
1547 680 1643 751 gladio
1662 697 1712 734 suo
1731 679 1768 732 ab
1782 675 1957 731 Amorrhseis

261 773 389 842 gnitatis,
410 773 577 841 majestatis,
605 789 753 840 personae,
783 769 868 824 officii
886 776 914 823 et
934 759 1247 838 ministerii;}capient;
1273 768 1387 837 quidam
1404 768 1576 829 existimant,
1607 773 1714 836 patrem
1730 763 1784 817 sibi
1807 763 1958 823 vendicare,

261 856 373 926 quidam
393 857 519 927 denique,
539 874 607 926 quos
626 858 810 912 Solimaltzius
834 856 974 925 sequitur,
1003 853 1095 908 existi·
1109 848 1196 924 ffquod
1213 854 1322 908 Simeon
1340 860 1368 906 et
1389 853 1456 906 Levi
1477 852 1524 905 filii
1550 851 1645 923 gladio
1670 851 1722 903 sibi
1745 849 1959 920 acquisiverant

262 950 346 1008 mant,
365 943 598 1011 comparationem
618 942 724 995 institui
742 942 815 995 inter
825 941 981 995 iohannem
1000 939 1094 1007 Bapti·
1122 938 1221 994 Genea.
1238 944 1280 1008 34,
1299 957 1324 994 ι.
1346 944 1390 994 29.
1405 939 1454 992 sed
1478 939 1711 1008 simplicissimum
1733 946 1792 999 est,
1824 935 1902 1006 quod
1918 933 1959 986 alii

262 1033 332 1080 stam
353 1035 381 1080 et
400 1028 578 1080 novissimum
601 1028 722 1098 aliquem
748 1044 780 1079 ιι
797 1027 934 1078 ministris
953 1025 1094 1089 ecclesiae,
1121 1040 1153 1076 ex
1180 1023 1315 1078 Hebraeis
1344 1024 1453 1088 dieunt,
1483 1024 1587 1077 vicinos
1615 1023 1834 1078 sichemitarum
1868 1027 1960 1074 contra
1984 1056 1987 1060 ι

263 1112 309 1180 qui
322 1118 385 1180 post
397 1111 499 1166 Christi
512 1113 719 1166 adscensionem
739 1110 914 1181 evangelium
931 1110 969 1163 sit
985 1109 1095 1178 praedi·
1121 1108 1257 1163 iacobum
1278 1117 1306 1163 et
1322 1110 1408 1178 ipsius
1429 1109 1562 1163 familiam
1581 1107 1687 1163 bellum
1705 1107 1830 1162 movisse
1850 1111 1960 1176 propter

262 1204 381 1261 saturus,
403 1199 449 1267 qui
468 1198 504 1251 sit
517 1199 604 1266 maj0r
617 1198 745 1266 Baptista
755 1214 811 1251 non
827 1196 935 1250 ratione
953 1195 1096 1257 donorum,
1109 1182 1110 1199 ¹
1123 1193 1193 1246 illud
1211 1194 1346 1249 Simeonis
1365 1211 1396 1248 ae
1418 1195 1486 1249 levi
1506 1194 1625 1261 iactum,
1655 1194 1704 1247 sed
1724 1194 1755 1246 in
1773 1208 1808 1246 eo
1826 1190 1961 1245 iacobum

264 1283 313 1336 sed
338 1283 443 1335 ratione
468 1283 626 1350 ministerii,
653 1282 719 1352 quia
746 1281 890 1351 praedicat
907 1296 1024 1350 regnum
1043 1274 1217 1333 Dei'divino
1244 1280 1345 1334 auxilio
1373 1281 1504 1335 victorem
1534 1280 1662 1335 evasisse.
1699 1284 1727 1334 ι.
1756 1278 1876 1344 Moyses
1902 1293 1961 1329 cunr

262 1385 316 1420 non
339 1367 455 1437 alonge
481 1374 640 1428 venturum,
670 1375 701 1420 ιιι
726 1366 893 1436 prophetae,
920 1382 971 1419 nee
989 1364 1287 1419 mntumhmsleeitis
1301 1366 1373 1420 bello
1387 1365 1608 1420 decernitExod.
1630 1370 1669 1432 17,
1689 1381 1714 1416 ι.
1737 1369 1762 1419 9.
1777 1379 1861 1433 reges
1880 1360 1962 1427 Arad,

263 1454 509 1523 appropinquasse,
531 1460 562 1506 ιιι
581 1452 724 1521 Baptista,
746 1452 793 1505 sed
810 1453 870 1520 J'am
887 1451 1050 1515 venissest
1068 1450 1215 1505 in'Sehon
1235 1458 1263 1504 et
1283 1451 1328 1521 Og
1346 1451 1374 1504 in
1393 1452 1496 1520 proelio
1514 1451 1601 1504 vincit
1619 1450 1699 1505 Num.
1720 1455 1762 1512 21,
1782 1466 1809 1503 ι.
1835 1454 1857 1502 1.
1876 1452 1918 1500 24.
1936 1452 1963 1499 et

263 1554 295 1591 eo
324 1545 455 1607 tanquam
483 1539 655 1607 dispensator
683 1537 875 1606 mysteriorum
911 1536 964 1589 Dei
993 1536 1021 1587 in
1048 1552 1097 1589 suo
1125 1541 1165 1590 34.
1189 1536 1270 1590 Dent
1292 1542 1316 1605 2,
1337 1555 1362 1589 v.
1382 1543 1424 1591 31.
1444 1553 1505 1606 cap.
1526 1543 1549 1605 3,
1569 1553 1594 1588 ι.
1615 1540 1639 1590 2.
1680 1539 1706 1587 4.
1724 1535 1822 1588 Josaa
1840 1533 1897 1586 dux
1916 1548 1961 1601 po·

264 1623 413 1676 ministerio
432 1629 564 1677 versatur.
588 1622 643 1675 Sed
662 1621 685 1674 si
707 1622 750 1676 vel
769 1621 887 1675 maxime
904 1621 973 1674 hano
995 1628 1097 1689 postre-
1111 1629 1112 1639 ¹
1110 1621 1184 1695 puli
1208 1621 1340 1676 diuinitus
1364 1623 1469 1677 electus
1498 1626 1603 1692 quanta
1628 1621 1702 1675 bella
1727 1619 1850 1689 gesserit
1870 1625 1963 1672 conns

191 1743 196 1752 ·
265 1724 337 1761 mam
352 1709 516 1777 iuterprteta
518 1707 607 1760 ionem
623 1706 775 1776 repudiatis
785 1707 899 1776 reliqum
913 1714 1098 1775 acceptemus,
1111 1707 1301 1775 'Cananaeos,
1331 1709 1451 1762 ostendit
1468 1708 1538 1761 liber
1559 1706 1676 1771 Josuse,
1698 1704 1765 1774 Sap.
1786 1710 1812 1762 6,
1831 1722 1856 1759 ι
1878 1709 1963 1758 616.

265 1793 334 1846 nihil
359 1804 451 1847 tamen
476 1793 584 1846 aceedit
610 1794 763 1847 sententiae
791 1791 959 1847 Schmaltzii.
1002 1793 1113 1881 Neque
1130 1799 1168 1847 11.
1191 1799 1229 1848 12.
1265 1800 1291 1848 6.
1310 1795 1428 1846 Jadices
1442 1793 1573 1847 divinitus
1591 1790 1701 1846 excitati
1721 1789 1858 1859 populum
1879 1790 1963 1842 israh-

264 1880 337 1932 enim
365 1897 399 1933 ex
422 1878 559 1931 distinctis
584 1878 717 1947 gradibus
737 1878 912 1931 revelationis
937 1877 1031 1930 inferri
1051 1895 1113 1971 ρο·
1112 1850 1233 1931 l¹itioum
1257 1877 1293 1931 ab
1319 1879 1438 1931 hostium
1465 1878 1597 1932 servitute
1622 1883 1650 1930 et
1667 1876 1818 1945 tyrannide
1836 1875 1963 1935 liberant,

264 1972 332 2028 test,
365 1964 509 2032 Baptistae
529 1962 683 2016 doctrinam
709 1963 743 2015 ad
763 1963 967 2017 Christianos
959 1980 987 2016 111
1010 1963 1044 2017 N.
1064 1961 1097 2016 T.
1112 1931 1222 2033 utpote
1239 1964 1336 2016 Jonas
1354 1964 1458 2018 «iosuae
1476 1979 1618 2017 successor
1629 1961 1694 2016 Jud
1712 1969 1734 2027 1,
1753 1979 1778 2014 ι.
1794 1966 1819 2015 4.
1836 1959 1964 2014 Οιιιοιιιιι

265 2067 319 2103 non
350 2049 501 2119 pertinere,
536 2048 580 2101 vel
608 2048 690 2101 etiam
723 2048 824 2101 Christi
855 2056 885 2102 et
914 2048 1099 2118 apostolorum
1124 2049 1190 2104 dud.
1219 2054 1248 2114 3,
1278 2066 1304 2105 ι.
1329 2055 1367 2103 10.
1407 2051 1473 2102 Αοιι
1497 2067 1522 2103 v.
1548 2054 1589 2104 29
1614 2049 1713 2100 Barac
1736 2046 1805 2100 Jud.
1832 2054 1864 2113 4,
1891 2065 1917 2101 ι.
1941 2052 1964 2100 t.

188 2165 200 2184 .
266 2136 408 2190 doctrinae
427 2151 487 2188 esse
507 2135 686 2198 contrariam,
712 2152 775 2187 cum
801 2134 906 2203 gradum
924 2133 1099 2187 revelationis
1129 2135 1242 2189 Gideors
1261 2135 1371 2201 Jud'l,
1391 2153 1415 2188 ι.
1434 2140 1475 2190 211.
1495 2142 1545 2188 etc.
1571 2137 1597 2188 6.
1614 2135 1702 2199 Bepes
1720 2132 1869 2186 Israiilitici
1887 2132 1963 2197 aaut

265 2238 321 2273 non
345 2227 453 2274 mutent
479 2219 568 2289 ipsam
599 2218 765 2282 doctrinam,
798 2235 848 2272 nec
877 2219 1114 2273 contrarietatem
1127 2221 1243 2286 David,
1268 2222 1419 2284 Ezechias,
1447 2221 1619 2289 Joscphatas
1647 2228 1701 2273 etc.
1750 2217 1805 2272 Dei
1833 2217 1964 2271 mandato

267 2307 388 2375 aliquam
408 2307 479 2359 inter
500 2321 541 2366 ea,
562 2321 633 2374 quae
651 2305 740 2373 gradu
755 2304 895 2367 differunt,
913 2304 1114 2358 introducant
1112 2276 1201 2399 {bella
1218 2305 1364 2376 gesserunt
1391 2308 1507 2376 ejusque
1525 2303 1659 2359 beneficio
1677 2320 1711 2357 ex
1731 2303 1861 2357 hostibus
1882 2303 1964 2356 victo

265 2392 423 2446 Erasmus
417 2409 445 2444 111
464 2408 523 2460 οιρ
543 2396 566 2443 3.
587 2389 653 2444 Luc.
674 2390 770 2444 eodem
785 2391 865 2443 modo
883 2390 999 2460 excipit:
1018 2368 1114 2443 Hoec¹
1125 2393 1181 2446 rias
1201 2392 1363 2447 retulerunt.
1401 2396 1421 2443 7.
1450 2395 1543 2444 Duces
1568 2388 1728 2444 Maccabaei
1756 2389 1868 2460 quoties
1894 2388 1965 2443 bello

267 2479 328 2530 diei
346 2495 401 2529 noa
421 2477 607 2542 Christianus,
637 2477 689 2528 sed
707 2477 821 2529 ‘thaisis
841 2484 891 2528 out
909 2485 983 2530 certe
995 2479 1114 2559 prosu·-
1111 2448 1305 2530 ³¹dimicaruntl
1344 2493 1426 2547 quarn
1454 2477 1606 2552 gloriosas
1616 2475 1747 2529 victorias
1774 2475 1965 2543 reportarunt!

268 2564 392 2616 nutantis
405 2563 545 2629 ducionis,-
565 2569 661 2629 postea
681 2561 773 2615 addit:
791 2562 944 2614 Boeotiam
957 2535 1213 2649 militibus,¹Hebr.
1235 2569 1273 2630 11,
1293 2580 1317 2617 v.
1337 2569 1378 2617 34.
1393 2561 1543 2617 desanctxs
1557 2559 1745 2632 compluribus
1760 2560 1872 2627 dicitur,
1892 2560 1966 2632 quod

268 2666 323 2701 ιιοιι
348 2655 378 2699 ιιι
401 2665 433 2699 ιιι
459 2656 600 2699 servantes
624 2648 688 2699 horse
714 2648 849 2712 viserent,
881 2648 933 2699 sed
957 2656 987 2700 ut
1008 2648 1114 2700 minus
1112 2612 1174 2704 ¹dsri
1195 2653 1318 2715 ιιισιιως,
1336 2666 1388 2716 ριν
1400 2650 1497 2714 sidem,
1516 2649 1606 2710 fortes
1631 2647 1706 2710 fusti
1722 2648 1779 2699 siut
1798 2646 1829 2697 in
1848 2647 1923 2700 hello
1943 2653 1965 2697 et

268 2734 340 2785 mule
361 2750 435 2785 rienes
437 2741 494 2796 eat
520 2734 547 2785 in
566 2750 649 2802 quam
668 2730 832 2785 sententiam
851 2731 933 2786 etiam
952 2732 1114 2802 Theopby-'
1113 2741 1221 2786 ιαιιιο
1255 2735 1387 2786 verterint
1414 2742 1577 2788 exterorum.
1627 2733 1701 2802 Ergo
1736 2731 1841 2786 bellum
1878 2737 1966 2799 potest

268 2819 358 2872 lactus
378 2818 486 2872 videtur
504 2818 685 2887 propendere.
711 2816 935 2886 Respondemus:
957 2824 977 2873 1.
996 2818 1098 2874 dohan—
1112 2822 1114 2876 1
1127 2837 1187 2874 esse
1212 2818 1278 2874 fidei
1301 2819 1469 2874 exercitium.
1511 2819 1578 2873 Illos
1603 2834 1667 2872 vero
1693 2834 1790 2872 omnes
1815 2817 1965 2887 impietatis

267 2919 317 2956 nes
341 2903 426 2972 paulo
451 2911 515 2956 ante
539 2903 566 2956 in
593 2919 694 2977 genere
720 2903 839 2957 dixerat:
867 2905 966 2956 Facite
989 2907 1271 2972 fraetasldamnant,
1288 2905 1335 2974 qui
1355 2904 1480 2974 legitima
1499 2904 1573 2959 bella
1589 2902 1753 2973 improbant.

263 2990 439 3058 poenitentia
457 2991 566 3056 clipeos,
585 2989 722 3058 posteain
736 2989 1001 3058 specieamilitibus
1019 2992 1115 3051 inter
1162 2996 1221 3046 315.
1258 2989 1335 3044 Neve
1350 2990 1477 3058 excipere
1490 2989 1598 3058 possint
1614 2989 1774 3056 adversarii,
1795 2990 1886 3041 alium
1907 3005 1965 3043 esse

267 3082 395 3145 rogatus,
428 3075 591 3145 quomodo
585 3093 612 3127 m
631 3091 681 3127 suo
699 3074 791 3127 officio
808 3074 915 3128 fruetus
931 3060 1171 3164 poeniteutialV..
1191 3076 1280 3128 atium
1304 3092 1370 3128 vero
1401 3077 1436 3130 N.
1464 3077 1496 3130 T
1514 3076 1658 3143 rationem,
1681 3075 1745 3128 ideo
1762 3074 1965 3144 subjungemus

269 3160 368 3229 dignos
389 3159 479 3214 faeere
501 3160 626 3228 possint,
650 3159 812 3227 respondet.
788 3161 983 3213 tNeminem
1002 3179 1099 3213 concu·
1113 3134 1254 3250 ¹exempla
1280 3177 1390 3228 eorum,
1417 3161 1464 3230 qui
1488 3160 1572 3215 inN.
1600 3160 1633 3213 T.
1655 3159 1768 3214 militari
1791 3158 1887 3215 officio
1905 3176 1964 3230 per·

267 3246 346 3297 tintis
372 3251 424 3298 eto.
462 3245 537 3315 Ergo
561 3244 682 3315 pertinet
710 3243 778 3299 haec
806 3245 951 3299 instructio
974 3247 1010 3299 ad
1030 3247 1116 3301 bene·
1113 3226 1216 3300 ¹functi
1243 3246 1335 3313 fuere,
1364 3262 1416 3300 nec
1444 3253 1537 3300 tamen
1563 3245 1615 3300 hoc
1636 3245 1747 3301 nomine
1772 3263 1790 3299 a
1807 3245 1919 3299 Christo
1937 3250 1965 3298 et

268 3330 378 3384 vivendi
408 3336 567 3400 praecepta.
616 3336 639 3385 2.
669 3330 831 3384 Immediste
859 3330 999 3400 praecedit
1027 3347 1100 3384 com·
1113 3332 1260 3402 apostolis
1289 3337 1354 3385 sunt
1381 3330 1487 3400 rejecti.
1532 3335 1553 3384 ι
1584 3330 1715 3383 Centurio
1747 3329 1966 3399 Oapemoiticas

269 3415 394 3470 minatio:
430 3417 526 3469 Οιιιιιιι
556 3416 655 3482 orbor,
688 3433 760 3484 qaae
791 3434 848 3467 ιιοιι
875 3417 949 3479 tacit
971 3414 1116 3484 fractum
1129 3417 1225 3471 Matth.
1248 3423 1277 3485 8,
1301 3434 1325 3472 ι.
1344 3422 1367 3471 8.
1387 3417 1442 3470 fuit
1465 3415 1501 3469 ad
1524 3415 1665 3470 Christum
1691 3433 1756 3470 vera
1774 3416 1831 3470 fide
1849 3433 1962 3470 conver·

180 3542 182 3555 .
269 3501 382 3569 bonum,
407 3502 580 3554 exscinditur
599 3509 625 3553 ιι
643 3501 673 3553 in
693 3502 786 3569 ipsene
806 3502 940 3567 mittitur,
965 3502 1009 3554 cui
1028 3518 1100 3555 com·
1127 3520 1183 3558 sus.
1220 3457 1299 3555 Ide¹m
1318 3516 1447 3569 expresse
1464 3500 1572 3557 dicits.
1593 3509 1616 3555 9.
1642 3503 1718 3568 qaod
1739 3502 1842 3554 haheat
1868 3503 1919 3552 sab
1936 3518 1965 3552 ιι

139 4333 159 4376 h
174 4335 207 4376 Ex

141 4396 222 4426 censu

139 4437 223 4478 ιιιιιιιι-

140 4494 217 4528 ιιιιιιιι
195 4489 247 4528 tells

140 4539 219 4579 eondl·

139 4593 209 4631 tione.

269 3586 412 3639 minutioni
430 3585 576 3655 subjicitur
594 3585 662 3639 haec
682 3586 834 3639 instructio
878 3588 950 3655 Ergo
969 3589 1100 3683 praescri·
1113 3565 1258 3641 ¹milites'
1247 3589 1364 3656 imperio
1392 3604 1444 3639 suo
1463 3587 1654 3653 obsequentes,
1678 3601 1769 3654 neque
1792 3593 1885 3640 tamen
1913 3586 1964 3640 hoe

267 3670 310 3724 bit
333 3670 454 3724 fructum
479 3671 599 3738 bonum,
633 3688 715 3742 quem
735 3671 825 3725 faeere
849 3671 964 3740 debent,
998 3673 1045 3742 qui
1064 3672 1115 3726 ab·
1128 3674 1237 3728 nomine
1265 3672 1409 3727 aChristo
1435 3671 1489 3725 suit
1518 3673 1651 3740 rejectus,
1681 3671 1726 3724 vel
1752 3671 1788 3725 ab
1815 3672 1868 3725 hoc
1893 3672 1966 3725 ritae

268 3754 332 3825 igne
349 3754 478 3809 infernali
496 3756 550 3809 sibi
573 3773 616 3810 me
617 3761 706 3810 ι.ιιιιιιι
745 3763 767 3811 3.
789 3755 1017 3826 Theophylactus
1035 3757 1229 3841 facitgenere
1246 3767 1399 3823 revocatus,
1419 3757 1468 3812 sed
1486 3757 1598 3827 egregio
1616 3756 1709 3826 potius
1724 3755 1790 3810 fidei
1808 3757 1966 3812 testimonio

269 3840 403 3894 duntaxat
423 3847 511 3896 certos
532 3841 640 3895 virtutis
658 3841 775 3910 gradus,
804 3859 859 3894 non
886 3849 978 3896 autem
997 3843 1116 3897 bellum
1129 3851 1250 3909 ornatus,
1274 3862 1299 3899 ι.
1327 3850 1366 3900 10.
1387 3862 1443 3897 uon
1464 3844 1558 3896 inueni
1576 3850 1683 3895 tantum
1697 3844 1821 3910 ficiem'
1809 3861 1838 3895 ιιι
1859 3843 1964 3897 Isi-oei.

270 3932 351 3979 vocat
369 3925 485 3995 malum,
505 3926 661 3980 iohannem
674 3927 744 3980 dicit
757 3928 897 3981 hortatum
916 3945 974 3982 esse
994 3931 1116 3996 turbas,-
1115 3932 1203 4007 Ergo
1223 3935 1313 3984 status
1333 3929 1461 3984 militaris
1480 3937 1509 3983 et
1525 3944 1591 3984 vera
1610 3929 1640 3982 in
1657 3926 1796 3982 Christum
1813 3926 1884 3981 fides
1903 3945 1965 3998 pos·

271 4028 343 4081 quae
361 4021 442 4064 ιιιιιι
463 4014 629 4079 ιἰιιιοιιιιιιι,
655 4017 696 4066 ιιι
719 4031 806 4082 opero
824 4015 911 4079 hona,
934 4014 985 4067 hoc
1005 4023 1045 4068 est
1063 4018 1117 4071 ιιι.
1131 4022 1196 4070 sunt
1215 4018 1242 4070 in
1263 4034 1318 4070 uno
1333 4016 1485 4085 eodemque
1503 4015 1629 4084 subjecto
1652 4014 1809 4068 consistere.
1847 4017 1875 4068 2.
1898 4014 1965 4068 Cea·

268 4097 338 4150 bona
364 4114 425 4148 cum
450 4097 517 4150 aliis
543 4099 773 4151 communicanda
779 4120 790 4166 ,·
820 4101 987 4167 publicanos
1009 4078 1204 4195 ιιιιιιιιέιιιιιο
1224 4103 1303 4155 errici
1321 4100 1430 4155 Christi
1444 4101 1578 4154 assistens
1596 4098 1694 4154 Μιιιι1.
1715 4104 1755 4161 at,
1773 4116 1798 4153 ι.
1818 4104 1861 4155 54.
1881 4116 1965 4171 agno·

270 4188 296 4234 ιι
315 4182 427 4249 milites,
448 4183 498 4251 qui
517 4200 571 4235 non
589 4189 669 4236 erant
682 4184 766 4252 hujus
779 4186 965 4251 perfeetionis
978 4205 1118 4257 capsaces,
1116 4177 1191 4253 soit,
1212 4186 1353 4241 Christum
1374 4202 1436 4240 esse
1453 4203 1517 4240 vere
1535 4184 1590 4239 Dei
1609 4184 1725 4252 auium,
1743 4200 1811 4254 ergo
1829 4185 1914 4237 etiam
1932 4200 1964 4239 ex

275 4268 417 4320 hortatum
438 4283 504 4332 0⁸⁸?
521 4274 552 4319 ut
570 4285 587 4318 a
609 4268 684 4320 malo
706 4269 878 4322 declamat
1117 4279 1207 4327 'statu
1225 4272 1338 4326 militari
1359 4271 1472 4341 quidam
1491 4276 1626 4324 vocantur
1644 4268 1681 4322 ad
1701 4269 1850 4323 salutarem
1871 4270 1964 4340 cogni·

310 4357 369 4407 314.
405 4356 432 4408 3.
450 4354 496 4405 Ee
516 4370 603 4406 causo
621 4354 833 4409 iustr'amentuts.
870 4355 958 4411 an.
979 4358 1012 4414 T.
1033 4359 1119 4419 bella
1132 4359 1234 4413 tionem
1267 4362 1296 4411 st
1325 4358 1493 4411 consortium
1526 4355 1606 4425 regni
1636 4353 1752 4421 Christi,
1781 4371 1832 4409 neo
1864 4355 1966 4426 legitur

275 4445 420 4508 gesserunt
409 4438 569 4492 thomines
596 4438 635 4507 pii
663 4445 691 4492 et
719 4439 821 4501 sancti,
788 4440 949 4495 theroe's
975 4443 1119 4498 divinitus
1132 4445 1176 4497 hic
1206 4444 1328 4497 centurio
1356 4441 1392 4496 ab
1419 4440 1511 4496 officio
1528 4458 1578 4495 suo
1601 4439 1645 4494 vel
1667 4441 1741 4493 vitae
1765 4457 1868 4509 genere
1887 4457 1964 4497 ravo·

275 4524 393 4590 excitati,
411 4525 458 4594 qui
475 4524 679 4578 nihilominus
671 4542 700 4578 111
717 4524 772 4577 Dei
789 4526 881 4595 gratia
901 4533 1059 4581 manserunt
1077 4534 1119 4584 et
1132 4536 1223 4593 catus,
1259 4544 1325 4598 ergo
1362 4525 1482 4580 officium
1521 4526 1639 4579 militare
1672 4542 1728 4578 non
1762 4531 1872 4595 pugnat
1903 4544 1965 4581 cum

274 4609 328 4679 ipsi
346 4609 519 4678 placuerunt
560 4609 634 4679 Ergo
659 4609 733 4664 bella
759 4611 883 4681 legitima
908 4629 962 4665 non
979 4621 1119 4683 pugnant
1130 4613 1229 4667 fide
1222 4632 1251 4667 m
1288 4613 1437 4667 Christum.
1480 4612 1557 4666 Neve
1594 4609 1721 4678 excipere
1758 4611 1866 4679 possint
1893 4612 1964 4666 Pho·

270 4711 333 4748 cum
354 4696 465 4764 pietate,
485 4711 536 4748 nec
554 4695 706 4749 excludunt
725 4696 884 4750 hominess
902 4697 953 4751 Dei
971 4699 1062 4768 gratia
1078 4699 1242 4767 attiniani,
1274 4698 1386 4768 quod
1379 4716 1406 4750 m
1436 4696 1519 4750 simili
1552 4696 1713 4766 quaestione
1743 4695 1965 4751 facitscbmal·

141 4791 197 4833 xiv.
212 4789 257 4833 ιιι
270 4796 355 4848 regno
376 4781 521 4834 coelorum.
561 4781 740 4834 Antecedeus
759 4781 898 4850 probatur.
926 4784 1118 4847 habraham
1130 4786 1201 4838 taius
1231 4789 1326 4838 contra
1352 4782 1423 4852 disp.
1457 4788 1481 4838 6.
1509 4789 1608 4850 poster.
1638 4781 1673 4836 D.
1699 4780 1810 4836 Prema
1840 4781 1876 4834 de
1907 4781 1966 4838 reb.

269 4865 355 4935 gessit
377 4866 480 4920 bellum
498 4873 595 4920 contra
614 4874 733 4936 quatuor
751 4884 830 4936 reges
844 4866 944 4922 Genea.
962 4875 999 4930 14,
1021 4887 1046 4925 ι.
1064 4876 1102 4925 14.
1131 4870 1231 4925 civilib.
1270 4886 1333 4939 pag.
1371 4874 1428 4922 392.
1466 4867 1556 4921 metito
1584 4868 1668 4930 faeta
1692 4867 1788 4933 faisse
1827 4867 1900 4920 Jssu
1936 4870 1965 4922 ia

270 4968 333 5004 cum
352 4969 407 5020 quo
422 4952 499 5005 Deus
514 4952 654 5021 peculiare
670 4952 768 5007 foedus
780 4952 887 5023 gratiae
906 4953 959 5006 init
978 4953 1046 5009 Gen.
1065 4952 1118 5024 17,
1130 4958 1214 5010 terris
1241 4957 1370 5022 deperite,
1403 4971 1474 5022 qaue
1502 4970 1574 5006 ιιιιιιι
1600 4953 1680 5005 nrdlo
1700 4954 1784 5005 mocio
1803 4953 1885 5005 soleo
1903 4972 1965 5008 eon·

269 5053 293 5088 ι.
325 5042 347 5091 2,
381 5037 430 5104 qui
460 5044 502 5088 est
519 5046 604 5105 pater
632 5039 754 5091 omnium
777 5040 947 5092 credentiam
976 5039 1092 5094 Romi
1095 4990 1247 5104 ,iacientia
1261 5041 1333 5106 fieri
1344 5041 1471 5108 possint,
1501 5039 1564 5093 ideo
1588 5036 1809 5135 adjungimust.
1827 5041 1966 5093 centurio-

268 5138 293 5173 ι.
317 5128 352 5177 11,
372 5121 495 5191 quinimo
516 5129 579 5191 post
604 5140 683 5176 suum
708 5140 741 5176 ex
766 5123 839 5178 bello
860 5124 980 5177 reditum
999 5142 1016 5178 a
1033 5125 1116 5182 Mel
1115 5143 1191 5180 nem
1213 5125 1422 5178 comoriensem
1442 5125 1505 5178 Act.
1527 5129 1572 5191 to,
1592 5140 1617 5179 ι.
1638 5129 1659 5178 1.
1677 5123 1699 5175 is
1718 5129 1832 5175 vocatur
1850 5124 1965 5193 reiiqio-

267 5207 411 5261 chisedeeo
425 5208 562 5269 laudatur,
581 5208 753 5263 benedicitur
766 5215 794 5262 et
811 5208 962 5262 honoratur
974 5209 1045 5265 Gen.
1063 5219 1100 5277 11,
1115 5216 1176 5263 ἰιι
1193 5230 1227 5264 ιιι
1252 5211 1349 5264 timens
1368 5213 1460 5263 Deum
1485 5226 1547 5261 eam
1566 5209 1644 5263 omni
1661 5211 1744 5261 domo
1762 5225 1828 5275 suo,
1852 5210 1967 5273 foetens

267 5307 293 5346 ι.
317 5296 357 5347 13.
399 5300 423 5343 2.
444 5294 571 5346 Jaeohas
587 5294 753 5361 patriarcha
769 5292 871 5346 bellum
889 5293 984 5363 gessit,
1004 5296 1100 5349 utcol·
1114 5285 1116 5346 J
1129 5296 1316 5364 eleemosynas
1348 5295 1452 5348 mattos
1482 5293 1595 5362 populo
1632 5303 1657 5348 st
1680 5297 1838 5362 deprecans
1872 5299 1966 5348 Deum

266 5374 362 5445 ligitur
385 5394 417 5431 ex
443 5377 513 5433 Gen.
540 5384 587 5444 48,
615 5397 639 5430 v.
665 5384 710 5433 22:
744 5382 790 5429 Do
817 5380 868 5430 tihi
887 5388 998 5446 partem
1016 5400 1100 5434 anum
1130 5381 1470 5449 temperassemus
1488 5379 1579 5450 augeli
1599 5379 1774 5450 apparitione
1791 5380 1884 5449 ipsum
1904 5380 1964 5451 dig-
