4020 6014
728 92 782 147 Da
800 89 1052 149 meismet]
1067 90 1257 148 munnae.
1770 100 1829 159 481

136 263 159 301 c.
179 251 227 313 25,
246 265 272 300 v.
291 252 331 302 28.
355 254 376 302 l.
394 246 486 302 Paral.
506 254 580 313 ⁵sV·
601 253 641 302 22.
661 253 686 302 2.
705 246 798 302 Paral.
817 251 864 311 20,
882 263 906 298 r.
932 249 968 298 15.
1004 250 1028 298 4.
1053 245 1137 302 Nulla
1160 252 1204 300 est
1222 245 1432 317 consequentia,
1462 246 1543 298 Deus
1571 245 1601 298 in
1627 247 1664 302 N.
1692 247 1723 303 T.
1743 247 1833 315 jussit

136 333 166 366 *⁸
174 331 256 386 Adde
274 321 476 388 dictum'Eccl.
498 339 529 400 3,
552 350 577 387 v.
597 339 627 388 8:
655 334 829 401 Esttempus
843 331 970 385 dilectio·
999 331 1106 383 coelum
1135 332 1279 400 inquirere
1307 339 1385 385 terra
1409 330 1585 398 poetlsabita,
1621 348 1688 398 erpo
1715 332 1833 385 laedam

136 418 181 468 nie
206 426 230 469 et
254 418 328 486 odii,
358 427 464 487 tempus
489 418 559 471 belli
587 427 613 470 et
638 425 745 486 tempus
761 417 851 488 pacis.
889 413 968 470 Atei
997 417 1240 483 propulsationem
1275 433 1331 470 non
1367 417 1516 485 approbat.
1568 416 1638 471 Nam
1670 415 1738 471 haec
1768 421 1833 471 sunt

137 502 212 555 bella
229 518 326 571 gerere
342 502 504 573 simpliciter
521 509 594 557 esset
613 502 715 555 malum
734 508 763 556 et
791 511 887 555 contra
904 501 969 554 dile·
984 530 985 539 .
998 498 1152 570 inditate,
1182 518 1238 555 non
1258 502 1383 570 trente,
1418 502 1501 556 etiam
1529 502 1567 570 pii
1596 501 1741 557 lsrablitas
1767 507 1831 556 ante

137 588 255 640 cuonem
275 587 392 656 proximi
410 593 562 658 pugnaret,
589 595 647 641 tum
673 588 780 641 nullum
805 587 877 641 foret
895 601 971 656 proe-
999 587 1091 640 omnia
1115 587 1224 642 coelum
1252 588 1448 658 quaesiverunt
1474 594 1502 641 ct
1520 603 1652 656 quaerere
1669 587 1832 655 debuerunt,

137 672 222 725 liandi
241 679 365 743 tempus,
392 674 518 743 adeoque
543 673 643 726 falsum
670 673 825 742 scripsisset
844 671 971 726 ecclesia·
998 688 1088 741 neque
1103 673 1567 750 tamenhinciuferripotcst,qu0d
1583 673 1636 726 illis
1646 673 1700 726 vim
1714 673 1832 727 hostium

137 765 200 813 stes.
239 758 311 812 Nam
343 777 459 829 quorum
489 775 548 813 esse
579 759 662 814 debet
693 767 816 828 tempus,
850 775 883 812 ea
917 775 972 811 non
1000 758 1161 827 propulsare
1186 775 1241 811 nou
1265 759 1381 813 licuerit.
1420 766 1444 813 5.
1465 759 1596 821 Quinimo
1620 760 1682 814 ideo
1701 760 1827 814 resisten-

138 852 204 896 sunt
228 843 369 904 οὐσιωδῶς
393 844 480 909 mala,
511 844 560 897 sed
585 861 635 912 per
657 862 688 898 se
706 844 782 896 licita
802 841 845 896 vel
864 840 971 896 indiffe-
1000 843 1063 896 dum
1082 843 1214 911 hostibus,
1243 849 1274 897 ut
1291 861 1389 913 pacem
1412 844 1514 898 habeat
1531 844 1648 899 ecclesia
1677 845 1830 914 publicum·

140 929 228 983 rentia
246 937 274 983 et
291 931 435 983 contrat*
470 929 545 999 Ergo
564 928 638 983 bella
651 929 775 999 legitima
787 928 847 982 Dec
860 935 972 981 auctore
1000 944 1055 997 que
1072 928 1213 998 religionis
1231 929 1392 982 exercitium
1410 931 1511 999 vigeat,
1531 939 1562 983 ut
1578 931 1671 999 plures
1692 930 1832 1000 posthabi-

139 1022 281 1083 geruntur.
999 1015 1034 1067 tis
1052 1014 1167 1068 terrenis
1184 1014 1221 1068 ad
1239 1014 1330 1068 Deum
1349 1016 1472 1069 converti
1490 1022 1518 1068 et
1536 1015 1572 1068 ad
1589 1017 1675 1069 vitam
1691 1022 1832 1071 aeternam

39 1104 66 1144 V·
79 1102 125 1143 Μ
175 1106 232 1154 371.
259 1099 410 1168 Excipiunt
431 1097 633 1168 Anabaptistae
656 1107 684 1153 et
708 1116 802 1153 eorum
826 1098 973 1167 progenies
1000 1100 1160 1169 praeparari
1178 1100 1293 1168 possint.
1332 1107 1355 1153 a.
1371 1100 1452 1164 Quod
1471 1101 1499 1153 in
1517 1101 1551 1155 N.
1565 1100 1597 1154 T.
1618 1101 1653 1155 dc
1670 1100 1753 1154 rebus
1773 1099 1831 1154 bel·

39 1163 119 1251 {ssfssm
138 1184 311 1252 Photiniani,
338 1185 406 1237 laec
427 1185 522 1236 omnia
542 1185 684 1253 pertinere
710 1187 751 1236 ad
778 1184 804 1236 V.
827 1185 867 1251 T,
885 1184 974 1235 aliam
1000 1184 1060 1238 licis
1081 1184 1109 1237 in
1125 1185 1216 1253 specie
1237 1185 1306 1238 nihil
1332 1185 1471 1238 invenitur
1496 1186 1642 1255 scriptum,
1666 1202 1750 1238 causa
1775 1201 1829 1238 ncn

39 1275 125 1363 3¹⁰5sp
139 1287 204 1322 nero
223 1287 282 1322 esse
301 1271 337 1321 N.
359 1269 390 1323 Τ.
408 1270 553 1331 rationem,
582 1269 612 1322 in
630 1286 684 1339 quo
699 1268 863 1338 simpliciter
880 1268 972 1337 prohi-
1000 1276 1043 1324 est
1061 1269 1155 1324 divina
1168 1270 1340 1339 improbatio,
1359 1271 1425 1340 quia
1436 1269 1512 1324 Deus
1533 1270 1622 1340 legem
1641 1276 1757 1323 naturae
1777 1286 1832 1323 non

39 1344 83 1405 nie
140 1356 227 1408 bitum
257 1355 293 1408 sit
323 1354 493 1424 belligerari.
536 1354 689 1409 Ostorodus
717 1356 746 1409 in
778 1355 841 1408 inst.
875 1370 899 1410 c.
931 1359 973 1409 27.
1000 1355 1129 1423 abolevit,
1148 1355 1196 1409 sed
1218 1361 1239 1409 l.
1260 1356 1370 1424 quinia
1395 1355 1427 1410 V,
1448 1355 1481 1409 T.
1501 1370 1534 1408 ea
1560 1356 1595 1408 de
1616 1355 1727 1408 renatis
1746 1356 1833 1408 multa

39 1419 109 1507 ‘im
139 1442 159 1495 i.
186 1448 246 1496 liu:
273 1442 448 1509 Argumenta
471 1458 580 1507 eorum,
609 1443 659 1510 qui
680 1442 782 1495 bellum
805 1442 973 1509 approbant,
999 1441 1112 1495 luerunt
1135 1440 1290 1510 proposita;
1317 1446 1339 1493 2.
1359 1440 1425 1510 quia
1442 1439 1592 1493 Christiani
1615 1440 1642 1492 in
1671 1440 1725 1493 illis
1744 1441 1831 1495 eccle-

140 1530 192 1579 tae
205 1529 332 1580 vicenae
349 1529 541 1594 expendemus,
561 1528 629 1595 arsia
648 1529 741 1580 emnia
755 1529 824 1595 fere
844 1544 877 1580 ea
894 1527 925 1581 V.
942 1525 1058 1581 Trica
1087 1525 1172 1579 initiis
1201 1542 1255 1578 ncn
1280 1524 1437 1577 habuerunt
1459 1524 1658 1594 rempublicam
1677 1532 1727 1578 aut
1746 1525 1831 1596 magi-

141 1622 203 1664 sunt
223 1615 351 1665 desumta
369 1631 403 1664 oc
430 1613 554 1680 proinde
577 1616 618 1666 ad
639 1631 698 1666 rem
720 1630 826 1680 panem
851 1613 972 1675 faciunt.
1000 1618 1117 1672 stratus,
1146 1611 1263 1681 ideoque
1291 1610 1405 1678 injurias
1427 1610 1588 1679 propulsare
1618 1627 1673 1664 non
1697 1617 1832 1680 poterant.

139 1696 255 1750 Socinus
278 1699 305 1750 in
333 1697 380 1752 lib.
401 1697 475 1766 quod
492 1697 656 1769 Evangelici
673 1695 847 1752 Photinianis
875 1714 905 1750 se
924 1696 972 1750 ad·
1000 1697 1072 1752 Vide
1097 1697 1169 1750 infra
1193 1704 1217 1757 t.
1236 1698 1330 1751 3923*
1371 1695 1407 1748 Et
1426 1696 1538 1763 insuper
1562 1704 1584 1748 2.
1608 1712 1664 1748 nan
1688 1696 1777 1750 solnm
1799 1713 1832 1751 ex

135 1783 254 1852 jungere
284 1783 405 1835 debeant
432 1799 457 1838 c.
486 1787 510 1837 3,
537 1801 584 1839 nu.
611 1789 634 1837 2.
657 1802 684 1854 p.
711 1788 758 1837 24:
794 1783 829 1836 Si
851 1783 974 1836 discant
1001 1781 1034 1836 V.
1063 1781 1112 1836 sed
1139 1781 1222 1837 etiam
1246 1799 1278 1836 ex
1307 1782 1340 1836 N.
1362 1781 1395 1834 T.
1422 1787 1532 1835 nesure
1556 1782 1709 1836 sententiae
1733 1782 1832 1836 funda·

139 1867 313 1935 annpdiei,
332 1868 383 1919 siet
407 1869 435 1923 V.
459 1869 500 1935 T,
516 1869 565 1920 ubi
581 1887 638 1921 non
657 1869 748 1921 minus
767 1885 850 1937 msam
868 1869 918 1921 sub
936 1869 974 1922 N.
1001 1874 1094 1922 menta
1113 1867 1286 1929 adducimus,
1304 1874 1336 1919 ut
1354 1884 1387 1920 ex
1400 1883 1477 1935 seqq.
1496 1869 1666 1936 argumentis
1684 1868 1832 1923 constabit.

135 1962 317 2020 praeceptum
336 1953 453 2005 trimani
463 1954 608 2020 sanguinis
626 1971 681 2006 non
695 1953 842 2016 fundendi
857 1954 973 2021 rigebat,
1000 1954 1136 2023 Principii
1158 1953 1245 2024 igitur
1268 1953 1365 2022 petitio
1392 1953 1419 2006 in
1439 1953 1490 2006 hac
1516 1954 1734 2008 adversariorum
1755 1971 1832 2008 exce·

140 2038 252 2089 licuisse
271 2046 362 2090 tannen
381 2039 436 2091 vim
455 2039 576 2090 bostium
593 2039 678 2090 etiam
703 2056 765 2090 cum
785 2040 911 2105 ipsorum
930 2055 973 2091 oe·
1001 2041 1096 2109 ptionc
1113 2040 1301 2094 committitur.
1338 2043 1362 2092 3.
1383 2038 1460 2102 Quae
1484 2039 1520 2092 ad
1538 2039 1628 2109 legem
1651 2040 1782 2093 moralem
1806 2047 1834 2095 et

140 2124 244 2176 cisione
259 2123 442 2194 propulsare,
461 2125 669 2191 respondemus,
689 2124 722 2176 id
735 2131 888 2193 prepterea
908 2133 974 2177 tnnc
997 2128 1046 2196 jus
1065 2133 1181 2180 naturae
1200 2126 1353 2194 pertinent,
1377 2141 1410 2178 ea
1430 2126 1458 2177 in
1484 2124 1518 2180 N.
1542 2123 1575 2178 Τ.
1593 2141 1648 2178 non
1669 2131 1734 2178 sunt
1752 2126 1832 2179 abro-

140 2210 265 2278 licuisse,
288 2211 365 2276 guod
390 2211 469 2262 Deus
491 2210 586 2262 maltis
608 2211 700 2263 modis
720 2211 753 2263 id
771 2211 974 2272 declaraverat,
1001 2222 1075 2282 gata,
1103 2212 1170 2282 qnia
1192 2211 1234 2265 lex
1261 2211 1372 2264 moralis
1389 2217 1417 2265 et
1435 2210 1478 2265 lex
1503 2217 1619 2264 naturae
1637 2218 1679 2265 est
1699 2219 1834 2281 perpetua

138 2312 168 2347 se
203 2295 235 2347 id
264 2303 330 2347 tune
357 2297 490 2364 temporis
516 2313 572 2348 non
595 2296 755 2364 improbare
786 2300 838 2350 ete.
867 2303 898 2348 at
924 2296 974 2348 sal
1002 2304 1086 2367 atque
1110 2295 1294 2359 invariabilis,
1316 2297 1376 2365 jam
1405 2311 1469 2349 vero
1493 2295 1618 2366 legitima
1643 2296 1766 2351 defensio
1791 2303 1834 2349 eet

140 2382 175 2435 N.
201 2381 231 2434 T.
250 2381 332 2433 nulla
350 2382 461 2433 ratione
480 2398 601 2449 numiam
619 2381 662 2434 nel
678 2397 733 2450 per
752 2379 907 2448 Christum,
930 2383 973 2435 nel
986 2416 989 2455 ,
997 2384 1068 2453 juris
1087 2389 1210 2436 naturae.
1250 2381 1323 2451 Ergo
1342 2382 1425 2436 etiam
1443 2381 1568 2450 legitima
1587 2381 1677 2449 bella,
1695 2399 1767 2452 quae
1784 2381 1833 2435 de·

135 2483 189 2536 per
208 2469 268 2534 ejus
287 2467 430 2534 apostolos
450 2466 622 2531 declaravit,
647 2482 676 2519 se
698 2466 818 2519 bostium
841 2467 974 2520 invaden-
1001 2469 1133 2523 fensicnis
1158 2484 1242 2522 causa
1269 2473 1418 2537 geruntur,
1448 2483 1503 2521 non
1528 2474 1593 2519 suut
1618 2467 1647 2520 in
1671 2467 1704 2522 N.
1727 2467 1759 2520 T.
1785 2467 1833 2521 ab·

139 2553 207 2603 tium
223 2553 467 2620 propulsationem
486 2570 547 2605 cum
565 2553 692 2619 ipsorum
712 2568 778 2604 nece
796 2553 974 2620 conjunctam
1002 2561 1108 2625 rogata.
1147 2560 1169 2607 4.
1196 2553 1305 2607 Christo
1332 2558 1361 2605 et
1388 2551 1521 2622 apostolis
1545 2552 1572 2604 in
1600 2552 1634 2607 N.
1659 2551 1692 2608 T.
1709 2568 1763 2605 nou
1780 2551 1835 2606 fuit

140 2639 308 2704 approbare.
344 2625 506 2692 sisennus
524 2638 550 2692 d.
563 2638 595 2690 l.:
624 2637 704 2691 later
728 2647 821 2692 emera
841 2640 975 2707 praemia
1000 2640 1170 2710 propositum
1187 2637 1306 2693 formare
1324 2654 1424 2691 novam
1444 2637 1583 2707 politiam,
1610 2639 1660 2693 sed
1678 2656 1711 2693 er
1730 2654 1832 2710 genere

140 2724 176 2775 iis
201 2725 231 2775 in
260 2725 288 2777 V.
317 2725 345 2778 T.
368 2725 532 2793 proposita,
557 2726 606 2793 qui
631 2725 717 2792 kgem
735 2733 892 2793 seruarent,
923 2727 974 2779 loc
1000 2727 1120 2780 humano
1141 2742 1191 2795 per
1208 2725 1442 2794 praedicationem
1460 2725 1597 2795 evangelii
1612 2726 1756 2779 ecclesiam
1777 2723 1833 2778 col·

142 2813 225 2862 etiam
252 2818 326 2877 erat,
357 2812 434 2877 quod
457 2811 485 2862 si
506 2811 597 2865 testes
622 2813 758 2864 adaerere
780 2812 859 2880 ipsos
884 2813 974 2864 ineur-
997 2813 1084 2882 ligere
1103 2816 1131 2864 et
1146 2810 1290 2880 spirituale
1303 2826 1418 2879 regnum
1436 2811 1595 2877 instituere,
1620 2809 1693 2864 absit
1713 2827 1778 2879 ergo
1802 2818 1835 2864 ut

142 2898 290 2961 rescissent,
318 2912 413 2948 camos
440 2903 504 2947 ante
532 2896 599 2949 illos
623 2913 754 2950 emaere
772 2897 863 2950 uiessri
879 2905 975 2961 essent,
1001 2905 1163 2964 statuamus,
1190 2894 1334 2950 aChristc
1352 2900 1380 2948 et
1403 2894 1535 2965 apostolis
1553 2894 1688 2964 abrogata
1711 2911 1771 2949 esse
1791 2911 1833 2962 ea,

143 2979 224 3033 Dent.
245 2987 285 3045 28,
304 2999 329 3032 v.
349 2989 371 3035 t.
404 2982 463 3033 Nee
480 2983 595 3048 mirum,
611 2982 720 3049 populo
739 2983 811 3034 enim
829 3000 878 3035 suo
896 2986 975 3036 Dens
987 3042 990 3049 ¹
1002 3001 1073 3055 quae
1094 2984 1131 3036 ad
1149 2982 1309 3052 politiarum
1330 2981 1564 3035 conservationem
1588 2996 1621 3034 ac
1647 2979 1833 3035 defensionem

141 3067 191 3119 sul
215 3067 244 3119 V.
268 3066 296 3119 T.
315 3066 358 3119 vel
374 3067 553 3132 prorniserat,
570 3066 614 3119 rel
634 3068 827 3136 assignaverat
845 3076 873 3121 et
893 3070 975 3121 dede·
1002 3076 1138 3140 spectant,
1158 3069 1317 3138 inquorum
1328 3082 1518 3120 numerosum
1535 3065 1591 3119 sint
1610 3064 1684 3119 bella
1702 3067 1834 3136 legitima,

142 3161 189 3204 rat
215 3161 354 3204 terrenum
385 3169 500 3220 regnum
530 3161 725 3221 teneramque
750 3154 975 3224 promissionem,
1003 3158 1031 3211 in
1062 3155 1096 3211 N.
1128 3154 1161 3207 T.
1181 3155 1279 3207 eadem
1308 3152 1470 3221 simpliciter
1489 3152 1624 3221 abrogata
1648 3157 1677 3204 et
1695 3151 1960 3221 prohibiturum.

143 3255 225 3304 quam
245 3237 281 3288 ab
299 3237 368 3304 ipsis
386 3237 505 3299 defendi
521 3256 554 3290 ae
573 3240 735 3292 commeari
750 3240 874 3308 uolebat,
900 3242 977 3308 qseod
1004 3259 1062 3296 esse
1086 3240 1247 3310 neutiquam
1272 3238 1458 3292 statuendum.
1509 3245 1532 3293 5.
1557 3235 1610 3299 Qui
1642 3237 1834 3308 magistratum

143 3323 208 3384 lieri
225 3340 280 3374 non
295 3323 446 3390 potuisset,
474 3324 610 3375 silentes
634 3325 664 3377 in
686 3341 715 3377 se
733 3326 872 3380 irruentes
890 3327 1157 3393 armismonflrmat,
1185 3325 1208 3377 is
1226 3323 1371 3378 confirmat
1389 3323 1471 3377 etiam
1490 3339 1535 3390 ea,
1563 3338 1635 3392 quae
1651 3323 1687 3375 ad
1712 3322 1835 3377 officium

140 3408 310 3476 propulsare
328 3416 354 3459 et
375 3410 416 3459 acl
436 3409 649 3462 internecionem
670 3411 754 3462 uiam
772 3412 913 3465 interdum
932 3431 976 3467 ec·
1003 3413 1181 3483 magistratus
1200 3415 1336 3479 spectant.
1373 3407 1498 3460 Christus
1516 3412 1546 3460 et
1563 3405 1681 3477 apostoli
1701 3408 1730 3460 in
1749 3407 1783 3464 N.
1801 3406 1834 3463 T.

145 3495 237 3546 cidere
256 3511 314 3546 non
333 3493 459 3546 licuisset
466 3514 477 3562 ,·
503 3502 533 3546 at
556 3496 586 3546 in
604 3496 641 3550 N.
666 3496 696 3547 T.
724 3498 832 3550 nullam
859 3516 909 3552 esso
924 3517 976 3568 po·
1003 3499 1194 3570 magistratum
1211 3493 1382 3559 confirmant,
1400 3491 1497 3546 Matth.
1517 3497 1565 3560 22,
1582 3510 1608 3545 v.
1634 3497 1675 3547 21.
1694 3493 1771 3547 Rom.
1794 3498 1834 3560 13,

140 3582 209 3648 pulo
228 3588 367 3632 tererenam
382 3582 585 3647 possessionem
606 3585 685 3634 Deus
710 3584 789 3636 dedit
807 3586 893 3639 etc.*⁸
922 3585 1027 3640 lle-lv.
1050 3591 1071 3639 1.
1100 3589 1122 3638 l.
1140 3582 1214 3636 Petr.
1234 3587 1258 3646 2,
1277 3597 1303 3633 v.
1326 3583 1437 3632 lactc.
1476 3576 1552 3647 Ergo
1569 3577 1654 3632 etiam
1672 3578 1835 3633 confirmant

144 3666 323 3735 spondemus:
353 3682 372 3720 ι.
392 3683 540 3736 negamus,
565 3667 594 3719 in
619 3667 653 3722 N.
678 3668 711 3720 T.
739 3668 896 3740 belligerari
916 3642 1049 3732 esseiea,
1081 3685 1153 3739 quae
1183 3667 1220 3721 ad
1245 3664 1368 3718 officium
1396 3662 1576 3732 magistratus
1603 3670 1737 3733 spectant.
1769 3663 1835 3719 lam

144 3751 303 3820 simpliciter
329 3750 513 3820 prohibitum,
542 3769 614 3821 quae
635 3769 685 3822 pro
711 3754 881 3810 adstruenda
904 3756 974 3811 thesi
987 3740 989 3808 i
1002 3773 1067 3811 vero
1089 3756 1123 3808 ad
1144 3752 1265 3808 officium
1293 3750 1471 3821 magistratus
1495 3749 1614 3818 pertinet
1638 3752 1763 3806 subditos
1786 3750 1834 3804 ad·

143 3837 281 3891 cornaria
297 3836 458 3890 Photiniani
477 3844 504 3890 et
520 3839 725 3908 Anabaptistae
744 3841 894 3909 proferunt.
924 3860 973 3897 suo
987 3826 989 3893 l
1002 3859 1096 3898 versus
1124 3841 1256 3909 injustam
1284 3836 1441 3892 violentiam
1471 3835 1636 3900 detendere,
1672 3836 1745 3905 quod
1776 3835 1836 3889 sine
1927 3886 1930 3890 ,

143 3923 256 3976 inferius
273 3930 443 3991 exponentur
462 3922 531 3977 loco.
570 3924 733 3980 ⁸⁴¹Breviter
749 3925 801 3981 hoc
819 3927 879 3981 loco
898 3934 972 3984 note·
987 3896 989 3965 i
1002 3928 1075 3982 bello
1095 3925 1263 3997 quandoque
1285 3921 1346 3977 lieri
1365 3922 1469 3993 nequit.
1507 3921 1582 3991 Ergo
1606 3921 1759 3992 legitimum
1780 3920 1835 3975 bel·

142 4016 199 4061 tur:
230 4014 252 4062 l.
279 4007 309 4062 Si
335 4009 408 4062 bella
434 4025 530 4079 gerere
557 4010 720 4079 simpliciter
746 4021 884 4082 pugnaret
911 3972 1057 4071 cumilum
1088 4013 1147 4082 ipsc
1175 4010 1251 4064 facto
1279 4025 1297 4063 a
1320 4007 1429 4063 Christo
1454 4013 1483 4063 et
1505 4007 1636 4078 apostolis
1660 4006 1714 4061 fuit
1738 4005 1836 4060 contir-

143 4093 258 4146 caritate
276 4092 405 4162 proximi,
431 4093 506 4148 Deus
534 4094 609 4148 nullo
628 4103 752 4166 tempore
771 4115 805 4152 ea
822 4101 974 4170 approbas·
1001 4107 1114 4155 matum.

144 4184 193 4233 set.
227 4184 252 4232 2.
269 4178 347 4231 Deus
359 4179 442 4232 etiam
454 4179 483 4232 in
496 4179 529 4234 N.
543 4178 574 4230 T.
594 4180 747 4235 declararit
765 4182 858 4236 multis
877 4186 974 4255 modis,
1037 4190 1095 4240 372.
1125 4181 1263 4235 Addimus
1282 4198 1349 4252 ergo
1370 4187 1393 4235 2.
1415 4185 1608 4251 argumentum
1627 4179 1714 4248 primo
1732 4191 1833 4247 cogua-
1846 4179 1868 4221 2·
1882 4180 1901 4221 Α
1914 4180 1957 4221 ³0·

144 4280 173 4317 se
193 4263 267 4317 bella
285 4281 340 4318 non
359 4264 523 4335 improbare,
544 4271 575 4319 ut
594 4272 755 4321 constater
774 4269 875 4321 nostris
894 4286 973 4340 argu-
1001 4277 1059 4324 tum
1086 4287 1105 4321 a
1122 4267 1264 4321 Jotannir
1282 4268 1433 4337 Baptistae
1456 4267 1487 4317 in
1504 4266 1539 4318 N.
1565 4264 1592 4318 T.
1621 4262 1833 4332 approbatione.
1846 4233 1962 4334 iffi..

144 4349 251 4404 mentis.
289 4356 313 4404 3.
334 4350 425 4404 Causa
443 4349 545 4418 Socini,
564 4369 613 4405 cur
629 4352 747 4407 ludaeis
765 4353 872 4407 licitum
889 4355 975 4411 tuerit
987 4326 989 4407 i
1002 4353 1083 4418 Quod
1103 4370 1120 4407 a
1137 4353 1265 4407 lohaune
1281 4351 1407 4420 Baptista
1422 4351 1451 4402 in
1469 4349 1504 4403 N.
1515 4349 1549 4402 T.
1569 4349 1745 4417 approbatur,
1765 4345 1835 4399 illud
1848 4335 1960 4435 {233ss}

145 4436 271 4502 militare,
291 4454 390 4506 nempe
407 4438 443 4492 ob
463 4437 633 4508 assignatam
650 4445 751 4493 terram
769 4438 897 4504 Genaua,
921 4459 974 4497 non
1001 4442 1030 4494 in
1050 4457 1080 4495 se
1098 4456 1131 4494 ac
1146 4456 1196 4508 per
1212 4455 1243 4492 se
1262 4435 1392 4489 vitiosnm
1410 4450 1469 4487 esse
1491 4451 1524 4487 ac
1541 4432 1603 4486 Deo
1623 4432 1769 4502 displicere
1787 4447 1834 4488 ne·
1847 4439 1919 4476 itm·

143 4529 185 4576 est
216 4522 292 4575 utilis
327 4539 378 4576 nec
408 4522 488 4576 nobis
527 4525 651 4578 adversa.
706 4524 768 4578 Ncu
794 4525 878 4593 illud,
910 4527 1070 4597 quicquit.
1110 4526 1164 4578 Sed
1194 4524 1319 4594 legitima
1348 4520 1422 4575 bella
1451 4537 1468 4573 a
1495 4519 1622 4574 iohanne
1648 4517 1777 4588 Baptista
1805 4517 1834 4571 in

144 4607 283 4661 Abraham
312 4608 341 4661 iu
370 4616 444 4662 terra
469 4609 617 4679 peregrina
644 4626 697 4663 non
725 4610 760 4662 ob
789 4611 1035 4680 possessioneer.
1044 4611 1077 4664 T.
1091 4609 1288 4680 approbantur.
1313 4607 1450 4677 Ergaste.
1474 4607 1637 4659 Assumtum
1651 4602 1784 4674 probatur
1802 4619 1835 4658 ex

143 4710 216 4758 suas,
243 4694 292 4747 sed
321 4700 430 4746 tantum
458 4692 494 4747 ob
521 4694 711 4749 liberationem
748 4695 829 4748 Lothi
858 4684 1070 4766 primnmffLuc.
1090 4700 1114 4758 3,
1135 4713 1159 4747 r.
1186 4702 1232 4748 ise
1262 4693 1479 4760 Interrogabant
1496 4707 1557 4742 mm
1577 4698 1602 4743 et
1620 4689 1723 4742 milites
1741 4690 1835 4753 dicens

145 4779 215 4832 inter
236 4784 346 4830 sanctos
368 4777 472 4831 bellum
496 4779 631 4849 suscepit,
661 4778 731 4834 Gen.
756 4786 792 4833 14.
817 4796 909 4850 neque
926 4782 975 4837 Ju-
989 4824 991 4828 .
1004 4790 1055 4835 tes:
1079 4780 1158 4842 Quid
1171 4779 1312 4845 faciemus
1326 4779 1399 4829 nost
1417 4785 1442 4828 et
1460 4775 1500 4827 ait
1515 4776 1588 4828 itta:
1607 4775 1752 4827 Neminem
1772 4791 1835 4826 con·

144 4862 206 4916 daei
229 4869 336 4915 tantum
362 4869 556 4932 pugnaverant
579 4881 641 4918 cum
664 4863 794 4934 gentibus
819 4866 856 4920 ob
882 4867 975 4922 defen·
989 4925 991 4941 ‚
1004 4867 1117 4920 satiatis
1135 4881 1221 4932 neque
1241 4863 1412 4916 calumniam
1429 4861 1550 4925 faciatis
1568 4868 1594 4912 et
1611 4860 1734 4912 contenti
1751 4867 1836 4912 estote

144 4948 247 5001 sionem
269 4954 359 5000 terrae
385 4947 549 5016 promissae,
579 4949 627 5003 sed
650 4949 732 5002 etium
758 4966 820 5004 cum
842 4951 976 5007 fratribus
989 4967 990 5026 ζ
1003 4949 1152 5023 stipendiis
1174 4950 1288 5014 restris,
1308 4964 1340 5001 ex
1361 4963 1416 5016 quo
1435 4946 1495 5000 loco
1515 4946 1556 4998 sic
1575 4944 1682 5014 colligit
1701 4944 1834 5013 Augusti·

144 5049 199 5085 non
220 5038 333 5100 propter
351 5032 429 5101 regni
448 5033 562 5098 terreni,
582 5034 630 5088 sed
650 5042 761 5103 propter
781 5036 909 5105 publicae
928 5037 975 5092 ho·
989 5032 990 5093 l
1003 5054 1056 5090 nus
1076 5037 1157 5105 epist.
1178 5042 1201 5089 5.
1220 5034 1255 5087 ad
1276 5032 1429 5088 Marcellin.
1456 5031 1530 5084 circa
1555 5030 1639 5084 med:
1669 5028 1702 5081 Si
1721 5028 1836 5081 Christi-

144 5116 259 5171 nestatis
284 5122 313 5168 et
332 5116 458 5186 justitiae
484 5118 718 5173 conservationem
741 5121 809 5173 lud.
835 5127 876 5177 20.
913 5096 1061 5177 Nonium
1086 5120 1241 5187 disciplina
1265 5119 1359 5170 omnia
1391 5116 1466 5169 bella
1496 5116 1637 5182 culparet,
1667 5115 1719 5165 loc
1742 5115 1837 5180 potius

144 5203 211 5269 hoc,
241 5202 307 5271 quia
329 5207 358 5255 et
375 5202 538 5256 Christianis
563 5220 631 5257 suae
656 5211 721 5258 sunt
738 5207 925 5274 possessiones
942 5199 1139 5268 ncfms‘lits‘bus
1163 5204 1309 5257 conmlium
1334 5203 1436 5255 salutis
1458 5200 1615 5269 petentibus
1638 5203 1669 5251 in
1692 5199 1837 5265 euangelio

144 5290 285 5358 regiones,
312 5305 381 5358 quas
405 5288 502 5342 merita
523 5295 619 5343 contra
637 5288 692 5342 rim
721 5290 839 5344 hostium
858 5297 975 5346 tuentur.
988 5277 1151 5356 'diceretur,
1170 5298 1200 5341 nt
1217 5289 1372 5357 abjicerent
1391 5305 1472 5339 artua
1489 5301 1572 5352 seque
1591 5284 1710 5336 militiae
1726 5285 1837 5337 omnino

197 5381 359 5423 Gerbsrdilcei.
385 5381 418 5421 Vl.
1478 5393 1505 5440 31
