4020 6014
198 192 236 250 34
776 181 900 242 LOCUS
919 178 1124 238 uouemus
1143 178 1309 240 marma

197 336 269 410 upa.
289 347 316 408 r,
334 359 360 394 v.
378 346 403 396 4.
442 346 466 396 a.
486 338 611 396 Thassl.
636 344 667 405 a,
693 355 719 393 v.
741 344 782 394 ts.
806 337 855 392 ills
880 337 953 392 enim
975 328 1108 411 tom-lus
1127 354 1183 392 non
1199 337 1371 394 exstiterunt.
1407 337 1486 392 Rom.
1514 345 1544 407 s,
1568 354 1594 394 v.
1620 345 1663 395 trs
1686 340 1771 395 nm
1783 339 1904 411 myssa

199 426 300 496 puralis
319 432 370 494 est,
387 427 456 481 haec
474 433 593 480 aeterna.
625 424 702 491 (Non
719 430 854 494 negatur,
872 423 1186 541 electionemqmortaos
1205 431 1231 476 et
1250 430 1331 477 soem
1353 440 1402 491 ea,
1428 441 1498 493 qrcae
1517 434 1668 494 novissent,
1698 433 1838 496 tanquam
1865 444 1903 493 aa,

199 513 274 566 illam
295 513 353 567 sive
371 513 573 581 separationem
592 511 628 564 ad
652 509 773 565 officium
799 525 859 563 case
878 509 1036 563 manifesta·
1050 565 1052 589 Ἠ
1064 525 1136 576 quae
1153 516 1234 578 sant,·
1260 510 1301 563 sic
1324 526 1374 579 per
1397 509 1569 564 vocationem
1587 511 1710 564 divinam
1728 512 1852 568 ministri
1867 513 1905 569 in·

201 597 303 652 tionem
322 599 426 652 aeterni
447 597 550 652 decreti
569 614 602 651 sc
620 596 769 650 voluntatis
790 595 917 662 divinae,
936 595 993 649 Jer.
1016 599 1038 660 1,
1050 642 1053 689 ¹
1065 599 1209 649 struuntur
1225 594 1306 649 donis
1323 595 1485 650 necessariis
1506 597 1542 649 ad
1557 598 1678 651 muneris
1693 597 1747 653 sibi
1767 598 1906 654 commissi

200 700 227 737 v.
247 692 277 738 5:
294 685 468 752 Priusquam
489 691 515 736 te
526 684 687 750 formarem
707 683 738 734 in
751 690 846 746 cetero,
871 681 938 733 aovi
954 688 994 748 te,
1013 687 1038 732 et
1051 695 1053 701 ’
1065 685 1159 748 partes
1180 680 1232 733 rite
1252 678 1405 747 obeundas,
1424 681 1530 748 netues
1548 682 1616 747 ectr
1635 682 1735 750 libiam,
1759 685 1809 738 batt
1827 685 1908 754 matti

202 777 347 837 antequam
367 771 456 821 enirm
474 767 613 835 decalva,
631 765 814 831 sanctificari
832 775 857 819 tc
876 773 901 819 ct
918 764 1038 833 prophe·
1067 780 1093 819 ετ
1111 766 1228 834 qeididt.
1264 770 1288 820 t.
1309 766 1427 832 Quando
1445 765 1639 821 manifestatur
1657 768 1813 839 quippiam,
1834 769 1907 841 quud

203 863 259 908 mm
276 856 305 906 in
322 857 446 922 pentibus
464 855 534 907 decii
550 861 592 917 te,·
618 852 728 907 interim
749 856 843 906 manet
862 850 944 914 illud,
965 849 1040 921 quod
1066 857 1150 904 antea
1172 851 1295 904 nondum
1324 858 1385 904 erat
1408 851 1521 921 publice
1548 859 1644 906 notum
1669 870 1702 908 ac
1719 860 1907 925 perspectum,

203 954 257 994 von
285 939 427 994 electionis
462 938 498 992 de
528 939 673 993 vocatione
702 937 739 991 ad
771 936 893 991 officium
926 934 1039 1005 aliquod
1052 934 1132 1013 {tuuc
1164 937 1308 1006 Scriptura
1336 937 1365 990 id
1384 937 1509 1007 appellat
1536 939 1717 994 vocationem.
1755 940 1857 996 Matth.
1887 949 1909 1005 5,

204 1024 347 1097 publicum
366 1030 500 1094 usurpata
517 1024 628 1094 proprie
647 1022 788 1094 significet
805 1023 950 1085 actionem,
970 1037 1041 1091 quae
1066 1039 1091 1073 v.
1110 1028 1140 1075 9:
1161 1024 1245 1075 Beati
1262 1023 1384 1090 pacifici,
1410 1026 1544 1090 quonimn
1572 1025 1628 1087 filii
1648 1027 1706 1079 Dei
1728 1028 1911 1092 uocabantur,

206 1111 238 1166 tit
255 1112 283 1165 in
301 1113 450 1180 tempore);
470 1109 519 1163 ills
529 1115 573 1165 est
590 1109 700 1178 piorum
719 1109 855 1163 duntaxat
867 1123 1041 1177 perseverari·
1068 1108 1096 1160 id
1127 1114 1170 1162 est
1199 1106 1452 1163 manifestabuntur
1484 1116 1512 1163 et
1542 1118 1727 1179 agnoscentur
1756 1128 1790 1165 cx
1818 1111 1912 1165 studio

206 1203 249 1251 ter
267 1197 452 1259 credentium,
481 1196 549 1249 haee
577 1211 643 1250 vero
668 1195 752 1248 ctiam
780 1192 933 1264 hypocritis
956 1209 1041 1263 quan-
1067 1193 1146 1263 pacis
1167 1210 1217 1264 pro
1238 1193 1308 1247 liliis
1326 1195 1397 1261 Dei3
1416 1195 1455 1249 sic
1474 1197 1707 1265 parvocationem
1721 1199 1913 1252 ministrorum

206 1284 297 1354 doque
319 1282 454 1350 obtingit;
480 1282 529 1335 illa
546 1289 589 1336 est
608 1281 730 1334 omnium
749 1279 954 1342 salvandorum,
973 1277 1042 1333 haec
1069 1278 1201 1333 ecclesiae
1226 1279 1350 1350 legitime
1376 1287 1518 1349 peractam
1544 1282 1737 1337 manifestatur
1766 1289 1913 1339 aeternum

206 1386 272 1424 vero
291 1378 428 1424 certarum
453 1383 647 1438 personarum
680 1367 728 1420 illa
753 1383 861 1435 semper
885 1372 927 1419 est
949 1366 1042 1419 imme·
1069 1366 1122 1419 Dei
1140 1365 1285 1420 consilium
1305 1368 1340 1421 de
1362 1368 1484 1437 ipsorum
1506 1370 1542 1423 ad
1567 1370 1748 1424 ministerium
1766 1370 1912 1429 electione.

206 1455 291 1518 dieta,
310 1456 378 1509 haec
399 1472 463 1509 vero
482 1454 650 1525 quandoque
667 1452 797 1507 mediata.
1055 1456 1095 1560 qt.
1115 1451 1351 1514 Quemadmodum
1371 1470 1441 1523 opus
1461 1454 1530 1508 illud
1548 1455 1668 1525 gratim,
1695 1473 1750 1525 quo
1777 1457 1857 1511 Deus
1883 1458 1913 1512 in

81 1537 194 1630 bisibus
243 1548 284 1596 52.
303 1540 432 1596 Ceterum
456 1540 528 1593 inter
552 1541 714 1592 electionem
733 1547 759 1592 et
779 1539 949 1592 vocatiouem
967 1537 1044 1591 mini·
1070 1554 1186 1608 regnum
1207 1554 1287 1590 sunm
1305 1553 1355 1607 per
1372 1538 1607 1607 praedicationem
1628 1542 1764 1612 evangeiii
1784 1543 1913 1598 homines

1056 1568 1159 1695 luccat,
1178 1629 1220 1677 est
1237 1624 1390 1693 gratuitum
1407 1625 1518 1679 omnino
1538 1625 1712 1694 beneficium,
1746 1634 1765 1683 l.
1789 1629 1866 1685 Pstr.
1888 1636 1913 1695 2,

81 1641 161 1681 riustr-
208 1634 327 1682 atrorum
346 1627 459 1696 quidam
484 1641 544 1679 esse
567 1630 668 1695 putant
689 1624 894 1679 distinctionem
913 1623 1044 1694 aliquam.

83 1699 168 1740 ‘'²⁸¹⁸''
210 1714 395 1769 Bellarminus
414 1711 473 1766 libr.
494 1712 529 1766 de
548 1712 657 1765 clericis
669 1727 691 1765 c.
712 1716 741 1766 2:
762 1710 875 1763 Electio
895 1717 937 1763 est
955 1711 1044 1777 desiq·
1071 1727 1096 1762 v.
1117 1715 1150 1763 9:
1176 1711 1256 1762 Deus
1275 1711 1384 1763 uocauit
1403 1728 1451 1764 rios
1472 1712 1508 1764 de
1524 1712 1644 1764 tenelm's
1662 1713 1692 1764 iu
1712 1714 1915 1768 admirabilem

210 1801 287 1854 statie
313 1808 406 1852 certae
436 1814 576 1870 pesonae
606 1799 648 1850 act
670 1798 886 1864 praefecturam
918 1795 1045 1864 aliqum
1072 1795 1168 1860 lacem,
1185 1813 1210 1850 v.
1233 1803 1271 1852 te.
1285 1798 1336 1865 qui
1348 1797 1506 1865 aliquando
1519 1814 1574 1851 uon
1590 1798 1723 1869 papates,
1732 1818 1808 1853 norm
1819 1808 1916 1854 oseem

208 1885 427 1940 ecclessiasticam
432 1905 444 1948 ,·
480 1885 575 1938 missio
606 1900 655 1935 seu
683 1884 792 1936 vocatio
815 1883 1044 1950 jamdictionem
1057 1878 1060 1925 l
1074 1881 1131 1934 Dei
1144 1882 1284 1952 popalus,·
1301 1884 1417 1951 quinon
1430 1885 1571 1936 cormecssti
1587 1885 1821 1949 mirericordiam,
1839 1904 1916 1939 nune

208 1973 306 2026 tribuit
319 1988 394 2023 acre
408 1972 472 2039 ipsa
486 1978 632 2039 pasto-rem
651 1986 686 2022 ac
700 1969 865 2038 praesulem
875 1968 964 2036 facit.
996 1930 1163 2021 Est¹anrem
1183 1969 1324 2021 consecuti
1342 1969 1586 2037 misericordiam·
1609 1969 1649 2024 ita
1673 1987 1785 2042 quoquc
1803 1973 1916 2027 vocatio

208 2057 256 2129 qui
286 2056 357 2110 inter
384 2055 452 2109 haec
485 2054 540 2109 duo
569 2054 741 2125 quadruplex
766 2054 913 2108 discrimen
936 2053 1046 2107 statuit:
1073 2052 1110 2105 ad
1129 2052 1311 2108 ministerium
1329 2061 1372 2109 est
1389 2072 1457 2125 opus
1477 2071 1569 2111 merae
1588 2062 1617 2111 et
1634 2055 1776 2110 indebitae
1794 2058 1915 2128 gratiae,

212 2151 233 2200 l.
254 2143 361 2198 Electio
381 2141 504 2212 pondere
522 2158 555 2195 ac
567 2141 705 2212 gravitate
717 2140 856 2194 vocationi
869 2140 951 2209 longe
969 2145 1046 2193 ante·
1073 2138 1165 2195 Galat.
1187 2146 1209 2206 l,
1227 2158 1252 2194 v.
1274 2147 1318 2196 15:
1349 2142 1417 2199 Cum
1436 2143 1545 2201 placuit
1563 2142 1603 2205 ei,
1627 2143 1677 2210 qui
1694 2158 1735 2194 sue
1753 2145 1916 2211 sepesqueit

209 2229 292 2283 cellit.
331 2228 370 2285 Ut
388 2227 461 2282 euim
479 2227 528 2280 illa
545 2226 643 2294 unius,
671 2226 787 2280 duarum
813 2225 857 2280 vel
875 2225 996 2295 plurium
1013 2241 1046 2280 ex
1072 2240 1106 2278 eu
1125 2234 1205 2280 utero
1222 2228 1323 2279 matris
1341 2243 1420 2280 meae
1438 2237 1465 2281 et
1483 2228 1592 2282 uacauit
1608 2244 1662 2298 per
1679 2230 1804 2298 qratiam
1822 2248 1915 2283 sesam.

211 2315 304 2369 multis
321 2330 509 2384 personarum,
526 2313 641 2383 reliquis
660 2311 837 2382 posthabitis,
855 2319 897 2367 est
913 2311 1046 2373 delectio;
1073 2317 1097 2367 l.
1117 2311 1356 2386 Quemadmodum
1376 2313 1516 2384 principes
1536 2315 1572 2368 ad
1594 2330 1624 2369 se
1642 2321 1742 2369 vocant
1762 2330 1824 2383 cos,
1852 2317 1916 2387 qui·

211 2402 249 2455 ita
267 2418 316 2472 per
334 2400 406 2454 hanc
424 2401 469 2454 vel
486 2417 549 2466 una,
569 2399 614 2454 vel
633 2399 718 2463 duae,
746 2406 802 2454 tres
820 2398 949 2469 pluresve
966 2397 1047 2450 simul
1073 2398 1125 2451 bus
1145 2404 1250 2452 certum
1275 2397 1389 2469 aliquod
1414 2398 1536 2454 officium
1560 2400 1731 2454 demandant
1747 2407 1775 2455 et
1793 2418 1917 2472 quorum

211 2494 352 2541 vocantur.
388 2486 432 2541 De
450 2485 534 2556 priori
555 2485 658 2555 legitur
676 2485 829 2555 exemplum
843 2484 906 2538 Act.
925 2491 946 2548 l,
965 2502 990 2537 v.
1006 2489 1046 2537 21.
1073 2499 1159 2553 opera
1178 2484 1357 2553 peculiariter
1382 2483 1411 2538 in
1435 2485 1614 2555 expediendis
1639 2485 1758 2556 negotiis
1785 2487 1828 2541 uti
1848 2505 1916 2543 con·

211 2582 239 2628 et
273 2588 348 2643 seqq.
378 2573 517 2642 posterius
550 2573 640 2642 ipsurn
668 2570 771 2625 Christi
808 2571 913 2626 factum
949 2570 1047 2624 asserit
1073 2569 1238 2637 stituerunt3
1272 2569 1312 2623 sic
1339 2571 1448 2624 vocatio
1479 2572 1665 2626 ministrorum
1694 2571 1827 2627 ecclesiae
1858 2573 1915 2628 hoc

212 2659 309 2713 Matth.
327 2668 357 2726 t,
386 2677 410 2716 v.
436 2665 474 2715 18,
504 2666 532 2713 et
551 2674 626 2729 seqq.
660 2664 683 2713 2.
703 2658 809 2713 Electio
834 2665 862 2711 et
885 2656 993 2710 vocatio
1019 2655 1279 2727 inyoomplectitur,
1298 2656 1372 2733 quod
1392 2656 1469 2710 Deus
1489 2656 1556 2726 ipsis
1578 2662 1712 2728 tanquam
1732 2657 1834 2729 legatis
1854 2660 1915 2714 suis

211 2752 345 2816 quantum
364 2747 580 2816 conjunguntur,
600 2745 665 2800 huic
682 2745 731 2799 illa
748 2744 902 2812 antecedit,
920 2743 962 2797 illi
982 2759 1047 2796 vero
1073 2745 1179 2794 certum
1198 2741 1311 2811 aliquod
1324 2741 1447 2796 officium
1460 2743 1650 2798 sustinendum
1669 2760 1702 2797 sc
1719 2742 1914 2815 peragendum

212 2833 280 2888 haec
296 2849 352 2886 non
372 2830 447 2887 item.
483 2832 571 2887 Nemo
591 2831 663 2884 enim
681 2846 821 2901 unquam,
843 2830 890 2901 qui
911 2847 974 2884 cum
994 2829 1047 2884 ele·
1072 2826 1283 2881 commendavit.

211 2916 302 2973 ctione
322 2923 383 2974 erat
400 2924 522 2983 vocatus,
543 2916 695 2970 vocationis
715 2921 781 2970 ante
793 2916 955 2971 electionem
973 2932 1045 2970 com·
1108 2918 1149 2967 54.
1168 2911 1246 2966 Haec
1274 2913 1311 2967 ad
1338 2913 1520 2968 ministerium
1547 2915 1656 2969 vocatio
1682 2915 1794 2970 omnino
1817 2921 1962 2971 neces-1·

212 3022 263 3075 pos
295 3009 323 3059 et
353 3003 493 3073 particeps
523 3001 614 3056 factus
643 3006 693 3056 est.
738 3007 761 3057 3.
794 3001 910 3057 Vocatio
941 3001 1046 3072 absque
1074 2999 1147 3053 saris
1165 3004 1207 3053 est
1225 2998 1295 3066 illis,
1323 2999 1371 3068 qui
1387 3000 1469 3069 juxta
1486 2999 1538 3054 Dei
1565 3000 1735 3055 voluntatem
1753 3000 1829 3056 bona
1846 3019 1913 3057 cum
1927 2983 1967 3065 {¹ss

213 3090 356 3157 electione,
369 3106 441 3160 quae
454 3089 546 3157 plures
559 3087 682 3156 respicit,
700 3092 793 3156 potest
805 3088 963 3154 consistere,
977 3087 1046 3142 haec
1075 3084 1245 3140 conscientia
1263 3090 1292 3139 et
1311 3083 1404 3138 fructu
1424 3085 1582 3139 auditorum
1602 3087 1631 3140 in
1647 3086 1699 3141 hoc
1718 3104 1833 3142 munere
1850 3104 1914 3143 ver-

213 3192 279 3230 vero
301 3175 377 3228 illam
404 3190 458 3227 non
482 3172 612 3228 excludit.
653 3171 753 3227 Nullus
780 3172 852 3226 enim
876 3172 928 3225 nisi
948 3188 1047 3227 vocan-
1075 3171 1130 3224 sari
1152 3171 1277 3240 cupiunt,
1297 3188 1353 3242 qua
1373 3171 1407 3225 de
1420 3187 1450 3225 re
1467 3170 1633 3242 Augustana
1651 3173 1788 3249 confessio
1806 3181 1857 3231 art.
1874 3180 1916 3231 14.

215 3262 266 3316 dus
284 3260 397 3331 eligitur
415 3265 443 3313 et
463 3258 572 3328 saepius
590 3273 645 3311 uon
663 3257 767 3311 electus
787 3266 910 3312 vocatur.
949 3264 973 3313 4.
993 3259 1047 3314 Vo·
1076 3257 1116 3310 sic
1137 3256 1272 3328 loquitur:
1298 3259 1345 3310 Dc
1363 3258 1464 3310 ardiae
1483 3259 1672 3312 ecclesiastico
1698 3262 1797 3312 doceat
1816 3260 1917 3325 (cccle-

214 3349 287 3403 catio
306 3345 457 3400 ministerio
480 3351 522 3399 est
551 3343 784 3398 accommodatior
809 3344 956 3406 electione,
984 3343 1050 3415 quia
1076 3344 1134 3397 aiae
1153 3345 1290 3412 noshae),
1309 3346 1387 3412 qaod
1404 3359 1483 3399 nemo
1501 3344 1532 3397 ie
1550 3346 1669 3398 ecclesia
1687 3346 1784 3398 debeat
1799 3347 1917 3415 publice

214 3433 244 3487 in
273 3449 340 3488 casu
365 3431 536 3488 necessitatis
563 3435 675 3499 propter
701 3444 880 3499 personarum
906 3430 1048 3501 penuriam
1077 3432 1178 3483 docere
1192 3439 1240 3482 ara
1257 3439 1434 3483 sacramenta
1455 3432 1666 3493 administrare,
1687 3433 1744 3484 nisi
1757 3434 1811 3484 rite
1832 3450 1917 3487 roca·

214 3520 284 3574 haec
303 3520 422 3583 minime,
442 3519 491 3572 illa
510 3534 574 3573 vcro
587 3516 705 3570 maxime
721 3523 813 3586 potest
832 3516 966 3572 adhiberi.
994 3516 1049 3571 Sed
1061 3528 1064 3579 t
1076 3525 1129 3571 tus.
1148 3515 1226 3579 Quae
1238 3515 1418 3571 confessionis
1430 3518 1515 3571 verba
1530 3517 1657 3587 opposita
1670 3523 1747 3571 sunt:
1768 3524 1789 3572 t.
1809 3519 1916 3575 calum·

217 3606 363 3659 discrimen
384 3604 453 3657 illud
473 3604 544 3658 inter
558 3603 720 3658 electionem
733 3607 762 3657 et
778 3602 948 3657 vocationem
961 3603 1050 3673 magis
1077 3602 1131 3656 niis
1156 3600 1381 3669 Pontificiorum,
1409 3602 1457 3673 qui
1485 3605 1577 3655 omnia
1606 3603 1634 3655 in
1660 3604 1783 3658 ecclesiis
1811 3605 1916 3660 nastris

218 3691 246 3744 in
264 3690 371 3756 ἐπινοίᾳ
390 3693 499 3742 nocuae
518 3690 624 3754 mentis,
642 3705 725 3758 quam
743 3688 772 3741 in
791 3704 821 3741 re
840 3688 901 3758 ipsa
919 3687 1051 3742 consistit.
1078 3688 1192 3742 confuse
1217 3695 1246 3741 et
1272 3688 1330 3741 sine
1357 3687 1453 3742 ordine
1481 3688 1541 3758 geri
1568 3696 1596 3743 et
1622 3688 1710 3742 cuivis
1738 3689 1765 3742 in
1795 3692 1917 3747 ecclesis

219 3773 383 3843 Quicunque
409 3773 481 3826 enim
510 3775 546 3827 ad
576 3774 757 3828 ministerium
788 3774 910 3845 legitime
932 3773 1051 3844 eligitur,
1078 3772 1195 3827 docendi
1213 3778 1377 3842 potestatem
1396 3773 1472 3843 apud
1492 3791 1541 3827 nos
1560 3775 1687 3841 concedi,
1707 3775 1833 3846 adeoque
1852 3794 1915 3833 sur·

218 3862 241 3915 is
266 3860 348 3914 etiarn
369 3865 497 3925 vocatur,
527 3866 554 3913 et
576 3859 734 3929 quicunque
760 3867 888 3928 vocatur,
917 3861 941 3913 is
967 3865 1050 3914 etiam
1063 3918 1065 3937 Ι
1078 3876 1139 3913 sum
1152 3859 1324 3913 acdeorsum
1336 3858 1428 3913 omnia
1440 3860 1513 3913 volvi
1528 3860 1756 3928 criminabantur,
1775 3862 1917 3920 referente

217 3946 343 4017 eligitur,
370 3945 444 3999 unde
472 3945 617 4013 Scriptura
646 3943 836 4000 indifferenter
862 3946 937 4000 hisce
956 3949 1050 4017 appel·
1063 3946 1065 3995 l
1079 3944 1200 3999 liuthero
1220 3944 1248 3998 in
1260 3943 1377 4011 pmefst
1395 3951 1446 3998 art.
1465 3945 1646 4000 Schmalcald.
1676 3946 1804 4003 Andreas
1816 3947 1918 4004 Fabri·

87 4031 484 4087 111·2t21ari0nibusinhoc
503 4031 615 4101 negotio
635 4031 729 4084 utitur.
1078 4030 1136 4085 cius
1170 4029 1291 4085 Leodius
1320 4030 1349 4083 in
1379 4028 1464 4083 barm.
1495 4030 1614 4100 August,
1645 4032 1762 4089 confess.
1787 4042 1839 4091 art.
1874 4042 1916 4094 tt.

91 4107 167 4199 3222,
253 4123 293 4175 53.
318 4117 479 4172 Vocationia
495 4117 640 4178 ,terminus
659 4115 797 4185 accipitur
815 4123 873 4170 tum
894 4117 991 4185 active,
1010 4112 1210 4183 re-lauducter
1234 4115 1409 4181 convitiatur,
1438 4117 1519 4169 natta
1544 4125 1630 4188 purte
1659 4120 1749 4186 mucis
1777 4120 1917 4177 laborare

89 4210 187 4260 ssotpts·
218 4210 315 4277 spectu
331 4202 468 4265 vocantis,
494 4219 544 4271 pro
563 4202 623 4271 ipsa
642 4201 776 4272 eligendi,
798 4201 916 4255 vocandi
943 4209 971 4255 et
990 4186 1261 4283 mit-jcoofessores,
1290 4220 1374 4270 qaam
1403 4211 1432 4255 ut
1458 4203 1567 4255 uittam
1594 4205 1694 4257 ordine
1722 4206 1916 4263 ecclesiastico

89 4263 133 4302 Μ’
217 4289 295 4346 tendi
313 4289 349 4343 ad
370 4287 491 4342 officium
510 4288 631 4356 actione,
659 4288 721 4342 Esa.
739 4293 787 4354 49,
811 4304 835 4342 v.
858 4294 886 4342 l:
913 4289 1137 4375 Dominusqrem
1157 4288 1346 4342 Christianam
1364 4291 1541 4354 confundant
1566 4307 1600 4342 ac
1617 4301 1792 4358 pervertant,
1821 4303 1916 4349 erecto

217 4379 251 4431 ab
270 4384 349 4429 estere
369 4392 412 4428 me
430 4374 553 4437 vocavit;
577 4379 637 4427 tum
653 4374 776 4442 passive,
801 4377 930 4443 respectu
954 4373 1210 4447 vocatilnimiram
1228 4376 1319 4429 altari
1337 4384 1434 4430 contra
1453 4377 1557 4441 attare,
1587 4383 1607 4430 l.
1626 4376 1735 4448 Regum
1765 4385 1800 4434 13.
1825 4388 1851 4432 ct
1868 4400 1916 4436 cu·

216 4480 266 4533 pro
285 4463 344 4534 ipso
365 4476 466 4532 genere
484 4460 570 4523 vitae,
596 4460 632 4513 ad
661 4460 735 4529 quod
763 4459 886 4513 homines
910 4448 1180 4528 vocantur,¹the‹tra
1198 4464 1334 4516 adversam
1352 4464 1528 4527 cathedram,
1555 4472 1638 4531 atquc
1661 4480 1754 4518 omnes
1773 4482 1834 4529 ece,
1865 4470 1918 4537 qui

216 4548 245 4602 id
266 4556 308 4603 est
326 4564 376 4618 pro
395 4545 535 4600 functione
561 4553 619 4598 tum
646 4546 763 4615 privata,
787 4553 846 4601 tum
870 4546 994 4615 publica.
1022 4522 1065 4602 in!
1080 4549 1214 4616 baptisati
1226 4557 1298 4616 sant,
1316 4565 1365 4602 sere
1378 4549 1435 4601 uiri
1447 4557 1520 4617 rant,
1539 4567 1587 4601 sea
1599 4550 1740 4619 mulieres,
1751 4554 1916 4609 sacerdotes

217 4649 300 4704 quam
320 4633 420 4704 aliquis
440 4648 457 4685 a
474 4629 535 4685 Deo
548 4630 698 4685 collocatus
711 4638 760 4687 est.
792 4639 813 4686 l.
834 4633 894 4686 Gor.
913 4638 938 4701 t,
958 4652 983 4688 v.
1003 4640 1051 4689 20:
1063 4608 1065 4697 i
1079 4651 1177 4687 creare
1189 4641 1214 4687 et
1225 4636 1331 4698 facere.
1359 4634 1527 4688 Laurentius
1545 4636 1664 4689 Arturus
1678 4636 1874 4693 Posnaniensis
1885 4640 1915 4695 in

216 4719 254 4770 Iu
270 4736 326 4786 qua
345 4719 488 4772 vocatione
509 4734 581 4771 unus
605 4715 720 4785 quisque
745 4725 860 4771 vocatus
888 4727 942 4783 est,
965 4720 996 4772 in
1019 4702 1065 4801 aa}
1078 4719 1275 4775 sessionibus
1285 4720 1319 4773 de
1328 4727 1417 4773 vocat.
1427 4719 1543 4774 ministr.
1555 4728 1650 4777 aest:
1674 4719 1915 4780 Uteacaemeata·

211 4812 344 4869 ,maeeat,
362 4804 442 4870 juxta
460 4820 544 4874 quam
562 4801 692 4857 vocabuli
712 4802 942 4874 significationem
960 4807 1051 4876 ipsum
1062 4828 1065 4851 r
1076 4808 1138 4875 riis,
1157 4805 1251 4869 laniis,
1270 4806 1374 4873 coquis,
1390 4806 1549 4870 sartoribus
1566 4809 1689 4860 ministri
1696 4813 1915 4876 protestantium

215 4887 396 4941 ministerium
407 4889 623 4944 ecclesiasticum
637 4888 693 4943 dici
704 4895 797 4959 potest
808 4891 956 4959 peculiaris
968 4854 1064 4963 quae«)
1077 4892 1170 4961 eflecti
1184 4899 1256 4957 sunt,
1272 4890 1314 4943 ita
1332 4908 1394 4943 cam
1411 4890 1485 4943 tabet
1503 4894 1543 4945 ad
1560 4896 1657 4946 eadem
1677 4894 1776 4959 officia
1794 4900 1916 4954 redeant

217 4972 279 5027 dam
298 4974 406 5027 vocatia
424 4975 482 5030 sive
500 4982 599 5042 status,
618 4975 647 5029 in
665 4991 748 5046 quem
765 4992 900 5045 personae
919 4958 1063 5032 ecclesia·¹
1078 4988 1103 5032 et
1128 4978 1186 5045 spei
1208 4977 1264 5029 sibi
1286 4977 1357 5029 laici
1381 4978 1451 5040 fiant
1475 4986 1501 5030 et
1525 4980 1658 5048 episcopi.
1702 4980 1801 5035 Johuu.
1829 4983 1914 5055 Bapt.

216 5058 302 5113 sucas
332 5058 462 5112 divinitus
495 5061 649 5117 collocatae
679 5064 752 5116 sunt.
801 5060 898 5132 Neque
925 5046 1220 5139 dubiam,{Ficklerus
1239 5062 1269 5115 in
1286 5061 1393 5131 replica
1410 5065 1681 5119 contraHeilbrunn.
1701 5083 1730 5136 p.
1749 5070 1790 5122 at.
1806 5068 1914 5140 scribit,

216 5145 283 5214 quin
312 5144 446 5215 singulari
475 5147 589 5201 oonsilio
609 5146 728 5216 Spiritus
753 5151 864 5201 sanctus
887 5165 957 5217 opus
980 5150 1049 5204 illud
1062 5156 1064 5227 l
1077 5153 1156 5219 apud
1177 5149 1352 5202 Latheraaoe
1376 5158 1522 5217 pastorem
1549 5159 1574 5202 et
1606 5169 1668 5205 ores
1701 5169 1757 5205 noa
1786 5154 1914 5223 defferre.

216 5231 322 5301 madae
343 5231 465 5297 divinas,
483 5248 538 5300 quo
556 5234 672 5287 ministri
693 5232 826 5288 ecclesias
844 5233 1049 5302 praeficiuntur,
1061 5240 1064 5297 Ι
1076 5238 1119 5290 Ac
1146 5233 1293 5288 novissime
1319 5233 1447 5289 Becanus
1470 5235 1579 5290 Jesuita
1605 5236 1634 5290 in
1662 5237 1732 5308 disp.
1752 5237 1914 5310 inaugurali

215 5316 356 5387 appellare
373 5317 492 5371 voluerit
515 5317 695 5373 vocationem.
737 5327 757 5374 l.
779 5320 895 5375 Vocatio
915 5320 968 5374 Dei
992 5328 1049 5376 tam
1077 5323 1112 5375 de
1131 5320 1276 5374 vocatione
1293 5320 1480 5375 ministrorum
1499 5321 1625 5377 Viennae
1648 5339 1720 5378 anno
1742 5328 1816 5380 tata.
1834 5325 1913 5381 insti-

215 5401 315 5457 efficax
335 5409 392 5471 est,
412 5411 444 5456 ut
461 5417 510 5471 per
526 5418 587 5456 eam
607 5404 723 5459 existere
741 5406 893 5476 incipiant,
913 5422 984 5476 quae
1002 5424 1048 5462 an-
1077 5412 1138 5462 tuta
1156 5406 1195 5459 th.
1217 5411 1262 5460 52:
1290 5409 1459 5461 Perteedum
1480 5417 1532 5470 est,
1557 5410 1635 5475 quod
1654 5411 1748 5462 dicam
1767 5412 1842 5476 (vere
1861 5430 1913 5483 pn·
1925 5425 1967 5469 m
