4020 6014
191 349 251 407 ast
770 338 892 396 Locus
910 330 1115 394 vlcusmus
1133 336 1313 406 QUARTUS

190 512 251 552 esso
268 515 326 552 rem
344 497 464 554 sterilem
481 515 514 552 ac
528 498 644 568 proinde
666 496 773 551 nullum
785 495 907 549 fructum
924 505 1022 562 parere
1055 496 1076 546 1.
1089 491 1269 563 approbatur
1282 503 1443 549 contractus
1458 497 1672 565 emphyteuseos,
1694 495 1806 567 quando
1826 510 1890 549 mea

190 600 272 654 posse
295 583 429 652 ostendit,
455 583 522 654 quid
547 584 620 639 enim
645 583 699 637 hac
723 583 758 636 de
788 599 817 636 re
844 577 1024 636 statuendum
1050 578 1169 647 pecunia
1185 596 1355 651 agrumemo
1370 596 1489 653 eumque
1508 581 1587 637 alteri
1600 581 1745 637 colendum
1759 580 1840 636 trado
1858 596 1893 634 ea

191 668 244 737 sit,
270 667 384 723 inferius
410 667 570 738 expeditum
596 667 717 722 dabitur.
750 666 812 721 Hoc
836 665 897 720 loco
913 663 1025 718 unicum
1052 663 1131 735 lege,
1159 672 1191 720 ut
1217 672 1330 738 propter
1356 684 1477 723 annuam
1511 667 1652 723 fructuum
1682 665 1890 737 perceptionem

144 800 149 810 .
192 752 260 808 illud
280 770 436 823 monemus,
454 754 646 826 magistratum
665 754 694 808 in
712 753 766 808 hac
784 769 835 806 sua
853 750 1026 806 ordinatione
1053 756 1156 806 certam
1176 754 1313 823 pecuniae
1333 771 1467 809 summam
1486 755 1630 810 ueletiam
1656 753 1761 807 modios
1782 752 1890 823 aliquot

173 839 229 894 ‘ad
259 841 427 912 aequitatem
458 841 612 895 naturalem
643 846 803 910 respectum
832 838 963 893 habuisse
993 851 1026 889 ac
1053 835 1165 908 frugum
1178 839 1326 909 quotannis
1340 841 1407 895 mihi
1419 842 1567 911 persolvat,
1586 840 1669 895 modo
1687 855 1788 908 canon,
1808 855 1892 910 quem

192 925 287 981 multis
306 927 499 984 controversiis
517 932 545 982 et
564 925 777 981 difficultatibus
790 925 899 980 obviam
919 923 959 977 ire
979 937 1026 975 vo·
1053 921 1092 976 ita
1111 930 1220 991 vocant,
1236 925 1289 979 hoc
1307 931 1350 981 est
1363 927 1483 997 pecunia
1498 927 1542 981 vel
1560 927 1729 981 frumentum
1742 925 1894 995 quotannis

190 1011 284 1070 luisse.
319 1013 389 1067 Cum
408 1013 479 1068 enim
498 1012 566 1068 certi
584 1018 612 1067 et
629 1011 751 1083 expediti
767 1010 840 1082 juris
857 1008 901 1077 sit,
918 1007 947 1062 in
966 1008 1027 1062 mu!
1040 1000 1272 1079 iper-solvendum,
1302 1011 1339 1065 sit
1366 1012 1425 1083 juri
1449 1018 1478 1067 et
1510 1013 1646 1083 aequitati
1677 1016 1890 1067 consentaneus.

192 1102 241 1153 tuo
266 1099 295 1152 id
323 1100 397 1171 quod
420 1098 535 1154 interest
562 1116 579 1152 a
604 1097 727 1154 debitore
754 1095 825 1167 exigi
837 1135 844 1165 ,
876 1094 905 1148 id
931 1098 973 1147 est
994 1094 1028 1147 ab
1054 1094 1128 1161 Quid
1147 1112 1212 1150 vero
1232 1095 1399 1152 discriminis
1419 1098 1447 1153 in
1468 1116 1514 1168 eo,
1540 1099 1563 1152 si
1589 1098 1633 1152 rel
1654 1098 1715 1168 ipse
1734 1097 1892 1152 immediate

192 1184 301 1238 lucram
319 1201 432 1238 cessam
456 1193 483 1238 et
508 1186 643 1238 damnum
662 1199 801 1252 emergens
816 1183 880 1252 J'ure
898 1195 1027 1249 compen·
1054 1197 1116 1234 mea
1134 1182 1254 1251 pecunia
1272 1199 1370 1255 agrum
1384 1201 1472 1239 emam
1487 1184 1660 1254 eundemque
1676 1182 1756 1237 alteri
1777 1183 1890 1252 elecem,

192 1268 325 1324 sationem
345 1271 486 1342 quendam
504 1269 639 1340 postulari
657 1284 747 1340 posse,
773 1273 802 1322 et
824 1266 936 1322 veroin
952 1264 1029 1337 judi·
1055 1271 1087 1320 ut
1105 1271 1213 1336 partem
1231 1268 1373 1323 fructuum
1396 1269 1544 1340 quotannis
1561 1268 1722 1339 percipiam,
1741 1267 1786 1323 vel
1804 1268 1827 1321 si
1844 1285 1892 1338 pe·

193 1356 242 1411 ciis
269 1358 381 1427 saepius
412 1359 460 1412 diu
488 1359 661 1429 multumque
695 1359 929 1418 controvertatur,
961 1351 1029 1424 quid
1054 1352 1163 1407 cuniam
1191 1370 1280 1408 meam
1299 1355 1379 1410 alteri
1397 1346 1465 1409 dem'
1480 1360 1589 1422 mutuo,
1620 1359 1651 1408 ut
1677 1370 1710 1408 ex
1734 1370 1768 1408 ea
1794 1370 1891 1425 agrum

192 1442 305 1515 proprie
324 1443 361 1498 sit
381 1443 553 1512 usurarium,
583 1443 649 1512 quid
675 1458 740 1497 vero
760 1441 828 1496 lucri
846 1438 980 1495 cessantis
1001 1445 1029 1492 et
1055 1444 1130 1493 emat
1147 1445 1175 1493 et
1191 1445 1304 1510 propter
1323 1458 1442 1495 annumn
1464 1442 1606 1496 fructuum
1625 1457 1658 1496 ex
1670 1447 1743 1494 emto
1757 1438 1805 1492 illo
1823 1456 1891 1510 agro

195 1527 288 1584 damni
302 1529 468 1601 emergentis
481 1529 678 1600 compensatio,
697 1528 760 1583 ideo
773 1528 809 1582 ad
822 1533 926 1582 certam
942 1541 1029 1596 quan-
1054 1525 1258 1596 perceptionem
1276 1532 1381 1582 certum
1399 1535 1428 1583 et
1444 1529 1617 1583 moderatum
1644 1544 1756 1582 eensum
1775 1532 1892 1598 quotan-

195 1614 258 1670 dam
278 1614 496 1669 mediocritatem
518 1614 560 1678 id,
589 1615 663 1685 quod
683 1614 805 1681 interest,
833 1612 966 1667 reducere
983 1627 1030 1664 vo·
1055 1611 1098 1664 nis
1116 1611 1183 1665 mihi
1203 1610 1363 1683 dependat?
1390 1613 1472 1669 Certe
1493 1614 1567 1685 quod
1593 1611 1748 1667 naturalem
1766 1612 1890 1682 aequita-

194 1700 321 1769 luerunt,
341 1700 470 1754 nimirum
489 1707 521 1753 nt
542 1717 590 1771 pro
609 1705 719 1754 centum
741 1699 852 1755 florenis
870 1702 966 1753 mutuo
981 1695 1030 1750 da·
1055 1702 1112 1751 tem
1137 1696 1248 1766 attinet,
1284 1696 1353 1752 nihil
1381 1697 1427 1753 hic
1451 1699 1622 1770 disparitatis
1646 1698 1774 1753 occurrit.
1813 1696 1891 1761 Quae

193 1787 229 1841 tis
246 1787 369 1858 quinque
388 1786 449 1841 loco
476 1786 558 1853 illius,
585 1786 660 1859 quod
685 1786 806 1856 interest,
838 1785 985 1856 exigantur
1001 1787 1030 1836 et
1056 1782 1224 1838 diversitatis
1241 1784 1311 1838 ratio
1330 1801 1347 1838 a
1365 1784 1531 1854 quibusdam
1548 1784 1640 1840 afferri
1659 1784 1743 1853 solet,
1763 1784 1792 1838 in
1811 1800 1889 1854 seqq.
1904 1795 1961 1835 xlv.
1978 1793 2005 1834 ικ

193 1872 246 1928 hac
263 1873 369 1927 ratione
388 1872 580 1927 controversiis
603 1872 631 1926 in
651 1872 759 1943 judicio
787 1869 948 1942 longissime
966 1884 1028 1939 pro·
1056 1868 1182 1926 elidetur.
1233 1876 1256 1926 2.
1287 1869 1469 1941 Approbatur
1505 1879 1665 1926 contractas
1695 1871 1891 1935 antichreseos,

192 1959 289 2014 tractis
313 1964 480 2012 occurratur.
518 1957 610 2029 Leges
634 1963 772 2025 statuunt,
799 1957 968 2010 taxationem
994 1953 1028 2006 il·
1057 1955 1168 2027 quando
1198 1962 1312 2027 propter
1336 1961 1440 2010 certam
1463 1957 1598 2027 pecuniae
1631 1974 1766 2011 summam
1794 1961 1891 2009 mutuo

194 2044 260 2111 lissa,
283 2045 367 2112 ‚qaod
394 2045 515 2113 interest,
541 2045 648 2112 judicis
676 2044 796 2097 arbitrio
819 2043 948 2096 relictam
969 2057 1029 2107 esso
1057 2040 1151 2096 datam
1170 2042 1290 2097 creditor
1307 2042 1480 2114 hypothecae
1498 2042 1560 2097 loco
1572 2042 1690 2097 fundum
1703 2043 1845 2114 mancipat
1865 2048 1894 2096 et

195 2128 214 2186 l.
235 2133 259 2183 3.
278 2125 306 2202 ξ.
324 2130 373 2183 ult.
393 2128 422 2184 ff.
443 2129 478 2184 de
496 2146 543 2193 eo,
568 2128 643 2200 quod
665 2135 740 2184 certo
757 2128 826 2193 loco,
846 2144 927 2183 eccur
944 2127 1030 2198 igitur
1056 2128 1118 2183 rice
1146 2124 1207 2197 s'jus
1230 2129 1305 2198 quod
1321 2129 1436 2183 interest
1457 2130 1566 2184 fructus
1599 2128 1747 2199 quotannis
1765 2129 1891 2200 percipit.

101 2214 115 2236 ⁴
194 2216 329 2286 superiori
359 2215 534 2287 magistratui
570 2231 626 2269 non
656 2214 754 2269 fuisset
789 2215 916 2280 liberum,
946 2213 1030 2266 talem
1057 2216 1121 2271 Jam
1148 2231 1214 2269 vero
1242 2215 1332 2269 minus
1358 2221 1457 2286 gravat
1483 2215 1636 2270 debitorem
1664 2232 1698 2270 ac
1722 2216 1813 2270 minus
1839 2216 1892 2286 ipsi

195 2302 336 2374 quandam
366 2301 523 2373 generalem
557 2300 789 2368 moderationem,
820 2306 904 2370 atque
932 2302 965 2351 ut
991 2298 1030 2352 sic
1057 2302 1203 2355 molestum
1223 2306 1276 2370 est,
1306 2302 1329 2354 si
1358 2300 1475 2369 fundos,
1503 2318 1585 2372 agros
1608 2319 1641 2357 ac
1661 2301 1777 2372 praedia
1794 2319 1846 2356 sua
1864 2308 1893 2358 et

194 2388 308 2460 loquar,
338 2388 510 2441 taxationem
540 2386 569 2440 in
601 2386 654 2441 hoc
689 2390 835 2441 contractu
865 2383 1030 2440 instituere?
1058 2403 1152 2442 eorum
1182 2386 1289 2441 fructus
1319 2388 1438 2442 retinere
1466 2393 1560 2458 potest
1588 2388 1710 2460 integros
1739 2393 1767 2443 et
1793 2389 1891 2453 salvos,

195 2477 221 2529 2.
241 2475 444 2542 Magistratam
465 2475 507 2525 aci
520 2474 749 2542 praecavendum
764 2473 858 2540 majos
870 2471 976 2524 molum
995 2488 1030 2523 oc
1058 2473 1123 2528 dato
1151 2473 1261 2528 interim
1288 2490 1373 2528 censu
1401 2491 1492 2528 annuo
1516 2491 1567 2545 pro
1595 2473 1731 2545 pecuniae
1749 2480 1891 2528 mutuatae

193 2560 309 2632 pronius
323 2566 484 2628 peccatum,
510 2559 587 2612 iliad
610 2561 688 2627 quod
705 2576 758 2610 asso
775 2565 880 2611 natura
906 2564 948 2610 eat
961 2573 1029 2626 pee-
1058 2576 1119 2617 usu.
1139 2576 1223 2630 quam
1242 2560 1265 2613 si
1285 2559 1414 2615 creditori
1432 2560 1543 2629 fundos,
1561 2577 1643 2631 agros
1661 2576 1694 2614 ac
1712 2559 1828 2630 praedia
1846 2576 1890 2614 eo·

194 2653 301 2714 catam,
320 2647 458 2698 dasntaaat
474 2644 651 2713 permisisse,
678 2662 712 2697 ac
726 2644 851 2712 proinde
865 2650 911 2706 ins
929 2645 992 2707 sori
1011 2661 1030 2696 a
1057 2663 1174 2716 rumque
1187 2645 1294 2700 fructus
1314 2644 1489 2716 hypothecae
1507 2646 1568 2701 loco
1585 2646 1746 2717 mancipare
1765 2652 1891 2716 cogatur.

193 2732 257 2801 jare
272 2732 339 2801 poli
360 2748 417 2784 csse
437 2732 680 2798 dsttinpaendam,
705 2746 756 2784 nec
773 2746 828 2798 per
844 2731 978 2799 politicas
995 2730 1029 2784 il·
1056 2733 1098 2786 Ex
1129 2748 1183 2804 quo
1210 2731 1250 2786 sic
1279 2730 1481 2786 concludimus:
1505 2731 1648 2803 Quidquid
1674 2732 1766 2786 minus
1794 2739 1893 2804 gravam

193 2819 239 2873 los
258 2819 332 2887 lepos
351 2817 534 2870 conscientiae
551 2816 785 2885 tranquillitatem
803 2816 923 2870 obtineri
936 2831 1029 2884 posse.
1057 2819 1209 2874 debitorem
1229 2825 1258 2873 et
1275 2818 1439 2873 deteriorem
1451 2818 1519 2874 tacit
1536 2818 1722 2873 conditionem
1740 2818 1892 2887 creditoris,

193 2905 292 2977 Neque
310 2904 383 2958 enim
402 2903 465 2974 pius
482 2903 662 2974 magistratus
680 2901 765 2956 talem
790 2908 955 2972 potestatem
975 2900 1028 2956 sibi
1056 2905 1126 2959 illud
1146 2920 1246 2959 usurae
1266 2903 1450 2974 suspicionem
1466 2904 1573 2960 minuit.
1613 2904 1653 2958 At
1678 2905 1737 2959 sola
1762 2922 1890 2974 persona·

192 2996 319 3062 arrogat,
350 2995 382 3043 ut
401 2988 438 3042 ad
462 2989 622 3044 evitandum
646 2989 736 3058 majus
760 2988 876 3052 malum,
905 2988 934 3041 id
955 2986 1029 3058 quod
1056 2991 1090 3045 lis
1109 2990 1244 3061 obligatio
1263 2989 1300 3044 ad
1319 3006 1429 3044 censum
1448 3006 1570 3044 annuum
1588 2990 1647 3044 sinc
1667 2990 1842 3046 ususfructus
1863 2991 1891 3043 in

192 3095 244 3149 per
258 3094 296 3147 ,se
320 3081 348 3128 et
366 3091 417 3129 sua
436 3080 536 3129 natura
553 3074 687 3144 injustum
704 3079 761 3143 est,
779 3074 935 3144 permittat,
967 3091 1029 3126 cam
1056 3075 1217 3147 hypotheca
1234 3075 1384 3130 traditione
1405 3078 1496 3130 minus
1514 3081 1615 3146 gravat
1627 3076 1779 3132 debitorem
1797 3083 1825 3131 et
1843 3076 1890 3132 dc·

193 3179 250 3216 aon
267 3162 325 3215 sint
343 3160 496 3227 facienda,
520 3160 606 3214 multo
631 3158 721 3213 minus
748 3158 858 3230 legibus
878 3159 1030 3214 sancienda
1056 3161 1183 3217 teriorem
1204 3161 1273 3216 facit
1289 3160 1475 3216 conditionem
1494 3161 1651 3225 creditoris,
1672 3177 1759 3233 quam
1777 3162 1890 3217 traditio

195 3249 281 3311 mala,
298 3256 329 3301 at
350 3248 477 3301 eveniant
494 3247 566 3299 hona
582 3244 660 3299 Rom.
681 3250 704 3313 3,
718 3263 744 3298 v.
758 3249 781 3302 t.
801 3262 863 3299 curn
882 3240 1027 3316 magistra·
1055 3247 1138 3302 realis
1146 3246 1318 3318 hypothecae
1328 3245 1357 3300 in
1366 3245 1550 3301 antichreseos
1560 3251 1711 3303 contractu.
1734 3247 1810 3317 Ergo
1826 3265 1890 3302 usu·

193 3342 239 3393 tus
264 3335 408 3406 utriusque
434 3333 562 3405 decalogi
588 3332 701 3387 tabulae
726 3339 817 3386 custos
838 3348 897 3387 esse
918 3332 1030 3404 debeat,
1056 3350 1104 3388 rae
1114 3333 1298 3404 suspicionem
1309 3332 1415 3389 minuit.
1435 3338 1460 3387 3.
1471 3332 1652 3402 Approbatur
1664 3342 1825 3388 contractas
1838 3351 1889 3386 errr-

193 3440 257 3478 cum
284 3421 397 3477 inferior
424 3439 479 3475 non
508 3421 596 3490 possit
621 3418 719 3474 tollere
750 3420 840 3490 legem
872 3421 1029 3490 superioris.
1058 3421 1142 3473 tionis
1151 3419 1302 3483 redituum,
1313 3419 1424 3490 quando
1434 3419 1663 3475 centumflorenis
1671 3421 1890 3492 quinqueapro·

194 3508 367 3563 Alterutrum
386 3507 472 3577 igitur
489 3505 667 3561 statuendum
686 3504 785 3572 fuerit,
810 3505 854 3559 vel
873 3506 947 3577 quod
966 3522 1030 3562 cen·
1057 3506 1130 3561 ximo
1155 3505 1304 3577 quotannis
1328 3505 1395 3558 mihi
1424 3506 1620 3577 persolvendos
1654 3523 1715 3561 emo
1748 3524 1781 3562 ea
1804 3506 1893 3577 pacti·

194 3613 256 3649 sum
283 3594 362 3647 illum
387 3593 520 3663 pecuniae
545 3609 666 3646 annuum
691 3591 720 3644 in¹
747 3595 892 3646 contractu
919 3593 1030 3663 saepius
1056 3609 1121 3656 one,
1153 3597 1185 3646 ut
1207 3590 1358 3645 dominium
1382 3597 1493 3646 centum
1515 3591 1681 3648 florenorum
1708 3610 1791 3649 ame
1809 3594 1892 3663 plane

195 3681 337 3738 nominato
355 3679 491 3748 accipere,
508 3696 562 3732 non
581 3679 617 3732 sit
638 3679 665 3731 in
685 3694 714 3732 se
731 3695 766 3732 ac
783 3694 892 3749 semper
903 3679 1030 3735 illicitum
1056 3683 1188 3745 transeat,
1206 3693 1258 3733 aec
1275 3677 1358 3732 liceat
1375 3677 1404 3731 in
1424 3683 1566 3732 aeteruum
1590 3694 1636 3733 eos
1653 3694 1805 3750 reposcere.
1843 3682 1890 3732 De

194 3773 222 3823 et
235 3766 292 3837 juri
315 3764 407 3818 divino
425 3780 458 3818 ac
477 3764 596 3817 naturali
617 3765 778 3831 adversum3
803 3766 846 3819 vel
873 3767 948 3837 quod
971 3784 1028 3822 ma·
1057 3764 1174 3818 emtione
1197 3765 1338 3818 restituam
1362 3763 1469 3829 (scribit
1491 3763 1667 3819 Ohemnicius
1690 3771 1760 3835 part.
1792 3771 1815 3820 2.
1838 3764 1889 3820 loc.

193 3855 327 3926 gistratus
347 3850 376 3904 id
393 3849 556 3919 permittens
576 3857 671 3905 contra
693 3851 741 3920 jus
761 3850 883 3904 divinum
903 3858 932 3906 et
948 3859 1028 3907 natu-
1056 3868 1080 3906 c.
1104 3851 1139 3905 de
1158 3856 1324 3920 paupertate
1341 3867 1370 3921 p.
1388 3853 1458 3919 454.)
1486 3852 1569 3905 malti
1589 3853 1746 3920 dispiciant,
1772 3855 1824 3906 sed
1845 3870 1890 3905 res

193 3939 261 4010 rale,
280 3943 376 3992 contra
396 3936 564 4007 aequitatem
582 3941 610 3991 et
623 3937 764 4007 justitiam
783 3938 885 4010 egerit,
904 3940 933 3993 id
953 3942 1028 4010 qnod
1055 3940 1130 4007 apsa,
1141 3938 1252 3990 sirecte
1266 3937 1468 4006 consideretur,
1483 3938 1613 4006 ostendit,
1626 3938 1698 3991 hanc
1711 3946 1890 4006 contractam,

196 4025 231 4081 de
248 4023 406 4079 Christiano
424 4022 590 4094 magistratu
609 4021 747 4077 affirmare
775 4038 909 4094 perquam
929 4026 1028 4080 durum
1056 4026 1083 4078 si
1103 4024 1226 4093 leqitime
1253 4031 1429 4092 exerceatur,
1455 4042 1511 4078 non
1525 4041 1657 4092 preparare
1683 4041 1744 4077 cam
1763 4026 1890 4079 caritate.

195 4119 224 4168 et
242 4110 339 4166 auditu
356 4108 495 4164 acerbum.
533 4106 605 4162 Sunt
623 4109 672 4177 qui
686 4109 758 4163 hanc
771 4110 951 4180 magistratus
966 4127 1029 4165 con·
1057 4110 1270 4166 Verissimehoc
1287 4109 1386 4165 asserit
1398 4109 1583 4173 Chemnicius‚
1602 4111 1625 4163 si
1643 4110 1715 4163 enim
1733 4116 1890 4165 contractus

195 4194 366 4251 stitutionem
384 4194 530 4249 conferunt
547 4210 610 4247 cum
625 4193 734 4264 legibus
752 4194 882 4249 Mosaicis
897 4195 932 4250 de
949 4197 1024 4267 poly-
1057 4196 1183 4253 emtionis
1202 4195 1231 4249 in
1248 4213 1350 4268 genere
1370 4196 1548 4266 approbatur,
1568 4213 1634 4267 ergo
1647 4196 1730 4250 emtio
1749 4197 1888 4252 redituum

194 4282 368 4356 gamiajure
388 4279 893 4350 divinoprohibita‚Matth.19,v.8:
914 4282 1030 4351 Moyses
1057 4285 1084 4337 in
1104 4282 1196 4354 specie
1220 4282 1371 4355 improbari
1386 4282 1491 4354 nequit.
1528 4283 1611 4337 Prius
1639 4287 1801 4337 constater
1823 4283 1888 4336 hev.

190 4377 310 4441 propter
332 4367 554 4440 σκληροκαρδίαν
566 4367 699 4436 permisit
717 4367 795 4420 vohis
807 4367 944 4421 dimittere
963 4385 1029 4423 aaa·
1058 4377 1098 4439 25,
1115 4387 1141 4424 v.
1166 4375 1204 4424 15.
1238 4374 1259 4424 1.
1279 4369 1339 4424 Cor.
1360 4375 1388 4436 l,
1408 4386 1433 4422 v.
1455 4372 1496 4424 30.
1517 4369 1633 4440 proinde
1651 4368 1733 4423 etiam
1752 4370 1890 4439 posterius

193 4470 247 4517 res,
264 4456 300 4507 ab
319 4455 400 4508 initio
415 4461 507 4506 amem
525 4470 581 4505 non
597 4459 657 4504 erat
670 4451 725 4518 sim
744 4453 793 4505 sed
807 4452 830 4505 si
849 4452 1030 4510 vel-maxime
1056 4456 1197 4510 immotum
1222 4453 1354 4509 consistit.
1400 4454 1487 4523 Atqui
1512 4455 1535 4508 si
1556 4455 1622 4510 licet
1647 4461 1759 4510 centnm
1779 4454 1890 4510 florenis

195 4538 290 4595 divina
308 4542 428 4612 quadam
446 4539 652 4611 dispensatione
670 4537 782 4608 Moyses
801 4539 858 4592 tale
879 4540 945 4611 quid
966 4558 1027 4611 per·
1056 4541 1179 4613 quinque
1197 4539 1344 4612 quotannis
1357 4540 1554 4610 persolvendos
1574 4557 1672 4610 emere,
1691 4541 1788 4612 utique
1806 4542 1888 4597 etiam

194 4625 322 4693 misisset,
342 4627 465 4681 nondum
484 4634 577 4682 tamen
595 4624 715 4680 evictum
734 4624 813 4692 foret,
838 4624 922 4680 etiam
941 4628 1028 4700 magi·
1055 4627 1151 4682 licebit
1187 4633 1298 4681 centum
1337 4625 1455 4681 florenos
1487 4643 1538 4697 pro
1569 4627 1690 4698 quinque
1725 4626 1889 4683 florenorum

194 4719 291 4769 stratui
308 4715 356 4784 jus
380 4713 449 4767 illud
476 4720 573 4768 contra
593 4712 683 4783 legem
707 4711 829 4766 divinam
850 4712 1028 4782 dispensandi
1057 4731 1141 4769 censu
1160 4729 1252 4766 annuo
1271 4711 1386 4767 elocare.
1422 4713 1452 4766 Si
1472 4713 1537 4768 licet
1556 4711 1630 4766 mille
1648 4712 1758 4766 florenis
1778 4713 1889 4767 domum

194 4804 366 4869 competere,
384 4815 447 4852 cum
467 4807 560 4852 custos
578 4797 688 4852 divinae
706 4797 777 4868 legis
798 4803 826 4851 et
844 4815 954 4867 eorum,
980 4801 1028 4870 qui
1056 4816 1159 4867 emere,
1187 4797 1266 4853 alteri
1292 4814 1353 4853 eam
1378 4799 1469 4852 locare
1493 4805 1521 4852 et
1545 4799 1749 4870 quinquaginta
1772 4799 1889 4855 florenos

144 4932 154 4955 .,
193 4885 286 4957 legem
312 4884 433 4937 divinam
458 4883 715 4955 transgrediuntur,
742 4884 844 4936 vincies
868 4884 905 4938 sit
927 4885 1027 4938 consti·
1042 4858 1248 4957 ¹proiecturae
1268 4884 1390 4957 exigere,
1416 4886 1512 4957 quidni
1537 4887 1620 4940 etiam
1639 4885 1723 4941 liceat
1741 4903 1821 4940 usum
1841 4903 1889 4941 an-

195 4975 282 5025 tutus.
1042 4942 1141 5026 lnuum
1158 4971 1268 5026 illorum
1287 4971 1361 5025 mille
1378 4971 1543 5026 florenorum
1562 4971 1720 5027 immediate
1737 4972 1817 5028 alteri
1835 4973 1890 5028 elo·

229 5060 289 5110 237.
326 5059 350 5108 t.
379 5055 424 5106 Ex
451 5055 571 5108 aliorum
601 5062 792 5109 contractuum
812 5055 945 5124 paritate.
983 5016 1139 5114 Dolone?
1182 5055 1264 5120 Quod
1284 5056 1357 5111 enirn
1377 5058 1542 5125 obvertitur,
1568 5059 1598 5110 in
1622 5059 1704 5112 reims
1726 5059 1890 5126 fragilibus,

193 5141 329 5196 similibus
348 5141 420 5195 idem
439 5145 482 5194 est
496 5141 649 5211 judicium,
685 5158 718 5196 ac
735 5140 783 5195 ubi
803 5157 854 5212 par
872 5142 955 5210 ratio,
987 5144 1026 5198 ibi
1041 5128 1095 5233 lae
1114 5160 1184 5211 qaas
1200 5144 1325 5212 pertinet
1340 5146 1476 5213 pecnnia,
1496 5161 1576 5198 asam
1595 5163 1649 5198 non
1666 5162 1752 5213 posse
1772 5163 1889 5215 sapara-

193 5227 266 5282 idem
288 5230 343 5297 Jus.
379 5227 442 5283 Jam
468 5245 532 5282 vero
558 5228 749 5298 approbantur
778 5234 950 5298 contractus,
979 5231 1026 5302 qni
1041 5229 1103 5313 ptim
1122 5229 1209 5281 vendi
1223 5230 1268 5282 oet
1286 5218 1401 5298 dotari,
1421 5248 1482 5284 enm
1501 5246 1597 5283 samam
1615 5248 1682 5284 roas
1696 5233 1732 5284 sit
1749 5233 1812 5301 ipsa
1825 5250 1888 5285 ooa-

189 5312 233 5391 illi
252 5312 314 5384 ipsi,
331 5315 366 5368 de
379 5312 562 5384 quoagimus,
581 5314 655 5385 quod
674 5314 709 5367 nd
728 5316 896 5385 aequitatem
915 5320 1026 5371 natura-
1040 5315 1188 5384 tatraptio.
1217 5317 1253 5372 de
1271 5335 1303 5375 eo
1323 5317 1436 5373 inferius
1456 5314 1627 5385 dispiciatur.
1664 5324 1688 5372 4.
1707 5318 1888 5390 Approbatur

192 5397 247 5454 lem
266 5399 375 5467 attinet,
394 5398 477 5468 plane
498 5410 563 5452 sant
579 5398 689 5453 similes.
725 5399 800 5472 Ergo
819 5407 847 5454 et
865 5399 899 5462 is,
917 5400 952 5453 de
970 5418 1025 5473 quo
1039 5390 1212 5479 :contractas
1240 5405 1391 5461 societatis.
1449 5401 1604 5470 Lepitinms
1642 5412 1683 5456 est
1719 5400 1893 5475 contractus,

192 5483 311 5567 agimus,
331 5483 480 5555 approbari
498 5490 598 5556 potest,
616 5499 668 5538 nec
685 5489 790 5541 temere
808 5490 940 5558 tanquam
960 5487 1023 5542 sim·
1051 5489 1148 5545 scribit
1166 5489 1343 5547 Clremnicius
1361 5490 1386 5546 d.
1406 5489 1425 5546 l.
1442 5506 1468 5559 p.
1489 5492 1548 5544 455.
1569 5492 1684 5558 artando
1703 5492 1779 5546 alter
1794 5501 1888 5563 potest

192 5568 307 5645 pliciter
341 5567 461 5645 injustas
505 5576 534 5627 et
574 5570 714 5629 usurarius
751 5570 892 5645 repudiari
930 5571 1022 5633 debet
1049 5576 1203 5653 amatori,
1220 5579 1274 5633 seri
1287 5574 1697 5645 enumerationem
1718 5595 1784 5634 asro
1807 5579 1890 5635 habet
