4020 6014
704 241 756 298 DE
773 240 996 299 tssnlsramo
1013 242 1316 304 accaeslnsrlco
1798 260 1856 321 tat

156 396 306 466 proclam
325 398 537 466 praelatorum,
568 397 703 466 princeps
729 397 893 465 principum
923 396 997 463 heri,
1009 413 1013 539 ,
1026 400 1216 456 sacerdotibus
1235 401 1431 459 ministrabant
1457 409 1485 458 et
1504 405 1573 459 hora
1592 405 1720 460 1111111111
1737 408 1857 478 psalmos

160 485 207 555 qui
231 485 344 540 Acrone
369 484 481 556 quidem
507 489 567 539 erat
594 484 721 552 inferior,
747 484 857 538 interim
884 484 998 554 reliquis
1024 487 1169 544 canebant.
1205 488 1310 545 Numer
1329 496 1352 559 8,
1368 508 1393 547 v.
1409 497 1455 548 24:
1476 493 1662 547 Haeeestles
1678 494 1857 547 Lantmrnn:

160 570 266 625 Levitis
284 571 412 625 omnibus
431 570 562 641 superior,
581 570 731 632 11111113,
749 589 775 623 v.
793 576 835 625 32.
868 571 997 623 Summus
1023 589 1042 622 o
1060 573 1160 641 oipinti
1177 577 1298 645 quinque
1319 578 1402 631 annis
1426 586 1452 631 et
1476 596 1566 646 snpra
1590 579 1798 648 inpedientur,
1827 588 1858 633 nt
1915 587 1918 596 ’

161 656 290 711 sacerdos
304 658 441 726 quaedam
456 656 548 711 officia
559 655 681 710 habebat
697 673 760 709 eum
777 656 891 725 reliquis
909 672 997 710 sacer·
1024 658 1180 712 ministrent
1200 662 1230 713 in
1247 662 1428 717 tabernaculo
1445 673 1609 733 1111111111,
1636 683 1659 719 r.
1679 667 1725 720 25.
1744 683 1858 736 campen

162 742 272 796 dotibus
285 743 450 810 communia,
469 743 606 813 quaedam
623 760 688 797 vero
706 742 819 812 propria
834 748 862 796 et
877 744 996 813 peculia·
1023 744 1283 813 quinquepesimam
1300 767 1403 802 annam
1422 751 1524 803 1111111
1543 750 1735 819 impleverint,
1754 752 1859 805 sarire

161 828 210 885 ria.
253 826 417 883 Communia
445 833 524 883 crant
552 829 727 882 victimarum
756 829 784 882 in
812 829 894 883 altari
921 829 996 884 holo
1022 832 1177 901 casauboni,
1194 852 1218 888 e.
1235 837 1279 888 27.
1301 828 1443 904 erarnqae'
1456 836 1582 890 ministri
1597 838 1724 900 fratrom
1745 855 1858 892 enorum

162 915 250 968 111111
273 914 378 970 oblatio
398 915 464 970 [er.
486 922 514 982 1,
538 932 563 970 v.
587 922 611 970 9.
639 931 689 984 pro
715 915 836 985 peccatis
854 916 950 986 populi
968 916 997 969 in
1023 918 1052 968 in
1070 920 1254 973 tabernacola
1272 930 1438 989 concentus,
1464 931 1495 975 11
1510 925 1686 990 custodiant,
1714 940 1785 992 qaae
1803 926 1859 979 sibi

161 1000 358 1056 sacrificiorum
368 1002 507 1057 oblatione
517 1002 676 1072 deprecatio
684 1001 752 1056 ch.
762 1009 788 1069 8,
800 1020 826 1057 v.
838 1010 861 1058 'l.
875 1003 996 1057 solennis
1019 1006 1130 1068 suerint
1148 1011 1349 1074 commendato,
1370 1026 1457 1077 opero
1468 1017 1559 1061 111111
1577 1010 1642 1080 ipsa
1662 1027 1718 1063 non
1739 1012 1856 1075 sacient.

162 1088 257 1159 populi
282 1088 438 1144 benedictio
455 1088 538 1144 Num.
559 1095 587 1155 6,
613 1105 638 1142 r.
666 1094 706 1142 23.
732 1088 804 1159 ignis
821 1088 948 1158 perpetui
967 1088 995 1140 11
1021 1089 1109 1144 mant
1127 1091 1212 1162 igitur
1229 1093 1344 1148 Levitae
1364 1094 1491 1149 custodes
1511 1101 1540 1149 et
1555 1095 1707 1165 janitores,
1727 1076 1777 1167 qui
1794 1114 1856 1168 por·

162 1174 258 1229 eodem
278 1175 360 1229 altari
382 1191 432 1245 per
450 1175 527 1245 ligna
551 1173 678 1242 subjecta
696 1175 867 1228 conservatio
884 1175 951 1228 111.
971 1180 995 1241 6,
1021 1176 1119 1230 tabant
1145 1194 1253 1246 aream,
1281 1180 1391 1248 velum,
1418 1197 1555 1243 mensam,
1588 1181 1721 1244 cortinas,
1750 1189 1856 1239 tectum

161 1279 186 1316 v.
207 1267 246 1316 12.
265 1260 453 1332 thymiamatis
472 1262 500 1315 in
518 1261 598 1314 altari
616 1261 694 1315 adid
711 1260 848 1315 destinato
863 1261 995 1330 incensio,
1023 1262 1209 1330 tabernaculi,
1241 1266 1409 1329 tentorium,
1440 1265 1590 1334 funiculos,
1625 1283 1705 1335 rasa,
1736 1268 1856 1340 tabulas,

162 1365 245 1418 qnam
264 1348 307 1402 bis
336 1349 474 1419 quotidie,
499 1366 580 1402 mane
599 1349 706 1403 scilicet
728 1356 756 1402 et
774 1348 899 1416 vesperi,
917 1362 994 1416 pera-
1022 1356 1125 1412 vestes,
1155 1349 1313 1418 columnas,
1346 1351 1425 1405 bases
1463 1359 1491 1405 et
1516 1357 1602 1406 totam
1641 1355 1856 1425 supellectilem

69 1447 112 1484 111.
123 1445 149 1486 ts.
162 1434 246 1505 gebat
263 1434 312 1488 Ex.
333 1441 374 1503 80,
392 1453 417 1488 v.
439 1441 463 1489 1.
484 1435 659 1489 lucernarum
676 1434 704 1486 in
727 1434 893 1489 candelabro
912 1448 995 1486 aureo
1021 1434 1161 1488 distributi
1192 1444 1271 1489 erant
1302 1437 1331 1489 in
1366 1444 1422 1491 tres
1456 1437 1589 1505 familias,
1633 1438 1857 1507 Gerasenorum,

161 1520 274 1590 perolei
290 1521 454 1575 effusionem
473 1520 646 1590 praeparatio
669 1522 732 1575 Lar.
753 1527 795 1583 24,
814 1539 840 1575 v.
856 1525 880 1574 2.
892 1536 994 1589 panum
1022 1519 1219 1575 Caattitarnm
1250 1541 1283 1575 oe
1307 1524 1531 1591 Meroritarom,
1557 1540 1590 1577 ac
1616 1524 1733 1596 singulis
1762 1527 1856 1583 divino

161 1607 356 1676 propositionis
379 1606 497 1677 siugulis
522 1605 665 1660 sabbathis
682 1605 811 1660 iacienda
828 1607 994 1676 permutatio
1022 1607 1150 1661 mandato
1169 1608 1352 1678 assignatum,
1372 1627 1440 1679 quas
1454 1627 1550 1664 sacrae
1567 1609 1856 1683 supellectilis'partss

160 1693 227 1748 Lea
248 1699 289 1761 24,
307 1711 332 1746 v.
352 1699 377 1749 8.
400 1711 502 1749 vaccae
520 1693 598 1747 rufae
623 1699 701 1746 extra
728 1700 820 1745 castra
843 1693 993 1747 immolatio
1020 1693 1140 1747 debeant
1156 1701 1274 1764 portare,
1294 1695 1411 1754 Numer.
1430 1702 1454 1752 3.
1474 1704 1503 1751 11
1520 1697 1662 1768 t.sedjus
1681 1700 1855 1755 sacrificandi

162 1776 244 1836 Num.
268 1786 313 1842 to,
340 1797 364 1833 v.
385 1785 408 1833 3.
438 1796 471 1834 ex
497 1781 576 1848 eujus
597 1778 736 1833 cineribus
753 1778 904 1847 parabatur
921 1795 995 1848 aqua
1019 1797 1074 1833 non
1092 1779 1241 1846 habebant,
1260 1781 1372 1838 Numer.
1395 1788 1433 1852 18,
1455 1782 1483 1837 r.'
1500 1788 1526 1838 3.-

162 1865 346 1935 lastrationis;
367 1866 488 1919 mulieris
509 1866 544 1919 de
563 1865 699 1919 adulterio
720 1872 865 1934 suspectae
885 1865 914 1918 in
927 1883 994 1919 casu
1055 1871 1113 1921 110.
1148 1868 1241 1921 Aucto
1259 1875 1288 1921 et
1307 1867 1497 1922 lsraiilitarum
1516 1876 1544 1924 et
1563 1868 1725 1924 Leritarum
1741 1888 1856 1928 numero
1870 1872 1968 1915 ΟΜΝ

160 1952 315 2022 zelotypiae
327 1952 466 2021 adjuratio
484 1952 566 2008 Num.
587 1959 611 2013 5,
629 1970 654 2006 v.
672 1958 712 2008 11.
731 1953 825 2022 leprae
844 1968 861 2005 a
881 1951 994 2020 reliquis
1022 1951 1157 2021 propheta
1190 1953 1283 2023 regius
1312 1954 1420 2008 David·
1438 1955 1594 2011 sacerdotes
1622 1972 1656 2010 ex
1682 1956 1797 2012 Eleazar
1829 1925 1979 2017 etim&

161 2038 264 2092 scabiei
284 2038 428 2108 speciebus
446 2038 575 2093 discretio
594 2039 659 2094 Lev.
683 2044 722 2105 13,
743 2056 767 2090 v.
781 2047 804 2094 2.
818 2039 994 2109 leprosorum,
1020 2036 1144 2091 ithamar
1160 2038 1280 2092 Aaronis
1292 2038 1356 2092 filiis
1377 2047 1530 2110 prognatos
1549 2040 1628 2096 1124
1644 2043 1781 2108 familias
1798 2044 1856 2100 siva
1869 2029 1976 2122 ffiffi

161 2141 368 2196 puerperarum,
387 2131 619 2179 menstruatarum
632 2142 664 2179 ac
683 2124 899 2180 seminifluorum
917 2141 995 2178 mun·
1021 2125 1121 2178 classes
1141 2125 1284 2180 distribuit
1307 2132 1335 2180 et
1360 2126 1484 2179 ordinem
1510 2144 1604 2180 earum
1632 2134 1706 2183 sorte
1725 2130 1857 2199 distinxit,

162 2213 236 2265 datio
257 2211 323 2268 ch.
347 2217 385 2279 12,
404 2230 429 2267 v.
451 2219 475 2267 1.
513 2227 536 2265 c.
559 2218 597 2267 14.
617 2231 641 2266 v.
662 2218 685 2266 2.
724 2219 994 2279 1.15,ν.14.111.
1022 2221 1053 2264 ut
1079 2210 1197 2281 singulis
1225 2203 1660 2281 111111111111111111111111
1686 2217 1798 2272 axeliis
1818 2218 1859 2274 ia·

162 2298 230 2370 legis
259 2300 371 2354 divinae
399 2299 590 2368 interpretatio
620 2303 648 2352 et
675 2299 773 2369 populi
797 2315 830 2352 ex
853 2315 888 2354 ea
913 2298 995 2352 infor·
1024 2296 1106 2350 miliia
1124 2298 1305 2363 accederent,
1333 2305 1355 2352 1.
1375 2296 1468 2353 Paral.
1487 2303 1534 2365 24,
1556 2317 1582 2352 v.
1604 2305 1627 2353 4.
1663 2301 1796 2360 211111.
1817 2311 1859 2371 21,

162 2386 246 2440 matio
274 2385 394 2440 hialaeb.
425 2392 455 2454 2,
481 2404 506 2439 v.
537 2393 560 2439 1,
584 2384 713 2439 tubarum
740 2387 769 2439 in
791 2401 938 2456 progressu
960 2384 997 2437 ad
1023 2402 1048 2438 r.
1076 2392 1099 2439 5.
1136 2392 1160 2442 2.
1188 2385 1257 2456 Reg.
1286 2391 1332 2454 11,
1359 2403 1385 2441 v.
1412 2392 1435 2439 1.
1458 2401 1578 2455 cumque
1608 2386 1725 2458 singulis
1759 2390 1858 2446 sabba-

163 2471 273 2539 hellum,
290 2472 408 2527 infestis
421 2479 450 2527 et
468 2471 617 2525 neomeniis
635 2470 741 2525 inflatio
762 2472 844 2528 Num
867 2477 905 2537 10,
925 2490 951 2527 r.
972 2477 996 2526 8.
1023 2470 1078 2524 this
1105 2488 1177 2526 nova
1203 2471 1376 2527 sacerdotum
1404 2469 1511 2525 familia
1539 2487 1679 2527 sacrorum
1708 2476 1859 2532 ministerio

161 2574 185 2613 c.
209 2564 257 2626 31,
276 2575 299 2610 v.
321 2565 344 2613 6.
381 2558 498 2628 Propria
519 2558 617 2611 summi
637 2558 789 2612 sacerdotis
808 2557 998 2612 111111111111
1022 2556 1215 2627 adhiberetur,
1244 2558 1418 2628 singulorum
1437 2557 1587 2613 ministerio
1612 2560 1680 2614 certi
1704 2561 1860 2633 (11111111-

164 2650 185 2700 1.
206 2643 320 2714 publica
336 2646 421 2700 totius
441 2645 536 2715 populi
557 2644 593 2698 ab
606 2644 733 2699 omnibus
751 2644 932 2698 immunditiis
953 2663 996 2698 ex·
1024 2643 1224 2711 scribebantur,
1235 2644 1310 2698 uude
1327 2642 1420 2697 Lucas
1436 2661 1459 2698 1.
1478 2651 1501 2711 1,
1519 2663 1544 2698 v.
1558 2653 1582 2700 5.
1595 2647 1671 2710 dicit,
1684 2649 1858 2704 Zachariam

161 2731 247 2802 piatio
267 2731 350 2786 semel
370 2732 399 2785 in
418 2749 490 2787 auno
508 2731 683 2802 peragenda,
703 2730 810 2784 decimo
830 2731 936 2786 seilicet
954 2732 997 2784 die
1023 2731 1172 2800 Brptistae
1188 2729 1709 2802 1111111111ἐφημερίαςΑὸία,
1737 2735 1859 2806 Singulis

163 2819 263 2874 mensis
280 2819 398 2889 septimi,
417 2819 445 2873 in
466 2836 521 2890 qua
539 2816 680 2892 ἀρχιερεὺς
697 2823 823 2871 sanctum
840 2826 996 2872 sanctorum
1022 2814 1156 2868 classibus
1183 2822 1330 2884 praeerant
1356 2815 1525 2881 sacerdotes,
1551 2817 1599 2887 qui
1625 2808 1766 2894 :³2me
1787 2814 1858 2896 1111,

163 2906 323 2961 solennibus
342 2905 441 2959 ritibus
460 2907 600 2974 ingressus
627 2911 656 2958 11
678 2921 716 2972 11,
739 2912 768 2958 11
785 2905 952 2973 sacerdotes,
970 2911 998 2958 et
1021 2900 1174 2970 ἀρχιερεῖς,
1200 2902 1345 2970 priempere
1371 2905 1561 2970 sacerdotnm,
1590 2909 1619 2957 11
1637 2906 1758 2980 meten
1783 2900 1857 2982 1111,

162 2998 251 3046 totum
276 2992 408 3062 populum
434 2991 565 3062 expiabat
586 2991 676 3044 Lavit
700 2998 738 3046 ta.
773 2998 795 3045 2.
816 2991 997 3060 Reliquorum
1020 2987 1164 3056 principes
1182 2988 1353 3055 sanctuarii,
1377 2989 1560 3056 uocabantur,
1591 2997 1613 3044 l.
1638 2989 1703 3045 Par.
1722 2999 1767 3057 24,
1785 3011 1812 3049 v.
1831 3003 1855 3051 5.

162 3078 336 3132 sacerdotum
356 3077 526 3132 consecratio
544 3077 626 3132 Num.
648 3082 672 3143 8,
690 3093 715 3131 v.
739 3081 782 3130 tl:
811 3078 933 3130 litavere
949 3079 995 3139 fa·
1022 3073 1112 3142 qualis
1142 3073 1315 3128 sacerdotum
1345 3073 1473 3144 princeps
1500 3073 1554 3129 fuit
1581 3075 1686 3143 Esdra,
1719 3079 1800 3134 Esdr.
1833 3087 1857 3146 7,

162 3167 215 3218 ciet
234 3167 334 3218 Aaron
351 3166 463 3219 1111111
481 3164 661 3216 cierationem
686 3180 782 3215 eorum
802 3165 943 3227 Densino,
971 3173 997 3217 et
1022 3175 1046 3214 r.
1066 3165 1090 3214 6.
1125 3161 1251 3230 Cumque
1276 3159 1393 3214 Davidis
1421 3168 1545 3230 tempore
1569 3163 1749 3219 ministerium
1768 3167 1856 3222 tuen-

163 3259 242 3305 erunt
259 3254 301 3305 11
315 3252 483 3315 faciendam
506 3267 575 3318 opus
594 3248 724 3309 Domini,
753 3246 801 3300 ubi
824 3253 917 3303 tamen
941 3268 996 3306 mo·
1022 3246 1975 3318 1111111111111111,1111111111111111111111111111111.

163 3340 298 3402 nendum,
322 3338 397 3409 q'uod
415 3337 444 3390 in
470 3337 517 3390 illa
534 3335 696 3390 Levitarum
715 3337 922 3390 consecratione
941 3355 995 3391 non
1022 3332 1178 3401 distributi,
1203 3342 1235 3387 at
1258 3333 1327 3387 alios
1356 3339 1491 3387 statueret
1517 3337 1696 3389 sacerdotnm
1716 3347 1742 3391 et
1759 3341 1857 3410 templi

163 3426 247 3480 solius
266 3424 394 3487 Aaronis,
412 3424 461 3478 sed
481 3424 565 3477 etiam
577 3421 681 3491 Moysis
700 3437 784 3490 opera
802 3422 996 3491 intercesserit,
1023 3421 1178 3487 ministros,
1198 3419 1266 3472 alios
1284 3427 1427 3485 cantores,
1447 3419 1516 3473 alios
1530 3420 1682 3491 janitores,
1700 3424 1768 3478 alios
1786 3427 1857 3480 reri·

164 3513 231 3566 dicit
249 3512 322 3566 enim
340 3510 418 3565 Deus
437 3511 474 3562 ad
494 3509 609 3578 Moysen
630 3525 654 3560 v.
678 3512 723 3560 13:
751 3508 863 3561 Statirae
884 3512 996 3563 Levites
1022 3507 1085 3567 bns,
1109 3505 1178 3561 aiios
1197 3507 1323 3573 jndices.
1359 3505 1540 3560 Sacerdotem
1565 3511 1594 3560 et
1615 3508 1713 3578 templi
1738 3510 1857 3566 ministri

163 3601 192 3652 in
210 3606 359 3667 conspecto
379 3597 478 3649 Aaron
498 3604 523 3648 et
536 3595 668 3661 filioram
690 3594 752 3661 ejas
778 3601 803 3645 et
821 3596 932 3648 1111111
950 3599 995 3661 fn·
1022 3608 1123 3661 aquam
1142 3598 1170 3645 et
1187 3591 1264 3661 ligna
1282 3590 1432 3659 portabant
1449 3589 1486 3643 ad
1505 3589 1714 3648 tabernaculum
1737 3604 1766 3651 et
1783 3597 1856 3652 deni.

163 3687 218 3738 eies·
238 3684 497 3747 accelerationem·
521 3682 643 3751 itemque
668 3680 743 3750 quod
766 3679 816 3732 filii
841 3682 927 3735 lsraiil
945 3702 995 3753 po·
1023 3694 1081 3730 mas
1106 3677 1291 3746 recipiebant,
1321 3675 1462 3745 templum
1479 3683 1507 3730 et
1526 3693 1592 3730 rasa
1610 3680 1671 3749 ejus
1689 3683 1857 3754 purgabant,

163 3773 269 3825 1111111
286 3789 385 3823 111111
403 3788 471 3822 sues
489 3785 573 3837 seper
592 3768 719 3833 1111111,
745 3784 770 3819 v.
792 3773 830 3821 11.
849 3774 881 3820 11
898 3769 996 3822 intelli-
1023 3765 1046 3817 si
1065 3763 1176 3833 quando
1188 3763 1382 3834 ¹contaminata
1393 3761 1499 3826 foreut3
1520 3764 1655 3821 sacrificia
1666 3770 1857 3826 sacerdotibus
1934 3825 1943 3838 ,

164 3865 282 3927 geretur,
300 3857 413 3927 publico
433 3854 517 3910 totius
538 3853 669 3907 ecclesiae
685 3852 795 3906 nomine
815 3854 996 3908 consecratio-
1021 3849 1199 3904 adducebant
1216 3857 1244 3904 et
1261 3850 1290 3902 11
1315 3850 1412 3904 horum
1435 3851 1554 3920 pellibus
1574 3853 1751 3910 detrahendis
1776 3857 1859 3928 inque

164 3963 224 3999 nem
248 3945 323 3998 illam
346 3943 432 3997 fuisse
456 3942 566 3995 iactam.
604 3949 627 3994 1.
647 3939 767 3994 Ultimae
792 3940 945 3993 sententiae
968 3941 997 3993 iu
1022 3937 1099 4006 aliis,
1117 3952 1189 4006 quae
1209 3954 1279 4007 opus
1296 3945 1388 3992 essent
1406 3938 1547 4006 quotidie,
1571 3948 1620 3995 aut
1637 3941 1789 4007 sabbatho,
1809 3950 1859 3999 aut

162 4031 354 4086 controversiis
368 4027 525 4083 forensibus
537 4026 741 4097 pronuntiatio,
763 4024 844 4079 Dect.
861 4032 900 4093 11,
918 4044 944 4078 v.
958 4034 996 4082 12.
1022 4023 1121 4078 diebus
1136 4021 1215 4078 sestis
1228 4040 1274 4078 eos
1292 4022 1483 4093 adjuvabant,
1511 4028 1716 4095 praecavebant
1735 4030 1858 4102 insuper,

163 4118 210 4173 ubi
243 4124 335 4172 tamen
351 4115 518 4182 notrurdum,
544 4113 619 4183 quod
650 4112 786 4166 sacerdoti
810 4113 997 4181 conjungatur
1022 4127 1057 4164 ne
1088 4110 1151 4180 quis
1180 4110 1305 4180 impurus
1343 4110 1554 4165 tabernaculum
1584 4112 1775 4184 ingrederetur
1806 4123 1858 4173 etc.

155 4207 246 4273 jerico
272 4210 301 4258 et
327 4203 401 4274 quod
426 4200 525 4272 regula
542 4199 641 4269 judicii
666 4205 806 4252 statuatur
830 4199 873 4251 lex
895 4199 996 4268 divina,
1022 4198 1157 4251 Centoras
1182 4196 1341 4266 psallebant
1363 4195 1481 4266 hymnos
1507 4215 1600 4253 sacros
1626 4208 1749 4272 tempore
1773 4204 1857 4258 sacri·

162 4308 195 4345 ne
220 4290 376 4345 absolutam
406 4288 545 4359 quandam
572 4292 601 4341 et
624 4284 858 4356 αὐτοκρατορικὴν
876 4292 995 4354 potesta-
1022 4282 1079 4336 ficii
1098 4290 1125 4336 et
1143 4300 1219 4349 voce,
1244 4290 1272 4337 et
1299 4284 1426 4353 organis,
1450 4284 1581 4339 videlicet
1604 4287 1694 4354 tubis,
1712 4289 1857 4359 cymbalis,

162 4382 216 4431 tem
246 4376 299 4431 sibi
326 4377 421 4430 datam
450 4373 625 4429 existimaret.
664 4381 687 4428 4.
713 4371 825 4427 Oreculi
852 4371 938 4426 divini
968 4373 995 4425 11
1023 4368 1176 4439 psalteriis,
1204 4368 1325 4423 citharis.
1360 4368 1499 4425 ianitores
1527 4372 1563 4426 ad
1578 4373 1680 4441 januas
1697 4374 1792 4445 templi
1811 4392 1857 4430 ex·

162 4463 250 4517 carreis
276 4462 367 4516 dubiis
394 4461 588 4531 interrogatio,
613 4460 695 4515 Num.
717 4463 762 4524 21,
793 4476 819 4515 r.
833 4464 879 4514 21:
909 4461 995 4513 Elea·
1021 4455 1164 4509 cubabant
1191 4461 1219 4508 et
1248 4472 1341 4508 sacras
1369 4456 1477 4509 arculas
1508 4456 1707 4523 observabant,
1740 4479 1857 4532 quorum

160 4569 209 4602 rur
238 4551 371 4603 sacerdos
399 4550 522 4602 cernulat
542 4549 694 4601 Dorticum
720 4548 750 4599 in
771 4546 887 4614 jndicio
908 4548 995 4599 (irim.
1021 4560 1122 4595 munus
1154 4541 1263 4596 videtur
1299 4540 1386 4595 inisse
1421 4541 1534 4613 reliquis
1570 4544 1698 4599 omnibus
1734 4547 1857 4614 inferius,

165 4643 185 4690 l.
205 4636 324 4692 Samuel.
346 4641 385 4700 13,
404 4652 429 4691 ν,
451 4642 474 4688 8.
510 4634 601 4689 David
620 4651 670 4704 per
687 4632 845 4703 pontificem
859 4630 995 4685 Abiathar
1020 4628 1122 4682 Psalm.
1141 4633 1188 4696 84,
1213 4646 1238 4680 v.
1261 4633 1303 4683 lt:
1331 4629 1418 4696 Elepi
1443 4631 1484 4681 11
1504 4630 1588 4682 limen
1611 4633 1709 4684 sedere
1727 4633 1757 4686 e'n
1774 4636 1857 4690 domo

162 4725 270 4793 quaerit
286 4740 303 4775 1
323 4723 391 4785 lico,
412 4739 447 4775 an
467 4722 495 4774 in
515 4722 584 4776 urbe
599 4720 677 4776 Ceila
694 4719 856 4774 commorari
878 4718 994 4785 debeat,
1022 4716 1080 4768 Dei
1108 4717 1198 4796 erupis
1232 4733 1316 4785 quarn
1341 4717 1469 4768 babitare
1494 4715 1525 4768 in
1551 4710 1741 4773 talernameiir
1758 4739 1857 4790 pecca.

162 4827 216 4880 quo
255 4826 319 4864 vcro
354 4808 436 4861 modo
471 4805 566 4859 divina
601 4809 713 4861 oracula
741 4803 867 4876 pontifici
892 4804 996 4858 fuerint
1022 4810 1120 4859 loram.
1155 4800 1270 4856 Scribas
1289 4800 1495 4869 describebant,
1524 4800 1655 4873 legebant
1677 4811 1705 4860 et
1723 4806 1856 4878 interpre-

162 4896 280 4964 rcdditn‚
298 4895 333 4949 de
355 4911 386 4949 eo
408 4892 540 4945 latissime
558 4910 591 4946 ex
603 4893 738 4948 Hebraeis
757 4898 786 4947 et
797 4890 995 4946 recentioribus
1022 4896 1116 4943 tantur
1134 4906 1227 4943 sacras
1245 4889 1353 4955 literas,
1377 4887 1480 4943 larem.
1502 4893 1532 4955 8,
1550 4906 1575 4945 v.
1596 4895 1619 4945 8.
1655 4889 1770 4946 Judices
1790 4895 1857 4949 diri.

162 4977 320 5039 ductoribus
345 4979 456 5034 disserit
479 4977 513 5033 P.
538 4978 642 5048 Fagius
667 4979 696 5033 in
717 4980 790 5034 notis
809 4978 846 5033 ad
864 4976 994 5048 paraphr.
1007 4928 1010 5015 1
1023 4976 1136 5031 mebant
1163 4973 1371 5030 controversias.
1424 4973 1531 5028 Levitis
1560 4974 1635 5031 hisce
1664 4978 1858 5035 ministrabant

1009 546 1012 561 Ι

1009 568 1012 579 t

162 5069 296 5123 chaldaie.
320 5068 407 5124 Exod.
431 5072 472 5122 28.
509 5066 636 5119 Ceterum
655 5072 687 5119 ut
704 5067 740 5121 ab
757 5067 869 5121 Aarone
888 5064 995 5135 pontili-
1008 5050 1010 5117 1
1023 5063 1178 5120 Nathanaei
1198 5079 1232 5115 cx
1251 5060 1406 5116 Gibeonitis
1424 5063 1580 5132 propagati,
1600 5064 1646 5133 qui
1668 5064 1745 5135 ligna
1758 5069 1856 5123 caede·

162 5174 223 5208 cum
246 5161 274 5209 ct
291 5155 478 5216 sacerdotum,
502 5152 541 5204 sic
561 5167 611 5220 per
627 5151 748 5222 reliquos
768 5152 836 5207 Levi
856 5149 928 5204 filios
949 5168 996 5221 ge·
1024 5151 1094 5205 baut
1113 5156 1141 5203 et
1160 5163 1248 5217 aquas
1267 5146 1441 5200 hauriebant.

162 5259 213 5296 nus
238 5241 398 5296 Levitarum
426 5245 467 5294 est
495 5243 696 5308 propagatum,
724 5238 772 5309 qui
799 5239 827 5291 in
852 5255 994 5292 numerum
1058 5243 1116 5292 211.
1152 5231 1310 5288 Scribarum
1338 5233 1392 5287 tria
1420 5233 1449 5287 iu
1479 5235 1565 5290 saeris
1593 5235 1680 5291 literis
1708 5246 1858 5295 occurrunt

160 5328 244 5382 sacris
263 5328 436 5397 operantium
460 5324 583 5396 cooptati
611 5316 696 5394 (quod
714 5339 786 5377 anno
804 5324 996 5395 11111111νί31-
1023 5339 1135 5395 garrera.
1179 5318 1274 5375 Unum
1299 5335 1408 5386 eorum,
1439 5320 1487 5391 qui
1514 5321 1627 5394 regibus
1655 5323 1857 5398 ministrabant,

160 5415 228 5469 simo
256 5414 353 5485 quinto
376 5410 435 5466 fieri
459 5413 653 5475 consueverat)
679 5408 853 5464 victimarum
878 5427 995 5481 praepa·
1023 5409 1208 5481 quodcunque
1227 5404 1339 5460 tandem
1357 5404 1467 5460 illorum
1484 5407 1857 5483 marcianensium,

93 5504 96 5511 “
159 5503 274 5571 ratione,
293 5514 419 5551 rasorum
433 5499 567 5569 custodia,
586 5494 752 5567 purgatione
770 5501 799 5551 et
818 5496 880 5552 aliis
902 5496 993 5567 operis
1025 5501 1100 5553 13.
1135 5509 1160 5548 1.
1178 5496 1226 5559 21,
1255 5509 1282 5549 v.
1307 5497 1348 5548 25.
1384 5498 1409 5548 2.
1426 5492 1543 5566 Regum.
1578 5499 1624 5561 12,
1653 5513 1679 5556 v.
1698 5503 1737 5556 to.
1774 5518 1797 5556 c.
1817 5505 1858 5569 22,
