4020 6014
217 287 255 345 28
327 227 335 243 ‘
802 280 923 339 LOCUS
940 278 1144 336 VICESIMUS
1161 273 1325 336 TERTIUS

216 435 289 488 alter
320 437 449 537 ignatius
482 440 574 503 fuisse
605 439 786 507 cognoscitur.
822 436 868 489 lib.
898 441 926 495 3,
959 451 981 488 o.
1002 439 1049 487 at:
1080 432 1256 487 scholastici:
1279 434 1381 485 Petrus
1400 433 1592 492 isembardum,
1612 432 1775 485 Almander
1792 430 1918 489 ausas
1930 435 1964 476 ⁸0¹

218 521 344 575 Clemens
374 522 522 594 episcopus
549 527 693 579 Romanus
722 522 906 577 ministerium
930 519 1052 573 tradidit
1081 518 1202 571 Thomas
1227 519 1371 586 Aquinas,
1396 518 1541 571 Jolsannes
1561 517 1674 584 sessu,
1703 521 1754 570 etc.
1779 532 1830 586 per
1847 488 1964 586 311108*ιΙΙ

217 607 355 661 Euariste
383 613 434 662 etc.
471 607 619 664 Concludit
646 610 756 663 tandem
782 606 918 661 Eusebius
947 604 1007 659 libr.
1027 608 1051 669 3
1079 602 1144 656 licet
1162 620 1279 674 magnae
1299 603 1327 657 in
1353 603 1504 658 doctrinam
1523 601 1707 656 Christianam
1728 602 1862 657 tenebrae
1887 601 1918 654 il·

216 708 239 746 c.
259 697 304 747 34:
323 693 387 746 Alii
406 694 490 746 etiam
507 695 605 763 plures
622 695 721 748 iisdem
739 693 908 762 temporibus
929 670 1064 801 innatae-i
1079 690 1152 744 lutee
1175 688 1280 744 fuerint
1304 690 1341 743 ob
1367 688 1556 743 confusionem
1579 687 1769 758 philosophiae
1788 705 1823 742 ac
1841 687 1919 741 theo·

215 785 290 839 runt,
310 779 360 846 qui
379 778 503 849 primurn
526 783 647 848 gradum
669 780 843 848 apostolicae
869 775 1051 830 successionis
1080 774 1186 844 logias,
1210 781 1302 828 tamen
1327 774 1375 829 illo
1400 791 1510 845 quoque
1531 781 1654 843 tempore
1677 779 1705 829 et
1723 773 1871 828 ecclesiam
1891 778 1920 827 et

197 863 370 916 ·habuerunt
396 871 422 917 et
445 872 580 935 tanquam
605 883 773 919 summorum
804 864 929 917 uirorum
961 860 1053 914 divini
1080 859 1261 913 ministerium
1288 859 1365 914 Deus
1393 859 1580 925 conservavit,
1613 859 1726 913 retentis
1752 859 1918 913 fundamen·

216 947 354 1018 discipuli
373 950 517 1004 emicantes
536 958 635 1004 cuncta
652 951 761 1022 passim
786 948 967 1002 eeclesiarum
985 948 1051 1009 fua-
1079 945 1183 999 talibus
1214 945 1356 1001 doctrinae
1385 945 1557 1000 Christianae
1592 945 1730 1016 capitibus
1762 945 1839 1015 apud
1870 944 1919 998 ali·

216 1035 349 1087 ‹lamentc
377 1036 414 1087 ab
444 1037 514 1105 ipsis
542 1037 679 1107 mustelis
704 1037 786 1104 jecta
810 1034 998 1096 aedificarunt
1027 1037 1052 1082 et
1077 1048 1145 1102 quos
1165 1031 1279 1102 integris
1301 1038 1329 1086 et
1353 1031 1479 1086 excitetis
1513 1048 1661 1101 oppressae
1678 1047 1767 1101 paene
1792 1031 1920 1085 veritum

212 1118 454 1186 praedicationem
473 1138 507 1173 ac
523 1122 667 1174 salutaria
684 1122 766 1190 regni
783 1121 924 1173 coelorum
943 1117 1051 1170 semina
1076 1117 1193 1171 testibus
1209 1133 1313 1172 errores
1340 1117 1539 1188 invalescentes
1565 1116 1761 1172 accusantibus
1788 1133 1822 1170 ac
1840 1116 1918 1170 dam·

214 1218 268 1272 per
294 1205 453 1258 uniuersum
484 1207 591 1273 orbem,
625 1223 738 1275 meaque
767 1213 862 1276 patet,
889 1202 1051 1272 supersemi·
1077 1202 1221 1268 nantibus,
1245 1203 1334 1256 donec
1362 1203 1474 1256 tandem
1490 1202 1643 1257 ministerio
1661 1201 1777 1256 Lethen·
1796 1207 1825 1255 et
1842 1219 1918 1272 sym·

217 1296 313 1342 nantes
329 1292 459 1344 auctiora
486 1293 682 1345 reddiderunt.
721 1292 832 1344 Etenim
851 1289 1053 1359 quamplurimi
1076 1288 1218 1342 mistarum
1245 1289 1292 1342 lux
1325 1289 1468 1344 doctrinae
1504 1289 1682 1360 evangelicae
1715 1306 1747 1343 ex
1771 1287 1918 1358 papalium

215 1381 271 1426 tum
293 1375 442 1430 eiuemium
471 1378 675 1447 discipulorum
704 1378 904 1430 archementiore
927 1374 1050 1446 philoso-
1077 1390 1199 1428 errorum
1224 1391 1257 1429 ae
1287 1375 1513 1446 superstitionum
1547 1374 1670 1430 tenebris
1701 1374 1837 1446 singulari
1862 1374 1918 1429 Dei

213 1459 298 1529 plius
322 1478 417 1514 amere
440 1479 509 1531 erpa
532 1464 658 1516 dimisum
681 1463 862 1516 ministerium
881 1461 977 1532 affecti
993 1460 1051 1528 pri·
1063 1477 1065 1533 3
1078 1459 1211 1514 beneficio
1223 1477 1365 1532 emergens
1378 1461 1512 1516 ecelesiae
1530 1461 1616 1515 fuerit
1635 1461 1763 1515 restituta
1783 1476 1817 1515 ae
1832 1460 1917 1532 longe

215 1561 288 1597 mrem
318 1547 446 1601 salutare
478 1550 642 1601 nerinslatum
679 1549 866 1619 auinrplsuss
892 1546 1053 1614 facultates
1077 1546 1189 1616 lateque
1212 1547 1240 1599 in
1260 1564 1292 1602 ea
1311 1555 1479 1618 propagata,
1505 1547 1656 1601 ministerio
1688 1547 1850 1618 evangelico
1879 1548 1917 1600 ad

214 1649 282 1683 srsas
305 1635 399 1700 egenis
423 1634 626 1687 distriimcrunt
656 1652 691 1687 ac
715 1636 817 1687 deinde
841 1650 959 1701 peregre
983 1650 1052 1702 pro·
1078 1635 1173 1684 nosba
1191 1648 1279 1702 usque
1296 1636 1420 1702 tempore
1437 1640 1532 1687 contm
1551 1648 1645 1687 omnes
1660 1632 1781 1686 Satanae
1798 1639 1917 1688 conatus

212 1717 284 1779 fecti
301 1735 371 1789 opus
393 1720 626 1786 mangelistarum
642 1721 839 1789 perfecerunt,
862 1720 913 1771 loc
933 1727 973 1772 cst
993 1718 1052 1771 illis
1080 1722 1107 1771 et
1131 1716 1287 1771 molitiones
1315 1724 1477 1773 conservato
1500 1724 1585 1788 atque
1611 1719 1646 1772 ad
1673 1719 1800 1773 mtimum
1826 1734 1918 1789 usqne

216 1801 266 1870 qui
282 1805 317 1856 de
336 1805 467 1857 doctrina
483 1806 556 1873 ficlei
581 1806 653 1859 nibil
671 1807 738 1858 dum
753 1822 874 1876 prorsam
893 1805 1052 1868 erudierant,
1075 1801 1176 1871 judicii
1195 1804 1268 1857 diem
1286 1805 1484 1860 conservando.

217 1887 358 1940 Christum
382 1893 557 1960 praedicare
587 1910 621 1944 ac
652 1893 812 1946 diuinorum
847 1891 1053 1957 euangeliorum
1114 1894 1155 1943 43.
1174 1889 1294 1944 Proinde
1302 1895 1326 1944 3.
1335 1890 1809 1946 dariecclesiasticumministerinm
1817 1888 1918 1943 confir·
1930 1881 1964 1972 ᾖ.

215 1975 330 2028 tradere
354 1974 531 2046 saepturum
555 1995 656 2047 inagna
683 1986 785 2031 emata
807 1983 975 2043 sategerunt.
1012 1975 1054 2027 Hi
1079 1975 1963 2044 menteliuinaeprcmissionesdeconservationeeeclesiaeetmr

218 2067 312 2112 nutem
332 2061 407 2129 fidei
428 2062 621 2124 fundamentis
638 2068 716 2117 rionis
741 2064 909 2131 mansuum
931 2069 957 2115 et
973 2077 1052 2132 pere·
1080 2065 1280 2131 consequenter
1299 2061 1441 2115 ministerii
1470 2060 1651 2116 ecclesiastici
1671 2077 1759 2131 usque
1776 2060 1814 2114 ad
1831 2060 1918 2115 finem

216 2145 307 2211 prinis
325 2146 396 2199 loeis
415 2165 432 2200 a
451 2165 480 2201 se
500 2149 598 2216 iactis,
628 2148 703 2202 alios
727 2148 790 2202 illie
804 2157 936 2220 pastores
955 2146 1054 2201 eonsti-
1080 2145 1174 2201 emuli.
1225 2146 1424 2201 Promissiones
1461 2148 1496 2201 de
1538 2147 1746 2201 conservatione
1781 2146 1919 2201 acclesiae

217 2239 328 2285 esserunt
346 2241 428 2302 atque
447 2235 508 2288 illes
527 2236 666 2289 meliusnam
684 2252 796 2298 eorum,
813 2235 863 2304 qui
879 2250 975 2287 reeens
992 2234 1054 2296 sue
1080 2232 1300 2286 enumeravimus
1325 2233 1353 2284 in
1378 2239 1458 2287 tract.
1486 2231 1613 2301 praeced.
1639 2232 1674 2285 de
1699 2232 1796 2287 eccles.
1825 2232 1855 2303 ξ.
1877 2238 1920 2288 35.

217 2325 282 2370 rant
301 2319 434 2387 adducti,
461 2323 691 2374 cornmendarunl
710 2339 744 2373 ac
764 2328 822 2373 tum
842 2321 919 2373 alias
936 2319 994 2390 ipsi
1012 2334 1055 2370 re·
1080 2316 1234 2386 exquibus
1254 2317 1339 2371 etiem
1356 2318 1499 2373 ministerii
1513 2318 1686 2372 conservatio
1698 2322 1772 2372 recte
1789 2317 1918 2374 infertur.

216 2403 312 2471 pianes
330 2422 364 2457 ac
382 2413 475 2472 pentes
493 2405 588 2474 pratia
613 2414 640 2458 et
659 2405 855 2477 cooperatione
876 2404 936 2457 Dei
959 2404 1057 2472 adjecti
1081 2401 1151 2458 Cum
1169 2403 1242 2457 enim
1262 2402 1380 2458 ecclesia
1404 2420 1454 2473 per
1473 2403 1587 2458 verbum
1605 2420 1638 2458 cx
1655 2404 1759 2458 mundo
1778 2408 1919 2466 evocetur,

217 2498 392 2542 accesserunt
411 2496 462 2545 etc.
502 2491 638 2552 Quoniam
651 2507 717 2544 vero
729 2492 898 2560 impossibile
911 2490 992 2543 nolis
1006 2497 1054 2556 est,
1080 2488 1236 2559 colligatur,
1255 2489 1434 2560 gubernetur,
1453 2493 1598 2558 augeatur,
1615 2489 1763 2552 nutriatur,
1779 2505 1919 2561 propage·

81 2576 198 2621 113318
217 2583 248 2627 ut
266 2590 299 2628 ee
316 2577 427 2629 nominc
438 2585 549 2629 cunctos
562 2592 762 2644 recenseamus,
782 2577 831 2645 qui
848 2583 874 2628 et
892 2578 1005 2646 mnae
1024 2577 1055 2627 iu
1081 2580 1134 2638 tur,
1151 2575 1250 2645 ntique
1267 2575 1439 2630 conservatio
1459 2574 1592 2629 ecclesiae
1610 2574 1729 2630 includit
1749 2576 1832 2629 etiam
1851 2592 1920 2631 con-

215 2661 312 2730 prima
325 2670 394 2729 post
412 2662 555 2733 apostolos
567 2662 738 2716 mcessicne
752 2661 876 2714 eeclesiis
888 2677 944 2733 per
961 2662 1055 2714 orbem
1081 2660 1264 2715 servationem
1288 2659 1367 2714 verbi
1393 2677 1426 2714 ac
1450 2660 1594 2716 ministerii
1620 2661 1816 2730 eodesiastici,
1840 2663 1919 2733 qnod

217 2748 327 2818 sparsis
341 2755 473 2819 pastores
484 2749 600 2816 fuerint
620 2756 646 2801 et
664 2747 860 2815 euangelistae,
877 2765 934 2801 non
952 2747 1002 2800 ads
1022 2761 1054 2799 re
1081 2750 1123 2800 cst
1146 2744 1328 2800 ministerium
1345 2745 1423 2800 verbi
1448 2751 1477 2800 et
1498 2746 1624 2816 Spiritus
1662 2746 1740 2800 Rom.
1762 2753 1801 2812 13,
1819 2765 1845 2802 v.
1868 2754 1917 2805 14:

218 2849 313 2886 eorum
347 2836 483 2887 dunlaeat
512 2835 673 2887 memoriam
703 2833 867 2886 nominatim
897 2832 1056 2902 scripturae
1084 2831 1229 2894 Quomodo
1258 2831 1434 2900 inuocabant,
1465 2833 1494 2886 in
1521 2849 1600 2902 quem
1627 2850 1682 2887 non
1714 2833 1920 2890 crediderunt?

216 2920 419 2988 mandavimus,
439 2937 555 2989 errorum
571 2922 721 2973 etiamnum
735 2919 974 2988 parapostolieae
991 2921 1055 2972 dee·
1081 2925 1132 2971 aut
1149 2920 1288 2987 quomedo
1317 2920 1432 2972 credun
1448 2919 1485 2987 ei,
1511 2921 1547 2972 de
1569 2935 1624 2987 quo
1647 2936 1703 2972 non
1727 2920 1921 2976 caelicas-renti

216 3005 310 3058 trinae
333 3014 511 3060 monumenta
528 3008 569 3060 aa
593 3024 643 3061 nos
666 3021 753 3074 usque
772 3004 892 3059 traditio
918 3006 1055 3073 adfertur
1082 3006 1220 3072 quomodo
1247 3013 1340 3057 autem
1368 3005 1484 3058 cudunt
1509 3006 1569 3058 sine
1590 3006 1798 3073 praedicante!
1819 3023 1845 3062 v.
1871 3014 1919 3063 tn:

218 3095 271 3144 etc,
1085 3089 1230 3152 Quomodo
1242 3106 1306 3142 uero
1316 3091 1532 3160 praedicabunt
1543 3091 1601 3144 nisi
1612 3092 1780 3146 mittuntur!
1805 3093 1918 3163 Spania·

199 3181 294 3230 ·.43
315 3174 401 3230 Hisce
423 3175 580 3245 apostolicis
600 3175 666 3229 viris
688 3179 880 3229 successerunt
899 3174 1055 3246 primitivae
1080 3175 1144 3230 liter
1168 3174 1205 3228 ed
1228 3174 1303 3229 hunc
1327 3174 1418 3229 locum
1448 3176 1611 3232 referendae
1635 3181 1700 3230 sunt
1722 3176 1919 3248 promissiones

219 3261 351 3316 ecclesiae
367 3261 500 3327 doctores,
513 3270 686 3333 quospatrcs
700 3259 1055 3331 appellereconsuevimus,
1082 3260 1117 3316 de
1142 3261 1286 3316 ministerii
1306 3263 1513 3317 conservatione
1546 3262 1611 3316 an
1636 3268 1681 3328 30,
1711 3280 1737 3318 v.
1769 3267 1815 3317 20:
1850 3265 1919 3318 Non

218 3347 264 3416 qni
282 3364 331 3416 per
349 3347 555 3401 succedentium
577 3346 651 3401 sibi'
645 3346 762 3402 invicem
782 3346 936 3401 seculorum
955 3347 1054 3401 seriem
1081 3347 1206 3400 evolabit
1218 3348 1305 3414 ultra,
1322 3347 1394 3419 17:2³,
1410 3332 1461 3406 tel),
1478 3346 1719 3418 nonelongsbitur
1730 3348 1803 3402 nultra
1816 3350 1919 3404 decim

219 3433 425 3488 commemorari
440 3439 526 3503 atque
539 3433 695 3488 enumerari
712 3440 835 3503 possunt.
860 3432 925 3487 Sic
917 3450 946 3486 tn
964 3433 1068 3545 primo,
1080 3441 1152 3499 tuus,
1173 3439 1199 3485 et
1211 3432 1287 3486 oculs
1297 3433 1339 3485 tus
1350 3441 1430 3485 erunt
1441 3433 1565 3487 cedentes
1577 3435 1718 3487 doctorem
1731 3440 1816 3498 tuum,
1835 3451 1860 3487 v.
1875 3441 1917 3492 nt.

219 3519 311 3574 seculo
342 3518 494 3574 floruerunt
519 3520 697 3588 Polycarpus
720 3517 855 3573 Johannis
886 3518 995 3572 auditor
1026 3500 1114 3631 eliel
1126 3536 1209 3571 aures
1236 3526 1301 3573 tuce
1327 3518 1443 3572 erudiant
1459 3520 1572 3573 verium
1590 3521 1666 3588 ejru,
1684 3521 1734 3588 qai
1750 3527 1791 3574 est
1807 3529 1874 3590 poet
1893 3531 1919 3576 te

218 3605 360 3668 ignatinus,
389 3605 418 3658 in
440 3605 561 3659 secundo
580 3604 727 3672 Justinus,
750 3605 901 3669 irenaeus,
929 3605 1054 3659 Clemens
1081 3607 1216 3660 dicendo:
1234 3604 1314 3657 Haec
1341 3605 1403 3672 via,
1422 3606 1594 3658 ambrdute'
1582 3622 1612 3657 sn
1635 3622 1675 3669 ca,
1695 3607 1810 3674 quando
1828 3609 1917 3661 deeli-

219 3689 445 3754 Aleeanslrinus‚
475 3691 577 3743 ilielito
603 3690 769 3758 Sardensis,
806 3690 1031 3759 Theophilus,-
1024 3707 1052 3744 tn
1080 3691 1184 3743 nubitis
1208 3691 1249 3743 ad
1266 3645 1403 3744 deutrum,
1412 3691 1455 3743 uel
1479 3693 1519 3742 ad
1536 3690 1687 3746 sinistram.
1731 3691 1863 3759 (Quidam
1883 3709 1917 3748 ex

217 3775 298 3829 tertio
318 3777 518 3842 Tertullianus,
539 3778 708 3845 cgprianus,
729 3778 878 3846 Origenes,
898 3778 1054 3845 Dionysius
1079 3775 1232 3831 Pontifieiis
1251 3776 1285 3831 de
1310 3775 1368 3830 solo
1393 3774 1522 3845 pontifice
1540 3775 1665 3829 Romano
1682 3774 1735 3830 hoc
1753 3777 1915 3833 mtieininm

219 3861 439 3922 Aleccndrinus,
452 3862 622 3922 Methodius,
634 3864 783 3916 Martialis
789 3885 797 3926 ,·
809 3865 838 3916 in
850 3870 948 3934 quarto
966 3866 1053 3918 Euse-
1080 3863 1273 3933 propheticum
1295 3862 1526 3931 interpretantur,
1549 3867 1580 3915 ut
1605 3869 1721 3932 apparet
1738 3881 1772 3917 ex
1793 3863 1915 3935 Ungers·

216 3947 276 3997 hius
304 3947 511 4016 Caesariensis,
536 3948 725 4016 Athanasius,
746 3949 877 4002 Basilius
899 3951 958 4017 M,
982 3950 1053 4004 Gre-
1080 3949 1171 4003 dorffii
1198 3949 1384 4020 gratulatione
1408 3966 1435 4017 p.
1466 3955 1519 4003 140.
1550 3949 1598 4002 sed
1624 3948 1783 4003 Hebraeum
1818 3941 1915 4024 *mlii

216 4033 313 4101 parius
326 4035 478 4100 Nyssenus,
499 4031 656 4102 Gregorius
675 4034 884 4101 Nazianzenus,
902 4037 1053 4105 Arnobiue,
1080 4037 1108 4088 in
1127 4050 1240 4089 numero
1261 4034 1362 4104 plurali
1380 4035 1503 4105 positum
1516 4036 1603 4105 accipi
1616 4052 1698 4104 posse
1707 4035 1836 4105 agnoscit
1853 4036 1915 4108 ipse

218 4118 392 4179 Lactantius,
410 4119 607 4190 biprrplanius,
625 4119 774 4188 Hilarius,
794 4120 972 4189 Ambrosius,
993 4123 1050 4175 ne·
1081 4120 1185 4175 Bened.
1209 4121 1292 4175 Aries
1318 4119 1404 4175 Mont.
1430 4136 1463 4173 ac
1488 4120 1510 4174 si
1531 4121 1575 4174 vel
1595 4121 1713 4175 maxime
1734 4121 1763 4175 in
1781 4120 1915 4193 singulari

217 4205 296 4270 tinus,
310 4204 506 4272 Hieronymus,
524 4205 702 4273 Ammonius,
721 4202 885 4272 Faustinus,
914 4206 1200 4279 sperem-positum
1246 4211 1332 4274 esset,
1365 4206 1440 4276 quod
1470 4205 1585 4260 verbum
1614 4205 1754 4277 singulare
1788 4206 1916 4261 additum
1931 4214 1964 4256 ¹1]

140 4323 144 4337 .
221 4289 249 4342 in
268 4289 363 4359 quinto
384 4289 566 4359 strepustinus,
584 4290 758 4359 Primasius,
779 4291 946 4358 Hesychius,
967 4291 1053 4360 Cbry·
1080 4293 1198 4363 probare
1214 4290 1333 4356 videtur,
1352 4297 1447 4344 notum
1468 4295 1560 4345 tamen
1581 4297 1632 4358 est,
1652 4291 1799 4362 enallagen
1818 4311 1915 4349 nume·
1953 4308 1956 4315 '

218 4384 363 4442 sectamura,
385 4376 510 4444 Cerillae
529 4376 756 4445 Alexandrinis,
771 4377 968 4445 discederetur,
989 4381 1054 4445 Leo,
1080 4396 1173 4433 rorum
1194 4377 1268 4447 apud
1288 4376 1431 4430 Hebraeos
1450 4393 1510 4431 essc
1531 4376 1748 4433 usitatissimam.
1784 4377 1916 4448 Lyranns

222 4463 365 4532 Socrates,
391 4463 523 4532 Vipilius,
547 4463 710 4528 Cassianus,
729 4462 869 4533 Prosper,
889 4464 1054 4530 Euclrerins,
1066 4450 1069 4511 l
1081 4471 1109 4520 ot
1126 4464 1219 4536 glossa
1240 4462 1431 4529 interlinearis,
1450 4463 1489 4516 uti
1507 4462 1589 4516 eham
1601 4462 1753 4517 Chaldaicis
1768 4464 1917 4520 nanslstio

222 4547 515 4618 arduennensibus,
537 4547 680 4610 Salonius,
700 4548 861 4615 Saluianum,
884 4549 1054 4615 Tleodulus,
1082 4568 1131 4621 per
1160 4549 1272 4602 unicum
1301 4547 1379 4601 illum
1413 4547 1552 4602 doctorem
1588 4548 1748 4619 intelligunt
1773 4547 1915 4606 Christum

223 4633 355 4689 Celusius
388 4635 545 4703 Manimus,
575 4634 728 4700 Paulinus,
762 4633 909 4702 synesius,
936 4623 1217 4689 Mareuusummum
1243 4633 1376 4688 ecelesiae
1402 4637 1554 4702 pastorem,
1583 4650 1678 4687 verum
1703 4634 1769 4703 quia
1788 4634 1917 4691 Christus
1935 4626 1951 4650 '⁸

223 4722 362 4783 Eremita,
380 4723 497 4775 Marius
521 4721 679 4775 Victorinus
685 4741 696 4786 ,·
720 4719 748 4772 in
774 4727 850 4775 sexto
876 4721 968 4774 seculo
987 4722 1055 4774 Ful·
1081 4737 1136 4774 non
1155 4720 1271 4789 amplius
1291 4717 1456 4784 immediate,
1476 4718 1525 4771 sed
1544 4734 1593 4788 per
1612 4719 1750 4773 ministros
1770 4721 1918 4777 ecclesiam

220 4807 338 4872 gentius,
352 4807 494 4875 Boakias,
512 4808 646 4867 Alcimus,
663 4804 857 4872 Cassiodorus,
873 4808 1056 4873 Fortunatus,
1068 4807 1069 4813 ’
1082 4824 1159 4862 suam
1173 4806 1261 4876 pascit
1276 4822 1308 4859 ac
1320 4804 1402 4875 regit,
1416 4803 1479 4858 ideo
1490 4812 1564 4859 recte
1578 4806 1613 4859 de
1625 4812 1760 4876 perpetua
1771 4807 1919 4864 ministerii

221 4892 454 4960 olympiodorus,
470 4893 650 4956 Mamntius,
683 4891 839 4960 Gregorius
860 4894 1000 4960 stupeum
1027 4891 1056 4945 in
1081 4892 1288 4949 conservatione
1308 4890 1463 4959 accipiturl
1481 4890 1544 4945 Esa
1565 4898 1605 4947 au
1626 4911 1650 4944 v
1669 4898 1715 4947 21:
1737 4894 1799 4947 Hoc
1812 4895 1919 4957 foedus

220 4976 337 5046 septimo
363 4978 454 5032 seculo
479 4979 627 5045 Isirlosqus
656 4977 684 5029 in
713 4983 811 5031 octavo
841 4978 934 5032 seculo
963 4980 1070 5045 Beda,
1082 4996 1172 5032 meum
1192 4996 1252 5030 cum
1270 4978 1324 5042 eis,
1342 4977 1411 5028 dicit
1432 4978 1585 5040 Dominus,
1608 4978 1732 5047 Spr‘ritns
1751 4996 1843 5048 meus,
1869 4999 1918 5051 qiu

219 5064 366 5116 iohannes
389 5065 599 5129 Damascenus,
624 5064 758 5131 Albinus,
777 5063 898 5117 Carolus
916 5065 1056 5130 Magnum
1083 5073 1123 5119 est
1141 5066 1170 5116 in
1188 5072 1222 5130 te,
1241 5070 1266 5116 et
1283 5062 1367 5114 uerba
1386 5080 1446 5115 mea
1455 5082 1553 5131 ,quae
1567 5065 1655 5133 persei
1670 5065 1700 5117 in
1720 5082 1767 5118 ore
1786 5074 1843 5133 tue,
1862 5086 1920 5121 non

221 5149 249 5200 in
265 5165 338 5202 nono
361 5148 454 5203 seculo
469 5149 616 5215 Hebenus,
651 5152 776 5215 Haemo,
809 5150 967 5215 Remigius,
999 5151 1071 5202 Pa·
1084 5152 1212 5205 recedent
1237 5150 1271 5200 sle
1297 5165 1345 5201 ore
1371 5154 1416 5201 tuo
1445 5157 1470 5200 et
1497 5153 1533 5203 ele
1560 5167 1607 5203 ore
1633 5151 1746 5203 seminis
1767 5151 1822 5218 tui,
1847 5153 1920 5206 elicit

222 5236 366 5300 scltasius;
396 5236 424 5288 in
444 5235 551 5289 decimo
575 5236 667 5290 seculo
691 5236 928 5305 ileoplulactus,
966 5235 1231 5320 Cisal-,Dominae
1254 5236 1367 5287 simodo
1380 5238 1528 5304 musque
1517 5256 1547 5288 sn
1563 5237 1766 5304 sempiternum
1792 5236 1857 5292 Esa
1877 5243 1921 5305 62,

223 5322 329 5388 bertus,
364 5322 559 5389 Smarapdue,·
589 5321 617 5374 in
645 5322 790 5377 undecimo
812 5322 905 5376 seculo
925 5271 1109 5391 aloensis.
1124 5327 1153 5375 e:
1175 5320 1266 5388 Super
1280 5337 1372 5372 muros
1389 5330 1451 5374 trees
1464 5322 1625 5373 Jerusalem
1639 5322 1771 5374 constitui
1782 5325 1920 5385 mutarier,

223 5407 388 5475 Anselmus,·
420 5407 449 5461 in
473 5405 636 5460 duodecimo
662 5406 755 5460 seculo
775 5408 976 5475 Bes-olardus,
1006 5409 1058 5460 Pe·
1084 5413 1143 5460 totu
1169 5405 1215 5457 die
1240 5413 1265 5458 et
1290 5413 1347 5458 tote
1373 5407 1451 5459 nocte
1479 5407 1589 5475 jupiter
1620 5425 1676 5459 non
1701 5408 1843 5474 tacebunt,
1871 5409 1921 5477 qui

217 5502 279 5545 trus
309 5491 505 5546 Cluniacensis
538 5496 590 5546 etc.
639 5490 705 5544 Illos
733 5493 818 5547 secati
843 5500 908 5546 sunt
932 5493 1058 5547 doctores
1071 5529 1073 5536 r
1086 5490 1228 5544 reminisci
1248 5492 1347 5556 fucitis
1368 5494 1499 5555 Domini,
1525 5509 1560 5545 ne
1581 5493 1722 5547 silentium
1739 5495 1833 5558 eelim
1850 5510 1876 5551 r.
1897 5502 1919 5555 7,
