4020 6014
714 318 767 372 DE
783 312 1036 375 muletatur]
1055 315 1242 375 POLITIOO.
1759 328 1820 386 4⁷3

128 471 231 540 templo
250 472 422 540 subvmtunt,
448 480 473 525 et
490 490 543 542 per
566 475 682 537 furores
703 473 961 527 Circumcellionum
974 467 978 549 l
992 472 1042 523 des
1060 475 1201 528 redderet.
1245 474 1323 529 Idem
1347 475 1382 530 da
1400 474 1575 530 Constantini
1600 475 1709 547 legibus
1727 481 1823 530 contra

130 559 204 611 talia
222 559 321 620 facere
339 567 388 611 aut
405 561 556 613 vmdicars
570 579 626 614 non
645 563 773 614 curanti
796 578 835 612 an
854 560 963 629 justior
974 555 978 608 l
990 557 1109 613 Arianos
1130 558 1214 615 habet
1229 560 1396 615 Sozomeuus
1413 562 1430 615 1.
1451 568 1473 617 2.
1492 580 1516 619 c.
1542 568 1581 618 32.
1606 571 1635 616 et
1650 562 1822 633 Nicephorus

129 652 168 697 est
191 647 307 712 privata
332 628 571 725 violantia,an
601 647 682 716 repia
713 647 884 714 dilipcntia!
913 616 1009 701 sicil.
1038 649 1061 699 8.
1088 661 1112 698 c.
1137 652 1178 701 52.
1216 649 1399 702 Justins'anus
1424 649 1507 703 etiam
1532 649 1656 720 quamvis
1681 657 1823 704 cruentam

128 730 225 782 Multa
245 748 339 783 eorum
357 726 520 801 sacrifi-a
540 740 729 795 numerantur,
745 732 801 786 imo
818 732 965 785 numerom'
975 723 979 827 Ἰ
990 730 1080 801 legem
1098 731 1231 787 adversus
1250 733 1403 788 haereticos
1422 734 1524 802 tulerit,
1538 736 1665 805 nuspiam
1684 744 1776 789 tamen
1790 753 1823 791 ex

127 836 184 869 non
197 825 328 885 possunt,
358 834 429 885 pisae
446 790 484 870 ff*
489 820 628 886 pauciora
649 827 755 887 essent,
783 820 827 873 vd
846 836 906 882 eos,
934 819 963 869 in
990 832 1024 870 ea
1041 817 1070 870 in
1090 835 1247 890 quenquam
1260 821 1421 876 vendicasse
1431 821 1542 892 legitur,
1562 822 1627 876 licet
1643 821 1751 875 occasio
1769 820 1823 892 ipsi

128 921 197 972 quos
214 905 415 966 admittuntur,
439 905 533 957 minus
549 907 727 973 affliperent,
757 922 789 959 eo
807 906 869 974 ipso
891 913 963 958 certe
990 922 1045 958 non
1066 905 1174 960 deesset
1191 906 1219 959 in
1232 907 1372 975 puniendo
1384 907 1533 961 Anthemio
1546 908 1676 977 episcopo
1690 906 1823 961 Constan-

128 998 217 1042 essent
235 992 383 1057 praviora,
401 992 478 1059 quod
495 1009 550 1043 non
568 991 604 1043 ob
623 992 763 1045 ordinatis
776 991 963 1060 potestatibus
991 989 1173 1060 tinopolitano
1198 991 1372 1062 Eutychiana
1399 992 1505 1047 haeresi
1530 992 1650 1061 infecto,
1681 999 1713 1046 nt
1741 1000 1768 1046 ct
1793 991 1823 1047 in

123 1077 299 1146 juberentur,
317 1078 369 1129 sed
385 1078 624 1130 entraordinariis
644 1078 793 1137 furoribus
810 1079 963 1131 admittun·
991 1076 1176 1143 Nestorianis‚
1207 1094 1275 1148 quos
1300 1079 1356 1133 alia
1380 1069 1448 1149 lege
1469 1079 1576 1134 sancita
1594 1078 1634 1132 ita
1651 1095 1824 1148 compescere

129 1169 175 1214 tur
195 1168 247 1215 etc.
285 1163 381 1215 Multo
403 1164 527 1230 quotidie
544 1172 632 1230 apunt
651 1180 707 1233 per
728 1165 856 1227 furiosos
875 1164 964 1216 ebrio·
990 1162 1085 1229 voluit,
1110 1171 1140 1215 ul
1165 1164 1291 1232 cpiscwi
1314 1166 1482 1218 Nestoriani
1507 1165 1631 1219 ecclesiis
1649 1164 1823 1233 ejicerentur,

128 1266 222 1302 sorum
234 1249 369 1318 juvenum
389 1251 767 1322 propes,put61aprimspa
786 1251 962 1318 constituunt,
989 1249 1061 1301 laici
1079 1249 1254 1302 anothmute
1268 1259 1496 1318 panderentur,
1518 1265 1554 1306 'ex
1572 1268 1627 1322 quo
1646 1252 1705 1321 ipso
1724 1251 1823 1305 intelli·

128 1336 178 1403 qui
191 1336 316 1402 primum
335 1339 524 1390 tantummodo
542 1337 673 1402 fratibus,
690 1354 764 1389 nunc
781 1337 865 1389 etiam
882 1337 963 1399 ferro
991 1334 1080 1404 gitur,
1111 1335 1186 1405 quod
1214 1335 1334 1404 priorem
1358 1336 1447 1406 legem
1474 1337 1503 1391 in
1529 1344 1660 1392 terrorem
1689 1336 1825 1391 duntaxat

130 1438 160 1474 se
180 1439 293 1474 armare
306 1430 463 1491 coeperunt,
483 1423 533 1491 qui
546 1423 807 1477 circumcellionum
819 1423 964 1475 notissimo
990 1418 1191 1475 haereticorum
1224 1421 1326 1475 tulerit.
1382 1422 1452 1476 Cum
1482 1424 1554 1477 enim
1586 1422 1824 1492 persecutionibus

128 1509 238 1561 nomine
247 1525 300 1577 per
314 1517 399 1561 totam
416 1509 697 1576 Africamvapantur
716 1517 742 1562 et
762 1526 848 1563 saevo
865 1517 964 1562 contra
991 1505 1162 1560 ethnicorum
1186 1506 1384 1577 imperatorum
1408 1508 1505 1578 sopitis
1536 1515 1565 1563 et
1591 1525 1660 1579 pace
1691 1498 1824 1564 ecclesias
1893 1572 1902 1587 .

129 1611 235 1647 omnem
263 1595 390 1647 ordinem
418 1597 509 1663 lepram
532 1604 756 1667 potestatumque
784 1597 962 1649 committunt.
990 1592 1100 1646 reddita
1132 1594 1271 1647 variarum
1307 1593 1461 1648 haeresium
1497 1594 1629 1649 colluvies
1663 1594 1824 1664 cataclysmi

128 1680 217 1749 Epist.
239 1685 295 1734 166.
313 1680 350 1734 ad
369 1680 530 1735 Donatistae
551 1681 643 1735 statim
666 1683 694 1735 in
712 1682 815 1752 princ:
838 1682 963 1734 Manda—
990 1678 1077 1731 instar
1094 1694 1128 1733 eo
1145 1686 1271 1749 tempore
1289 1680 1433 1734 ecclesiam
1451 1680 1635 1744 inundarent,
1662 1688 1690 1734 et
1708 1681 1747 1734 sic
1767 1681 1824 1736 vio·

129 1774 228 1819 verunt
251 1767 330 1819 nolis
357 1768 473 1834 quidcan
492 1769 655 1836 presbyteri
674 1770 769 1837 partis
791 1776 900 1821 vestrae
920 1769 962 1821 di·
990 1764 1092 1818 lentise
1109 1771 1290 1834 tyrannorum
1317 1766 1478 1833 succederet
1502 1766 1690 1820 fraudulentia
1708 1766 1824 1823 haereti·

131 1861 229 1921 centes,
247 1853 368 1906 recedite
387 1871 406 1906 a
419 1853 549 1922 plebibus
566 1855 684 1921 nostris,
702 1854 730 1906 si
746 1871 804 1906 non
822 1854 915 1922 cidiis,
933 1862 963 1906 ut
990 1866 1094 1916 corum,
1121 1850 1193 1904 sicut
1209 1851 1238 1903 in
1258 1851 1348 1906 edicto
1367 1851 1515 1906 Theodosii
1540 1859 1569 1906 et
1586 1853 1771 1907 Valentiniani
1790 1859 1823 1909 32

131 1938 332 2003 interficiamus
358 1957 414 1991 vos.
450 1935 488 1991 Et
514 1945 624 2008 postea:
654 1940 810 2008 Ubicunque
831 1940 964 1993 vellemus
990 1935 1166 2006 prodigiosae
1201 1943 1231 1991 et
1264 1945 1433 1993 monstrosae
1464 1938 1590 1993 haereses
1623 1948 1823 2008 enumerantur,

130 2026 298 2094 praedicare
315 2025 477 2089 veritatem,
495 2032 526 2077 ut
543 2041 605 2077 eom
623 2026 864 2094 quisquesecurus
882 2026 964 2079 audi·
991 2022 1030 2092 pii
1057 2023 1237 2093 imperatores
1266 2024 1442 2093 judicarunt,
1476 2025 1609 2080 ecclesiae
1635 2025 1718 2079 saluti
1744 2028 1825 2083 alitor

130 2120 172 2164 ret
191 2121 217 2164 et
232 2113 327 2165 volens
347 2112 470 2180 eliperet,
490 2129 633 2179 nunqrsam
648 2112 819 2181 perinisistis
833 2128 889 2181 per
906 2113 963 2166 oio-
991 2108 1111 2175 consuli,
1140 2115 1188 2162 aut
1213 2109 1380 2177 proterviam
1405 2109 1531 2165 haereses
1556 2111 1585 2163 in
1612 2111 1733 2166 conciliis
1757 2114 1825 2185 legi-

130 2198 241 2251 lentias‘
261 2205 287 2250 et
312 2205 433 2250 terrores
457 2207 565 2252 vestros
587 2204 637 2253 etc.
662 2199 778 2251 recolite
801 2200 884 2263 facto
903 2197 965 2251 Cir·
990 2194 1056 2248 time
1077 2194 1221 2249 damnatas
1241 2195 1416 2265 propagandi
1436 2212 1498 2250 cnm
1516 2196 1651 2251 seditione
1671 2198 1825 2271 plerunque

132 2285 343 2337 cumoellionum
369 2292 522 2338 vestrorum
545 2291 572 2337 et
597 2284 780 2351 clericorum,
810 2285 861 2354 qui
881 2287 966 2338 duces
991 2282 1168 2351 conjunctam
1192 2281 1273 2336 aliter
1297 2281 1418 2336 coirceri
1440 2299 1495 2336 non
1521 2299 1618 2352 posse,
1646 2302 1729 2354 quam
1748 2288 1771 2340 si
1789 2287 1825 2342 de

131 2389 226 2424 corum
239 2387 347 2439 semper
357 2372 483 2439 fuerunt,
496 2379 522 2423 et
539 2371 682 2435 videtitis,
695 2388 767 2440 quae
785 2388 872 2424 cauea
889 2371 965 2423 vobis
991 2366 1156 2437 quibusdam
1175 2367 1293 2436 pecunia
1312 2367 1487 2432 mulctandis,
1507 2368 1568 2422 aliis
1587 2370 1614 2422 in
1628 2371 1752 2425 exsilium
1766 2375 1823 2443 pel-

130 2459 180 2510 too
205 2459 380 2525 excitaverit,
406 2460 482 2511 unde
508 2459 611 2525 injuste
629 2458 791 2526 querimini,
810 2458 965 2526 quiavoln's
991 2452 1094 2513 lendis,
1120 2453 1259 2506 nonnullis
1281 2453 1364 2507 etiam
1382 2454 1496 2523 capitali
1514 2454 1652 2525 supplicio
1670 2456 1824 2514 afficiendis

130 2546 225 2598 omnia
242 2545 305 2607 isto,
325 2553 355 2596 ut
367 2545 544 2613 juberentur,
562 2545 698 2612 coepistis,
719 2545 800 2614 cujus
818 2543 964 2598 violentiae
992 2537 1068 2607 leges
1087 2538 1240 2602 mellenti
1266 2544 1351 2609 alque
1372 2539 1424 2594 hoc
1443 2540 1597 2594 teveriiafiss
1616 2547 1720 2597 terrOre
1737 2545 1825 2613 pluri·

130 2647 164 2684 sc
191 2629 347 2699 tyrannidis
374 2629 506 2699 specialia
532 2629 658 2698 exempla
680 2631 822 2699 complura
843 2628 964 2700 subjicit.
990 2631 1050 2677 tum
1082 2625 1175 2678 omnis
1207 2626 1358 2680 innovandi
1388 2644 1422 2682 sc
1451 2627 1583 2682 turbandi
1613 2639 1825 2700 compescerent,

129 2715 180 2786 Ep.
202 2721 243 2771 68.
262 2717 297 2770 ad
319 2715 483 2771 ianuarium
499 2715 572 2770 circa
591 2716 677 2771 med:
696 2716 804 2784 Peiora
824 2717 901 2769 mala
916 2734 964 2769 no·
992 2711 1118 2780 quamvis
1136 2712 1259 2766 nondum
1279 2719 1385 2767 certum
1405 2715 1453 2783 sit,
1473 2715 1585 2785 capitali
1604 2733 1693 2785 poena
1711 2727 1825 2788 proptor

131 2805 173 2856 bis
196 2805 284 2856 vestri
306 2821 378 2856 nunc
402 2802 531 2870 faciunt,
558 2821 614 2856 non
643 2811 749 2856 tontum
776 2820 828 2855 nos
838 2803 966 2870 fustibus
991 2797 1117 2852 haeresin
1136 2816 1302 2870 quemquam
1324 2799 1427 2855 abillis
1445 2799 1576 2854 affectum
1593 2800 1687 2860 tuisse.
1715 2809 1739 2858 6.
1753 2805 1822 2860 Inde

130 2897 265 2958 quassant
282 2891 417 2958 ferroque
435 2890 592 2958 concidunt,
612 2906 707 2942 verum
726 2889 811 2942 etiam
822 2890 853 2942 in
871 2890 966 2944 omslm
991 2891 1042 2953 est,
1061 2885 1136 2956 quod
1154 2885 1372 2940 Wesenbeclxius
1397 2887 1426 2940 in
1448 2886 1571 2956 paratitl.
1597 2904 1630 2941 ex
1644 2889 1711 2957 ipsis
1731 2892 1821 2946 verbis

133 2976 346 3043 esstinpuendos
365 2978 469 3029 calcem
488 2977 572 3029 mium
598 2983 677 3029 aceto
704 2976 869 3030 incredibili
890 2993 966 3030 esco—
992 2971 1086 3042 legum
1105 2971 1293 3026 demonstrare
1310 2972 1408 3026 nititur
1426 2971 1444 3024 l.
1466 2978 1485 3027 l.
1512 2972 1555 3026 tit·
1575 2980 1598 3028 5.
1620 2973 1686 3028 eod.
1706 2977 1822 3032 sanctio·

130 3063 265 3130 pitatione
290 3063 405 3116 sceleris
424 3063 543 3119 mittunt.
584 3065 695 3116 Domus
718 3063 834 3132 insuper
855 3071 966 3117 nostras
991 3073 1055 3110 nom
1072 3056 1148 3110 illam
1166 3059 1202 3110 de
1221 3058 1320 3111 ultimo
1339 3058 1480 3126 supplicio
1507 3058 1652 3113 haereticis
1668 3061 1824 3132 irrogando,

132 3149 327 3216 compilantes,
350 3167 432 3201 arma
448 3149 505 3200 siti
521 3150 646 3216 tepentia
667 3157 693 3201 ot
711 3149 853 3202 terribilia
874 3151 965 3214 fabri-
991 3141 1035 3196 vel
1056 3159 1111 3196 non
1136 3143 1174 3196 sd
1191 3160 1285 3197 omnes
1310 3144 1466 3213 promiscue
1486 3144 1654 3212 haereticos,
1687 3149 1736 3203 sed
1754 3150 1823 3204 dun-

35 3251 59 3290 v.
70 3248 116 3291 rat.
131 3243 242 3301 comant,
270 3236 369 3303 quidus
389 3235 496 3287 armati
512 3252 566 3306 per
585 3237 699 3288 diversa
716 3237 876 3288 dacurrunt
895 3253 966 3289 com·
991 3236 1069 3282 taxat
1088 3230 1124 3283 ad
1142 3229 1321 3285 Manichaeos
1340 3237 1368 3286 st
1387 3231 1497 3299 similes,
1515 3232 1562 3302 qni
1582 3232 1719 3287 adimam
1735 3254 1824 3306 usque

131 3321 267 3373 minantes
285 3328 368 3388 atquc
386 3321 548 3374 anhelantes
568 3323 683 3387 eosdm,
708 3323 841 3390 rapinas,
872 3322 965 3374 incen-
990 3317 1122 3369 scelerum
1142 3318 1295 3386 nequitiam
1308 3327 1504 3387 pervenerunt,
1529 3319 1565 3372 de
1585 3318 1685 3389 quibus
1704 3321 1786 3376 etiam
1804 3324 1823 3378 l.

132 3408 190 3473 dia,
209 3408 356 3459 caecitates
381 3412 432 3459 etc.
470 3404 655 3476 Imperatores
687 3408 773 3478 igitur
789 3406 854 3461 huic
872 3407 965 3461 Dona·
991 3402 1156 3473 Quicunque
1176 3420 1302 3473 expresse
1317 3404 1447 3474 loquitur,
1466 3404 1616 3473 pertinerc;
1635 3407 1678 3460 vel
1697 3407 1823 3462 ultimum

130 3494 257 3546 daturum
283 3492 441 3547 crudelitati
467 3499 494 3546 et
517 3491 604 3546 furori
631 3491 741 3546 obviam
762 3493 826 3545 ituri
844 3493 963 3563 capitale
990 3487 1060 3541 illud
1077 3489 1246 3560 supplicium
1276 3507 1331 3544 non
1359 3490 1394 3544 de
1411 3490 1546 3560 supplicio
1570 3492 1664 3544 mortis
1682 3494 1823 3563 naturalis,

130 3579 296 3649 supplicium
323 3578 351 3631 in
382 3579 456 3648 ipsos
485 3583 655 3643 statuerunt,
682 3595 738 3632 non
766 3585 822 3632 tam
850 3587 964 3648 propter
990 3574 1040 3628 sed
1067 3575 1101 3630 de
1125 3578 1282 3629 cassatione
1309 3576 1470 3629 ultimorum
1493 3576 1662 3629 voluntatum
1687 3586 1713 3631 et
1736 3588 1824 3635 morte

130 3665 254 3720 haeresin
275 3682 358 3736 quam
370 3665 503 3719 seditiosa
514 3670 544 3719 et
555 3664 679 3718 crudelia
694 3664 817 3734 ipsorum
831 3664 962 3720 facinora
990 3662 1077 3727 civili,
1090 3663 1219 3715 videlicet
1232 3663 1433 3731 deportatione,
1447 3677 1504 3714 esse
1516 3662 1716 3733 accipiendum.
1743 3664 1824 3729 Quod

130 3752 261 3816 Quamvis
279 3770 345 3808 vero
362 3752 526 3806 Donatistae
552 3751 658 3805 haeresi
685 3750 754 3804 talia
771 3749 880 3821 flagitia
899 3769 962 3806 con·
990 3748 1091 3803 dicitur
1109 3749 1127 3802 l.
1146 3754 1169 3803 4.
1190 3747 1221 3803 C.
1241 3748 1276 3804 ds
1294 3749 1396 3802 haeret.
1417 3753 1513 3802 contra
1531 3748 1709 3804 Manichacus
1728 3752 1819 3821 inqui·

126 3842 292 3910 jungerent,
317 3847 410 3893 tamen
430 3836 605 3910 Augustinus
626 3837 701 3907 apud
716 3837 825 3908 judices
843 3855 893 3907 pro
908 3838 963 3892 illis
989 3835 1117 3887 titionem
1146 3836 1176 3887 in
1204 3844 1319 3888 mortem
1347 3834 1466 3902 ostendi,
1493 3835 1544 3888 hoc
1574 3835 1685 3905 (inquit)
1709 3855 1763 3890 non
1783 3839 1824 3892 aa

131 3926 296 3995 deprecatus
318 3931 367 3988 est,
386 3942 421 3980 ne
439 3942 527 3996 nsque
545 3925 582 3978 ad
600 3923 699 3995 capitis
720 3923 887 3994 supplicium
905 3925 962 3979 ani-
990 3921 1161 3990 supplicium
1174 3922 1284 3991 capitis,
1302 3923 1355 3974 aed
1365 3921 1528 3975 ultimarum
1545 3922 1717 3975 voluntatum
1729 3941 1823 3980 cnseo·

129 4013 284 4067 madversio
299 4012 327 4065 in
347 4029 393 4065 eos
407 4011 575 4081 procederet,
594 4018 625 4064 ut
645 4016 754 4065 constat
775 4028 808 4065 ex
826 4011 905 4080 epist.
921 4018 962 4068 50.
989 4008 1106 4073 tionem,
1123 4009 1188 4061 item
1205 4009 1247 4060 ad
1264 4008 1325 4076 lroc,
1348 4015 1378 4059 ul
1394 4015 1517 4061 mortuiis
1536 4010 1668 4061 accusari
1683 4019 1708 4062 et
1724 4028 1823 4066 memo·

129 4099 165 4152 ad
186 4097 359 4151 Bonifacium
384 4097 419 4150 de
444 4099 589 4150 moderate
613 4097 776 4150 coercendis
797 4097 962 4166 duodicim
989 4094 1036 4147 ria
1054 4096 1117 4164 ejus
1134 4095 1270 4147 damnari
1285 4094 1385 4163 possit,
1403 4102 1538 4162 spectare,
1557 4095 1717 4162 ipseteatus
1736 4103 1823 4151 osten·

130 4184 210 4253 epist.
245 4189 300 4237 121,
331 4182 365 4235 ad
389 4180 531 4236 Donatum
560 4181 673 4236 Africae
696 4183 902 4253 proconsulem,
933 4190 964 4235 ut
990 4182 1032 4234 dit
1060 4189 1085 4234 et
1109 4182 1220 4249 plasea,
1249 4181 1276 4236 d.
1303 4181 1321 4235 l.
1347 4186 1372 4236 t.
1398 4180 1473 4236 verb.
1497 4180 1591 4234 subire
1614 4181 1632 4236 l.
1658 4189 1681 4237 2.
1705 4182 1769 4237 infr.
1789 4184 1823 4238 de

130 4271 300 4324 Donatistae
325 4275 465 4337 coirceot,
493 4287 549 4322 non
576 4270 689 4322 occidat
695 4289 707 4338 ,·
736 4269 814 4339 epist.
844 4275 900 4325 158.
926 4269 962 4322 ad
990 4274 1107 4338 apostat.
1125 4268 1143 4321 l.
1166 4274 1189 4324 1.
1208 4268 1236 4321 in
1255 4266 1302 4322 fin.
1323 4265 1352 4322 C.
1374 4268 1408 4322 de
1433 4285 1529 4321 summ.
1549 4267 1646 4321 Trinit.
1672 4269 1730 4320 nesi
1747 4270 1823 4323 dica·

129 4356 329 4424 Marcellinum,
347 4356 377 4410 in
397 4373 454 4426 qua
474 4362 564 4427 rogat,
581 4363 612 4408 ut
630 4356 809 4423 Donatistae,
828 4355 878 4424 qui
892 4355 961 4408 resi·
990 4373 1059 4420 mro,
1087 4354 1233 4422 simpulare
1245 4355 1342 4422 fuisse
1360 4355 1390 4405 in
1419 4353 1599 4405 Manicloeis
1627 4361 1653 4405 et
1676 4354 1824 4419 similibus,

126 4445 236 4513 piscare
248 4445 346 4507 nolint,
364 4445 545 4511 costipentur,
562 4444 615 4496 sed
631 4444 704 4495 citra
717 4443 816 4495 mortis
825 4459 961 4510 poenam
990 4441 1039 4510 qui
1055 4443 1097 4494 ad
1113 4441 1199 4494 imam
1213 4458 1300 4509 usquc
1313 4441 1449 4493 scelerum
1466 4439 1617 4507 nequits'am
1627 4449 1823 4510 persanassent,

129 4531 207 4600 epist.
231 4536 286 4585 159.
309 4530 485 4597 adeundam,
504 4529 583 4599 epist.
601 4534 655 4583 160.
674 4527 712 4582 ad
730 4528 898 4599 apringium
913 4528 961 4597 ·ju·
989 4536 1018 4580 ut
1038 4528 1136 4580 ultimo
1154 4528 1295 4597 supplicio
1307 4529 1377 4596 jure
1396 4527 1583 4589 traderentur,
1602 4526 1714 4578 tametsi
1729 4535 1755 4578 et
1772 4527 1824 4580 lios

129 4618 226 4680 dicem,
248 4622 276 4670 et
286 4617 390 4670 fatetur
401 4617 462 4687 ipse
479 4617 664 4671 Bellarminus
676 4632 737 4686 cap.
756 4621 798 4670 21.
820 4611 848 4688 ξ.
863 4614 960 4684 Augu·
989 4615 1195 4669 constitutiones
1224 4613 1406 4681 interpretari
1420 4613 1470 4674 fas
1489 4612 1526 4663 sit
1541 4630 1597 4665 non
1618 4613 1654 4663 de
1672 4613 1823 4667 asturcone

127 4704 216 4756 atinus
226 4709 276 4756 otc.
306 4709 329 4756 6.
348 4702 394 4756 De
415 4703 570 4757 Theodosio
589 4701 698 4756 disertis
716 4701 808 4755 verbis
828 4707 961 4754 memorat
987 4702 1076 4764 citae,
1104 4701 1157 4754 aed
1176 4701 1211 4753 de
1232 4700 1442 4771 deportatione,
1466 4713 1538 4765 meae
1558 4705 1583 4750 et
1607 4698 1671 4765 ipso
1696 4699 1823 4753 ultimum

128 4790 295 4845 Sozomenus
322 4789 369 4842 lib.
396 4797 419 4844 l.
445 4806 467 4844 c.
490 4795 528 4843 12.
548 4791 639 4859 mapis
664 4788 791 4841 terrendi
807 4805 895 4840 causa
914 4806 960 4840 ca·
988 4804 1021 4840 oc
1044 4787 1168 4855 capitale
1193 4786 1363 4854 supplicium
1389 4784 1494 4836 dicitur
1517 4781 1535 4839 l.
1566 4781 1709 4837 Sancimus
1736 4783 1766 4840 O.
1787 4786 1822 4841 de

123 4877 243 4945 pitalem
264 4892 388 4943 poenam
414 4875 444 4926 in
470 4875 625 4928 haeremus
652 4875 758 4944 lepidus
782 4874 850 4926 latis
869 4873 960 4943 ipsum
987 4878 1107 4928 exsecut.
1138 4877 1167 4925 et
1194 4875 1280 4926 exact.
1301 4870 1320 4927 l.
1352 4875 1390 4924 12.
1412 4871 1580 4939 (quanquam
1607 4868 1822 4937 jurisconsultus

126 4963 271 5025 statuisse,
300 4977 382 5031 qnam
410 4960 485 5031 quod
512 4961 681 5015 exsecutioni
710 4960 820 5015 easdem
845 4960 959 5015 dederit.
986 4958 1136 5029 improprie
1167 4956 1257 5011 fateor
1288 4956 1305 5009 l.
1335 4954 1463 5007 ultimum
1494 4960 1535 5011 21.
1568 4955 1603 5009 de
1638 4971 1716 5025 poen.
1745 4954 1946 5026 loquimus

127 5051 287 5119 imperator
309 5047 418 5116 (inquit)
435 5047 496 5115 lepe
515 5047 618 5113 edicit,
640 5054 671 5099 ut
690 5046 854 5101 heterodoxi
872 5063 960 5114 neque
985 5046 1126 5111 videatur)
1145 5062 1206 5096 mem
1224 5045 1291 5095 laec
1315 5042 1521 5110 conjunpantur
1540 5041 1570 5092 in
1595 5041 1659 5096 dl.
1679 5044 1703 5094 d.
1723 5042 1741 5094 l.
1762 5041 1822 5112 qui·

128 5135 260 5187 ecclesias
280 5133 457 5201 colliperent,
476 5149 562 5200 neque
580 5134 615 5185 de
629 5133 690 5200 fide
709 5135 853 5197 docerent,
872 5149 960 5199 neque
987 5148 1095 5203 cunque
1121 5136 1145 5186 8.
1170 5129 1197 5184 h.
1222 5136 1243 5183 t.
1289 5128 1470 5181 Manichaeis
1498 5128 1582 5181 etiam
1606 5130 1641 5180 de
1664 5128 1821 5182 civitatibus

127 5223 271 5290 episcopos
289 5228 338 5272 aut
357 5220 431 5271 alios
451 5219 624 5284 ordinarent,
643 5225 668 5270 et
687 5219 742 5270 alii
757 5219 914 5271 civitatibus
933 5225 960 5270 et
983 5216 1125 5287 pellendis
1158 5223 1184 5269 et
1201 5216 1300 5268 ultimo
1317 5214 1457 5283 supplicio
1482 5214 1652 5282 efficiendis,
1682 5214 1821 5281 qrsomodo

127 5309 204 5375 apris
220 5307 412 5376 pellerentur,
441 5305 496 5357 alii
515 5304 665 5358 honoribus
686 5305 884 5372 privarentur,
910 5321 960 5357 nec
989 5306 1061 5359 enim
1078 5311 1231 5374 potuerunt
1248 5303 1359 5357 civitate
1380 5303 1499 5374 expelli,
1525 5309 1552 5354 et
1576 5301 1647 5370 quid
1667 5302 1721 5354 illo
1738 5303 1822 5354 umbo

127 5394 223 5446 eadem
242 5401 271 5445 ut
288 5393 348 5445 illis
364 5391 469 5460 politia
478 5396 628 5452 uterentur,
648 5405 683 5441 ac
700 5389 805 5457 lepidius
822 5390 883 5443 illis
895 5407 960 5458 pra·
977 5391 1184 5461 ¹operabuntur,
1205 5391 1232 5443 si
1247 5391 1466 5457 interpretemur
1493 5387 1663 5456 supplicium
1682 5390 1717 5441 de
1736 5390 1821 5441 amis·

126 5481 173 5532 vio
192 5479 335 5548 supplicia
352 5478 474 5547 adjicit,
491 5479 543 5531 sed
559 5493 615 5530 non
632 5483 673 5529 est
690 5483 836 5533 munuc.
862 5478 960 5546 Neque
986 5478 1064 5530 sione
1080 5477 1152 5531 vitoe
1170 5493 1205 5530 ac
1222 5493 1279 5530 non
1288 5475 1385 5545 potius
1400 5475 1435 5527 de
1454 5474 1669 5544 deportatione!
1688 5473 1822 5536 Quamob-

127 5566 200 5619 enim
213 5565 318 5633 punire
335 5564 476 5633 subditos,
499 5565 551 5617 sed
573 5570 647 5616 metu
664 5567 790 5616 coe'rcere
806 5563 960 5631 samaias,
988 5579 1048 5617 rem
1074 5570 1100 5616 et
1124 5561 1358 5632 responsiones,
1383 5577 1455 5630 quoe
1471 5576 1590 5630 poenam
1608 5561 1711 5630 capitis
1728 5562 1822 5615 dmar-

126 5670 181 5721 qoo
200 5650 267 5704 uns
287 5651 317 5703 a
336 5653 466 5719 saonae
490 5651 526 5703 aa
548 5648 694 5702 morasus
713 5649 820 5704 maort
845 5619 973 5718 sonsa-l
987 5657 1064 5718 soa,
1082 5649 1124 5703 oa
1139 5649 1204 5702 sea
1220 5647 1405 5717 intepretari
1420 5649 1442 5706 ι.
1454 5650 1483 5704 s.
1495 5647 1569 5713 refe.
1581 5664 1619 5699 a
1638 5655 1735 5698 usas.
1748 5649 1839 5707 sees.
