<?xml version="1.0" encoding="UTF-8"?>
<!DOCTYPE html PUBLIC "-//W3C//DTD XHTML 1.0 Transitional//EN"
    "http://www.w3.org/TR/xhtml1/DTD/xhtml1-transitional.dtd">
<html xmlns="http://www.w3.org/1999/xhtml" xml:lang="en" lang="en">
 <head>
  <title>
</title>
<meta http-equiv="Content-Type" content="text/html;charset=utf-8" />
  <meta name='ocr-system' content='tesseract 3.04.00' />
  <meta name='ocr-capabilities' content='ocr_page ocr_carea ocr_par ocr_line ocrx_word'/>
</head>
<body>
  <div class='ocr_page' id='page_1' title='image "./locitheologicic01gerhgoog/locitheologicic01gerhgoog_0147.png"; bbox 0 0 4020 6014; ppageno 0'>
   <div class='ocr_carea' id='block_1_1' title="bbox 214 236 1320 307">
    <p class='ocr_par' dir='ltr' id='par_1_1' title="bbox 214 236 1320 307">
     <span class='ocr_line' id='line_1_1' title="bbox 214 236 1320 307; baseline 0.001 -10"><span class='ocrx_word' id='word_1_1' title='bbox 214 244 272 307; x_wconf 80' lang='lat'>138</span> <span class='ocrx_word' id='word_1_2' title='bbox 792 238 914 299; x_wconf 82' lang='lat' dir='ltr'>LOCUS</span> <span class='ocrx_word' id='word_1_3' title='bbox 930 236 1134 298; x_wconf 81' lang='lat' dir='ltr'>VICESIMUS</span> <span class='ocrx_word' id='word_1_4' title='bbox 1155 238 1320 299; x_wconf 82' lang='lat' dir='ltr'>TERTIUS</span> 
     </span>
    </p>
   </div>
   <div class='ocr_carea' id='block_1_2' title="bbox 209 395 1905 556">
    <p class='ocr_par' dir='ltr' id='par_1_2' title="bbox 209 395 1905 556">
     <span class='ocr_line' id='line_1_2' title="bbox 209 395 1905 468; baseline 0.001 -17"><span class='ocrx_word' id='word_1_5' title='bbox 209 395 272 451; x_wconf 89' lang='lat' dir='ltr'>terii</span> <span class='ocrx_word' id='word_1_6' title='bbox 289 396 423 468; x_wconf 84' lang='lat' dir='ltr'>suffragio</span> <span class='ocrx_word' id='word_1_7' title='bbox 447 397 483 452; x_wconf 90' lang='lat' dir='ltr'>ad</span> <span class='ocrx_word' id='word_1_8' title='bbox 508 397 652 468; x_wconf 85' lang='lat' dir='ltr'>fastigium</span> <span class='ocrx_word' id='word_1_9' title='bbox 678 397 747 451; x_wconf 91' lang='lat' dir='ltr'>illud</span> <span class='ocrx_word' id='word_1_10' title='bbox 773 396 884 451; x_wconf 90' lang='lat' dir='ltr'>honoris</span> <span class='ocrx_word' id='word_1_11' title='bbox 901 397 1041 451; x_wconf 86' lang='lat' dir='ltr'>evehatur.</span> <span class='ocrx_word' id='word_1_12' title='bbox 1054 397 1142 449; x_wconf 79' lang='lat' dir='ltr'>linter</span> <span class='ocrx_word' id='word_1_13' title='bbox 1159 399 1271 451; x_wconf 86' lang='lat' dir='ltr'>multos</span> <span class='ocrx_word' id='word_1_14' title='bbox 1284 401 1409 468; x_wconf 83' lang='lat' dir='ltr'>fratres,</span> <span class='ocrx_word' id='word_1_15' title='bbox 1434 398 1513 455; x_wconf 85' lang='lat' dir='ltr'>Rom.</span> <span class='ocrx_word' id='word_1_16' title='bbox 1532 404 1561 467; x_wconf 89' lang='grc'>8,</span> <span class='ocrx_word' id='word_1_17' title='bbox 1590 416 1616 452; x_wconf 86' lang='lat' dir='ltr'>v</span> <span class='ocrx_word' id='word_1_18' title='bbox 1642 401 1683 455; x_wconf 79' lang='grc'><strong>29,</strong></span> <span class='ocrx_word' id='word_1_19' title='bbox 1700 398 1905 467; x_wconf 71' lang='lat' dir='ltr'>primogenitas</span> 
     </span>
     <span class='ocr_line' id='line_1_3' title="bbox 213 483 1905 556; baseline 0.003 -20"><span class='ocrx_word' id='word_1_20' title='bbox 213 483 267 545; x_wconf 83' lang='lat' dir='ltr'>Qui</span> <span class='ocrx_word' id='word_1_21' title='bbox 288 485 443 554; x_wconf 81' lang='lat' dir='ltr'>primatum</span> <span class='ocrx_word' id='word_1_22' title='bbox 471 485 502 537; x_wconf 81' lang='lat' dir='ltr'>ia</span> <span class='ocrx_word' id='word_1_23' title='bbox 529 493 609 538; x_wconf 73' lang='lat' dir='ltr'>terro</span> <span class='ocrx_word' id='word_1_24' title='bbox 642 486 764 553; x_wconf 82' lang='lat' dir='ltr'>oppetit,</span> <span class='ocrx_word' id='word_1_25' title='bbox 793 485 986 551; x_wconf 72' lang='lat' dir='ltr'>confusionem</span> <span class='ocrx_word' id='word_1_26' title='bbox 1013 483 1042 534; x_wconf 80' lang='lat' dir='ltr'>m</span> <span class='ocrx_word' id='word_1_27' title='bbox 1055 485 1251 571; x_wconf 66' lang='lat' dir='ltr'>cerauneis,</span> <span class='ocrx_word' id='word_1_28' title='bbox 1276 483 1335 539; x_wconf 94' lang='lat' dir='ltr'>Col</span> <span class='ocrx_word' id='word_1_29' title='bbox 1357 490 1429 554; x_wconf 85' lang='lat' dir='ltr'>l,v</span> <span class='ocrx_word' id='word_1_30' title='bbox 1430 491 1502 541; x_wconf 95' lang='grc'><strong>..18</strong></span> <span class='ocrx_word' id='word_1_31' title='bbox 1530 486 1646 556; x_wconf 88' lang='lat' dir='ltr'>Apocal.</span> <span class='ocrx_word' id='word_1_32' title='bbox 1675 491 1809 548; x_wconf 78' lang='grc'><strong>1,15,</strong></span> <span class='ocrx_word' id='word_1_33' title='bbox 1836 485 1905 541; x_wconf 88' lang='lat' dir='ltr'>Cum</span> 
     </span>
    </p>
   </div>
   <div class='ocr_carea' id='block_1_3' title="bbox 209 525 1907 900">
    <p class='ocr_par' dir='ltr' id='par_1_3' title="bbox 209 525 1907 900">
     <span class='ocr_line' id='line_1_4' title="bbox 210 525 1905 642; baseline 0.002 -21"><span class='ocrx_word' id='word_1_34' title='bbox 210 569 288 623; x_wconf 83' lang='lat' dir='ltr'>cocio</span> <span class='ocrx_word' id='word_1_35' title='bbox 311 571 424 624; x_wconf 79' lang='grc'><strong>1000011.</strong></span> <span class='ocrx_word' id='word_1_36' title='bbox 464 576 489 625; x_wconf 79' lang='grc'>4.</span> <span class='ocrx_word' id='word_1_37' title='bbox 517 571 620 626; x_wconf 83' lang='lat' dir='ltr'>Sedulo</span> <span class='ocrx_word' id='word_1_38' title='bbox 647 569 815 637; x_wconf 84' lang='lat' dir='ltr'>carendum,</span> <span class='ocrx_word' id='word_1_39' title='bbox 845 586 880 624; x_wconf 91' lang='lat' dir='ltr'>ne</span> <span class='ocrx_word' id='word_1_40' title='bbox 902 538 1056 639; x_wconf 74' lang='lat' dir='ltr'><strong><em>primatus</em></strong></span> <span class='ocrx_word' id='word_1_41' title='bbox 1069 568 1141 624; x_wconf 93' lang='lat' dir='ltr'>enim</span> <span class='ocrx_word' id='word_1_42' title='bbox 1160 569 1282 636; x_wconf 69' lang='lat' dir='ltr'>Isevitas,</span> <span class='ocrx_word' id='word_1_43' title='bbox 1302 525 1403 642; x_wconf 78' lang='lat' dir='ltr'>quibis</span> <span class='ocrx_word' id='word_1_44' title='bbox 1422 579 1518 640; x_wconf 90' lang='lat' dir='ltr'>postea</span> <span class='ocrx_word' id='word_1_45' title='bbox 1537 572 1706 626; x_wconf 89' lang='lat' dir='ltr'>ordinarium</span> <span class='ocrx_word' id='word_1_46' title='bbox 1721 570 1905 627; x_wconf 82' lang='lat' dir='ltr'>ministerium</span> 
     </span>
     <span class='ocr_line' id='line_1_5' title="bbox 210 653 1905 729; baseline 0.001 -20"><span class='ocrx_word' id='word_1_47' title='bbox 210 654 523 727; x_wconf 78' lang='lat' dir='ltr'>ordinisdegeneratia</span> <span class='ocrx_word' id='word_1_48' title='bbox 533 657 724 726; x_wconf 79' lang='lat' dir='ltr'>principouim</span> <span class='ocrx_word' id='word_1_49' title='bbox 737 657 890 726; x_wconf 80' lang='lat' dir='ltr'>potestatis.</span> <span class='ocrx_word' id='word_1_50' title='bbox 920 653 1057 725; x_wconf 88' lang='lat' dir='ltr'>Contigit</span> <span class='ocrx_word' id='word_1_51' title='bbox 1067 655 1123 708; x_wconf 91' lang='lat' dir='ltr'>fuit</span> <span class='ocrx_word' id='word_1_52' title='bbox 1154 655 1343 722; x_wconf 90' lang='lat' dir='ltr'>commissum,</span> <span class='ocrx_word' id='word_1_53' title='bbox 1375 657 1435 712; x_wconf 92' lang='lat' dir='ltr'>loco</span> <span class='ocrx_word' id='word_1_54' title='bbox 1464 657 1712 729; x_wconf 89' lang='lat' dir='ltr'>primogenitorum</span> <span class='ocrx_word' id='word_1_55' title='bbox 1742 676 1775 713; x_wconf 90' lang='lat' dir='ltr'>ex</span> <span class='ocrx_word' id='word_1_56' title='bbox 1802 659 1905 729; x_wconf 88' lang='lat' dir='ltr'>populo</span> 
     </span>
     <span class='ocr_line' id='line_1_6' title="bbox 210 732 1907 813; baseline 0.004 -19"><span class='ocrx_word' id='word_1_57' title='bbox 210 741 311 795; x_wconf 87' lang='lat' dir='ltr'>illud&#39;</span> <span class='ocrx_word' id='word_1_58' title='bbox 304 759 333 795; x_wconf 90' lang='lat' dir='ltr'>ru</span> <span class='ocrx_word' id='word_1_59' title='bbox 354 743 480 797; x_wconf 87' lang='lat' dir='ltr'>Romana</span> <span class='ocrx_word' id='word_1_60' title='bbox 504 742 632 809; x_wconf 89' lang='lat' dir='ltr'>eeclesia,</span> <span class='ocrx_word' id='word_1_61' title='bbox 662 744 743 812; x_wconf 81' lang='lat' dir='ltr'>qu&#39;us</span> <span class='ocrx_word' id='word_1_62' title='bbox 766 741 902 811; x_wconf 87' lang='lat' dir='ltr'>episcopis</span> <span class='ocrx_word' id='word_1_63' title='bbox 924 746 984 794; x_wconf 92' lang='lat' dir='ltr'>tum</span> <span class='ocrx_word' id='word_1_64' title='bbox 1007 732 1154 807; x_wconf 60' lang='lat' dir='ltr'>obilsrabl</span> <span class='ocrx_word' id='word_1_65' title='bbox 1176 741 1253 797; x_wconf 90' lang='lat' dir='ltr'>Deus</span> <span class='ocrx_word' id='word_1_66' title='bbox 1279 742 1396 813; x_wconf 79' lang='lat' dir='ltr'>elegisse</span> <span class='ocrx_word' id='word_1_67' title='bbox 1414 743 1537 812; x_wconf 81' lang='grc' dir='ltr'><strong>(11001οι,</strong></span> <span class='ocrx_word' id='word_1_68' title='bbox 1563 744 1675 798; x_wconf 82' lang='lat' dir='ltr'><strong>Numer.</strong></span> <span class='ocrx_word' id='word_1_69' title='bbox 1704 748 1735 811; x_wconf 82' lang='grc'>3,</span> <span class='ocrx_word' id='word_1_70' title='bbox 1761 761 1789 798; x_wconf 89' lang='lat' dir='ltr'>v.</span> <span class='ocrx_word' id='word_1_71' title='bbox 1818 750 1856 799; x_wconf 91' lang='grc'>12,</span> <span class='ocrx_word' id='word_1_72' title='bbox 1879 751 1907 800; x_wconf 88' lang='grc'>01</span> 
     </span>
     <span class='ocr_line' id='line_1_7' title="bbox 209 816 1905 900; baseline 0.002 -19"><span class='ocrx_word' id='word_1_73' title='bbox 209 826 295 890; x_wconf 90' lang='lat' dir='ltr'>urbis,</span> <span class='ocrx_word' id='word_1_74' title='bbox 314 846 386 900; x_wconf 90' lang='lat' dir='ltr'>quae</span> <span class='ocrx_word' id='word_1_75' title='bbox 404 828 511 899; x_wconf 90' lang='lat' dir='ltr'>imperii</span> <span class='ocrx_word' id='word_1_76' title='bbox 530 828 610 885; x_wconf 88' lang='lat' dir='ltr'>sedes</span> <span class='ocrx_word' id='word_1_77' title='bbox 631 836 698 896; x_wconf 89' lang='lat' dir='ltr'>erat,</span> <span class='ocrx_word' id='word_1_78' title='bbox 717 828 914 896; x_wconf 73' lang='lat' dir='ltr'>celebritatem,</span> <span class='ocrx_word' id='word_1_79' title='bbox 934 816 1134 898; x_wconf 71' lang='grc' dir='ltr'><strong>100011ιοιο</strong></span> <span class='ocrx_word' id='word_1_80' title='bbox 1160 828 1345 882; x_wconf 77' lang='lat' dir='ltr'>sacerdotium</span> <span class='ocrx_word' id='word_1_81' title='bbox 1369 829 1538 894; x_wconf 80' lang='lat' dir='ltr'>Leviticum,</span> <span class='ocrx_word' id='word_1_82' title='bbox 1565 829 1682 898; x_wconf 87' lang='lat' dir='ltr'>epistola</span> <span class='ocrx_word' id='word_1_83' title='bbox 1706 830 1743 882; x_wconf 91' lang='lat' dir='ltr'>ad</span> <span class='ocrx_word' id='word_1_84' title='bbox 1761 829 1905 884; x_wconf 88' lang='lat' dir='ltr'>Hebraeos</span> 
     </span>
    </p>
   </div>
   <div class='ocr_carea' id='block_1_4' title="bbox 50 910 1951 5467">
    <p class='ocr_par' dir='ltr' id='par_1_4' title="bbox 50 910 1951 5467">
     <span class='ocr_line' id='line_1_8' title="bbox 210 910 1905 985; baseline 0.001 -19"><span class='ocrx_word' id='word_1_85' title='bbox 210 914 450 984; x_wconf 87' lang='lat' dir='ltr'>praedecessorum</span> <span class='ocrx_word' id='word_1_86' title='bbox 474 916 503 968; x_wconf 89' lang='grc'>10</span> <span class='ocrx_word' id='word_1_87' title='bbox 528 915 645 970; x_wconf 89' lang='lat' dir='ltr'>veritate</span> <span class='ocrx_word' id='word_1_88' title='bbox 664 914 849 970; x_wconf 80' lang='lat' dir='ltr'>constantiam</span> <span class='ocrx_word' id='word_1_89' title='bbox 868 910 1148 981; x_wconf 71' lang='grc'><strong>0100001110-110010,</strong></span> <span class='ocrx_word' id='word_1_90' title='bbox 1167 912 1204 966; x_wconf 90' lang='lat' dir='ltr'>sit</span> <span class='ocrx_word' id='word_1_91' title='bbox 1216 918 1301 984; x_wconf 91' lang='lat' dir='ltr'>typus</span> <span class='ocrx_word' id='word_1_92' title='bbox 1313 912 1425 980; x_wconf 77' lang='lat' dir='ltr'>Christi,</span> <span class='ocrx_word' id='word_1_93' title='bbox 1444 915 1507 970; x_wconf 89' lang='lat' dir='ltr'>ideo</span> <span class='ocrx_word' id='word_1_94' title='bbox 1522 932 1675 985; x_wconf 90' lang='lat' dir='ltr'>congruum</span> <span class='ocrx_word' id='word_1_95' title='bbox 1692 915 1812 983; x_wconf 88' lang='lat' dir='ltr'>veritati,</span> <span class='ocrx_word' id='word_1_96' title='bbox 1831 914 1905 985; x_wconf 90' lang='lat' dir='ltr'>quod</span> 
     </span>
     <span class='ocr_line' id='line_1_9' title="bbox 208 998 1905 1073; baseline 0 -19"><span class='ocrx_word' id='word_1_97' title='bbox 208 1007 280 1069; x_wconf 89' lang='lat' dir='ltr'>tem,</span> <span class='ocrx_word' id='word_1_98' title='bbox 305 1007 364 1055; x_wconf 88' lang='lat' dir='ltr'>turn</span> <span class='ocrx_word' id='word_1_99' title='bbox 389 1000 424 1056; x_wconf 96' lang='lat' dir='ltr'>ob</span> <span class='ocrx_word' id='word_1_100' title='bbox 444 1006 595 1072; x_wconf 89' lang='lat' dir='ltr'>martyrum</span> <span class='ocrx_word' id='word_1_101' title='bbox 612 1001 810 1073; x_wconf 80' lang='lat' dir='ltr'>frequentiam,</span> <span class='ocrx_word' id='word_1_102' title='bbox 835 1007 894 1055; x_wconf 89' lang='lat' dir='ltr'>turn</span> <span class='ocrx_word' id='word_1_103' title='bbox 914 999 951 1055; x_wconf 94' lang='lat' dir='ltr'>ob</span> <span class='ocrx_word' id='word_1_104' title='bbox 970 1016 1042 1053; x_wconf 92' lang='lat' dir='ltr'>com·</span> <span class='ocrx_word' id='word_1_105' title='bbox 1069 998 1246 1070; x_wconf 84' lang='lat' dir='ltr'>primogeniti</span> <span class='ocrx_word' id='word_1_106' title='bbox 1273 1007 1341 1055; x_wconf 88' lang='lat' dir='ltr'>ante</span> <span class='ocrx_word' id='word_1_107' title='bbox 1372 1007 1401 1055; x_wconf 92' lang='lat' dir='ltr'>et</span> <span class='ocrx_word' id='word_1_108' title='bbox 1428 1008 1492 1071; x_wconf 90' lang='lat' dir='ltr'>post</span> <span class='ocrx_word' id='word_1_109' title='bbox 1526 1001 1660 1056; x_wconf 90' lang='lat' dir='ltr'>diluvium</span> <span class='ocrx_word' id='word_1_110' title='bbox 1691 1002 1848 1056; x_wconf 87' lang='lat' dir='ltr'>sacerdotio</span> <span class='ocrx_word' id='word_1_111' title='bbox 1878 1001 1905 1054; x_wconf 90' lang='lat' dir='ltr'>in</span> 
     </span>
     <span class='ocr_line' id='line_1_10' title="bbox 211 1074 1905 1158; baseline 0.001 -19"><span class='ocrx_word' id='word_1_112' title='bbox 211 1103 320 1141; x_wconf 90' lang='lat' dir='ltr'>munem</span> <span class='ocrx_word' id='word_1_113' title='bbox 345 1085 420 1142; x_wconf 89' lang='lat' dir='ltr'>illam</span> <span class='ocrx_word' id='word_1_114' title='bbox 440 1093 563 1142; x_wconf 88' lang='lat' dir='ltr'>veterum</span> <span class='ocrx_word' id='word_1_115' title='bbox 580 1074 751 1157; x_wconf 85' lang='lat' dir='ltr'>opinionem,</span> <span class='ocrx_word' id='word_1_116' title='bbox 778 1087 853 1158; x_wconf 91' lang='lat' dir='ltr'>quod</span> <span class='ocrx_word' id='word_1_117' title='bbox 872 1102 890 1140; x_wconf 91' lang='lat' dir='ltr'>o</span> <span class='ocrx_word' id='word_1_118' title='bbox 907 1085 996 1139; x_wconf 92' lang='lat' dir='ltr'>Paulo</span> <span class='ocrx_word' id='word_1_119' title='bbox 1016 1090 1044 1138; x_wconf 92' lang='lat' dir='ltr'>et</span> <span class='ocrx_word' id='word_1_120' title='bbox 1070 1084 1195 1152; x_wconf 90' lang='lat' dir='ltr'>qualibet</span> <span class='ocrx_word' id='word_1_121' title='bbox 1216 1085 1322 1141; x_wconf 90' lang='lat' dir='ltr'>familia</span> <span class='ocrx_word' id='word_1_122' title='bbox 1345 1086 1494 1158; x_wconf 82' lang='lat' dir='ltr'>fungentes</span> <span class='ocrx_word' id='word_1_123' title='bbox 1520 1094 1621 1158; x_wconf 89' lang='lat' dir='ltr'>typum</span> <span class='ocrx_word' id='word_1_124' title='bbox 1643 1087 1781 1158; x_wconf 74' lang='lat' dir='ltr'>gesserint</span> <span class='ocrx_word' id='word_1_125' title='bbox 1803 1086 1905 1142; x_wconf 75' lang='lat' dir='ltr'>Christi</span> 
     </span>
     <span class='ocr_line' id='line_1_11' title="bbox 210 1170 1905 1243; baseline 0.001 -16"><span class='ocrx_word' id='word_1_126' title='bbox 210 1172 293 1227; x_wconf 90' lang='lat' dir='ltr'>Petro</span> <span class='ocrx_word' id='word_1_127' title='bbox 311 1172 429 1228; x_wconf 89' lang='lat' dir='ltr'>ecclesia</span> <span class='ocrx_word' id='word_1_128' title='bbox 446 1173 496 1228; x_wconf 90' lang='lat' dir='ltr'>illa</span> <span class='ocrx_word' id='word_1_129' title='bbox 514 1173 695 1243; x_wconf 86' lang='lat' dir='ltr'>sitplantata,</span> <span class='ocrx_word' id='word_1_130' title='bbox 715 1173 849 1243; x_wconf 77' lang='lat' dir='ltr'>primatus</span> <span class='ocrx_word' id='word_1_131' title='bbox 867 1172 971 1226; x_wconf 90' lang='lat' dir='ltr'>ordinis</span> <span class='ocrx_word' id='word_1_132' title='bbox 989 1170 1044 1225; x_wconf 89' lang='lat' dir='ltr'>fuit</span> <span class='ocrx_word' id='word_1_133' title='bbox 1070 1170 1145 1224; x_wconf 90' lang='lat' dir='ltr'>unici</span> <span class='ocrx_word' id='word_1_134' title='bbox 1164 1171 1238 1224; x_wconf 88' lang='lat' dir='ltr'>illius</span> <span class='ocrx_word' id='word_1_135' title='bbox 1257 1173 1285 1226; x_wconf 90' lang='lat' dir='ltr'>in</span> <span class='ocrx_word' id='word_1_136' title='bbox 1313 1191 1383 1228; x_wconf 90' lang='lat' dir='ltr'>novo</span> <span class='ocrx_word' id='word_1_137' title='bbox 1408 1181 1573 1229; x_wconf 86' lang='lat' dir='ltr'>testamento</span> <span class='ocrx_word' id='word_1_138' title='bbox 1598 1173 1758 1229; x_wconf 87' lang='lat' dir='ltr'>sacerdotis.</span> <span class='ocrx_word' id='word_1_139' title='bbox 1799 1173 1905 1228; x_wconf 89' lang='lat' dir='ltr'>Primo-</span> 
     </span>
     <span class='ocr_line' id='line_1_12' title="bbox 209 1256 1905 1331; baseline -0.001 -16"><span class='ocrx_word' id='word_1_140' title='bbox 209 1259 274 1315; x_wconf 92' lang='lat' dir='ltr'>olim</span> <span class='ocrx_word' id='word_1_141' title='bbox 290 1260 412 1329; x_wconf 85' lang='lat' dir='ltr'>delatus;</span> <span class='ocrx_word' id='word_1_142' title='bbox 430 1260 479 1314; x_wconf 88' lang='lat' dir='ltr'>sed</span> <span class='ocrx_word' id='word_1_143' title='bbox 500 1260 523 1313; x_wconf 92' lang='grc'>10</span> <span class='ocrx_word' id='word_1_144' title='bbox 536 1276 685 1331; x_wconf 90' lang='lat' dir='ltr'>progressu</span> <span class='ocrx_word' id='word_1_145' title='bbox 702 1259 836 1329; x_wconf 86' lang='lat' dir='ltr'>temporis</span> <span class='ocrx_word' id='word_1_146' title='bbox 855 1258 1043 1312; x_wconf 88' lang='lat' dir='ltr'>fuitmutatus</span> <span class='ocrx_word' id='word_1_147' title='bbox 1070 1256 1158 1326; x_wconf 86' lang='lat' dir='ltr'>geniti</span> <span class='ocrx_word' id='word_1_148' title='bbox 1182 1257 1224 1311; x_wconf 89' lang='lat' dir='ltr'>illi</span> <span class='ocrx_word' id='word_1_149' title='bbox 1243 1259 1379 1314; x_wconf 88' lang='lat' dir='ltr'>ecclesiae</span> <span class='ocrx_word' id='word_1_150' title='bbox 1402 1260 1593 1331; x_wconf 87' lang='lat' dir='ltr'>persingulas</span> <span class='ocrx_word' id='word_1_151' title='bbox 1618 1260 1738 1314; x_wconf 78' lang='lat' dir='ltr'>familias</span> <span class='ocrx_word' id='word_1_152' title='bbox 1757 1266 1818 1314; x_wconf 92' lang='lat' dir='ltr'>tum</span> <span class='ocrx_word' id='word_1_153' title='bbox 1836 1267 1905 1314; x_wconf 81' lang='lat' dir='ltr'>tam·</span> 
     </span>
     <span class='ocr_line' id='line_1_13' title="bbox 209 1342 1906 1417; baseline 0 -18"><span class='ocrx_word' id='word_1_154' title='bbox 209 1347 238 1399; x_wconf 91' lang='lat' dir='ltr'>in</span> <span class='ocrx_word' id='word_1_155' title='bbox 256 1346 441 1417; x_wconf 83' lang='lat' dir='ltr'>principatum</span> <span class='ocrx_word' id='word_1_156' title='bbox 460 1346 616 1415; x_wconf 89' lang='lat' dir='ltr'>potestatis,</span> <span class='ocrx_word' id='word_1_157' title='bbox 635 1346 749 1399; x_wconf 90' lang='lat' dir='ltr'>taudem</span> <span class='ocrx_word' id='word_1_158' title='bbox 761 1345 845 1415; x_wconf 89' lang='lat' dir='ltr'>plane</span> <span class='ocrx_word' id='word_1_159' title='bbox 865 1342 1044 1415; x_wconf 87' lang='lat' dir='ltr'>degeneravit</span> <span class='ocrx_word' id='word_1_160' title='bbox 1071 1343 1145 1412; x_wconf 90' lang='lat' dir='ltr'>poris</span> <span class='ocrx_word' id='word_1_161' title='bbox 1166 1343 1311 1400; x_wconf 83' lang='lat' dir='ltr'>distinctae</span> <span class='ocrx_word' id='word_1_162' title='bbox 1335 1345 1531 1400; x_wconf 87' lang='lat' dir='ltr'>sacrificiorum</span> <span class='ocrx_word' id='word_1_163' title='bbox 1558 1346 1697 1400; x_wconf 90' lang='lat' dir='ltr'>oblatione</span> <span class='ocrx_word' id='word_1_164' title='bbox 1715 1353 1744 1400; x_wconf 90' lang='lat' dir='ltr'>et</span> <span class='ocrx_word' id='word_1_165' title='bbox 1762 1346 1906 1401; x_wconf 89' lang='lat' dir='ltr'>doctrinae</span> 
     </span>
     <span class='ocr_line' id='line_1_14' title="bbox 212 1428 1905 1502; baseline 0.001 -19"><span class='ocrx_word' id='word_1_166' title='bbox 212 1431 239 1484; x_wconf 90' lang='lat' dir='ltr'>in</span> <span class='ocrx_word' id='word_1_167' title='bbox 259 1431 436 1502; x_wconf 84' lang='lat' dir='ltr'>tyrannidem</span> <span class='ocrx_word' id='word_1_168' title='bbox 454 1431 564 1501; x_wconf 90' lang='lat' dir='ltr'>quidvis</span> <span class='ocrx_word' id='word_1_169' title='bbox 583 1448 634 1501; x_wconf 90' lang='lat' dir='ltr'>pro</span> <span class='ocrx_word' id='word_1_170' title='bbox 646 1430 727 1486; x_wconf 85' lang='lat' dir='ltr'>libitu</span> <span class='ocrx_word' id='word_1_171' title='bbox 740 1436 895 1486; x_wconf 85' lang='lat' dir='ltr'>satuentem</span> <span class='ocrx_word' id='word_1_172' title='bbox 913 1437 941 1484; x_wconf 90' lang='lat' dir='ltr'>et</span> <span class='ocrx_word' id='word_1_173' title='bbox 960 1444 1043 1498; x_wconf 88' lang='lat' dir='ltr'>agen·</span> <span class='ocrx_word' id='word_1_174' title='bbox 1071 1428 1276 1498; x_wconf 86' lang='lat' dir='ltr'>praedicatione</span> <span class='ocrx_word' id='word_1_175' title='bbox 1314 1431 1464 1487; x_wconf 77' lang='lat' dir='ltr'>servientes</span> <span class='ocrx_word' id='word_1_176' title='bbox 1510 1431 1674 1486; x_wconf 86' lang='lat' dir='ltr'>dicebantur</span> <span class='ocrx_word' id='word_1_177' title='bbox 1708 1433 1905 1502; x_wconf 75' lang='lat' dir='ltr'>patriarchae,</span> 
     </span>
     <span class='ocr_line' id='line_1_15' title="bbox 210 1513 1905 1591; baseline 0.001 -19"><span class='ocrx_word' id='word_1_178' title='bbox 210 1525 273 1572; x_wconf 88' lang='lat' dir='ltr'>tem.</span> <span class='ocrx_word' id='word_1_179' title='bbox 292 1534 315 1574; x_wconf 92' lang='lat' dir='ltr'>c.</span> <span class='ocrx_word' id='word_1_180' title='bbox 343 1516 451 1571; x_wconf 86' lang='lat' dir='ltr'>Primae</span> <span class='ocrx_word' id='word_1_181' title='bbox 471 1517 544 1572; x_wconf 89' lang='lat' dir='ltr'>sedis</span> <span class='ocrx_word' id='word_1_182' title='bbox 564 1517 627 1572; x_wconf 85' lang='lat' dir='ltr'>dist.</span> <span class='ocrx_word' id='word_1_183' title='bbox 647 1523 689 1573; x_wconf 83' lang='lat'>99.</span> <span class='ocrx_word' id='word_1_184' title='bbox 713 1535 747 1572; x_wconf 82' lang='lat' dir='ltr'>ex</span> <span class='ocrx_word' id='word_1_185' title='bbox 772 1535 849 1573; x_wconf 87' lang='lat' dir='ltr'>conc.</span> <span class='ocrx_word' id='word_1_186' title='bbox 866 1515 998 1585; x_wconf 88' lang='lat' dir='ltr'>Carthag.</span> <span class='ocrx_word' id='word_1_187' title='bbox 1020 1518 1043 1568; x_wconf 87' lang='lat'>3.</span> <span class='ocrx_word' id='word_1_188' title='bbox 1071 1513 1165 1568; x_wconf 86' lang='lat' dir='ltr'>Actor.</span> <span class='ocrx_word' id='word_1_189' title='bbox 1184 1521 1207 1583; x_wconf 89' lang='grc'>1,</span> <span class='ocrx_word' id='word_1_190' title='bbox 1228 1533 1254 1572; x_wconf 90' lang='lat' dir='ltr'>v.</span> <span class='ocrx_word' id='word_1_191' title='bbox 1275 1522 1299 1572; x_wconf 87' lang='lat'>8.</span> <span class='ocrx_word' id='word_1_192' title='bbox 1328 1516 1414 1573; x_wconf 86' lang='lat' dir='ltr'>Hebr.</span> <span class='ocrx_word' id='word_1_193' title='bbox 1434 1524 1464 1584; x_wconf 97' lang='grc'>1,</span> <span class='ocrx_word' id='word_1_194' title='bbox 1490 1536 1516 1576; x_wconf 88' lang='lat' dir='ltr'>v.</span> <span class='ocrx_word' id='word_1_195' title='bbox 1535 1524 1559 1572; x_wconf 79' lang='grc'>1.</span> <span class='ocrx_word' id='word_1_196' title='bbox 1579 1518 1658 1588; x_wconf 90' lang='lat' dir='ltr'>quasi</span> <span class='ocrx_word' id='word_1_197' title='bbox 1679 1517 1754 1572; x_wconf 90' lang='lat' dir='ltr'>dicas</span> <span class='ocrx_word' id='word_1_198' title='bbox 1773 1516 1905 1591; x_wconf 77' lang='grc' dir='ltr'>ἄρχοντες</span> 
     </span>
     <span class='ocr_line' id='line_1_16' title="bbox 210 1602 1904 1675; baseline -0.001 -16"><span class='ocrx_word' id='word_1_199' title='bbox 210 1620 271 1660; x_wconf 90' lang='lat' dir='ltr'>can.</span> <span class='ocrx_word' id='word_1_200' title='bbox 299 1608 346 1660; x_wconf 83' lang='lat' dir='ltr'>to:</span> <span class='ocrx_word' id='word_1_201' title='bbox 370 1605 486 1658; x_wconf 80' lang='lat' dir='ltr'>Primae</span> <span class='ocrx_word' id='word_1_202' title='bbox 516 1605 592 1657; x_wconf 82' lang='lat' dir='ltr'>sodis</span> <span class='ocrx_word' id='word_1_203' title='bbox 609 1604 769 1672; x_wconf 66' lang='grc'><strong>’0011000000</strong></span> <span class='ocrx_word' id='word_1_204' title='bbox 800 1621 856 1657; x_wconf 83' lang='grc'>000</span> <span class='ocrx_word' id='word_1_205' title='bbox 885 1602 1045 1672; x_wconf 81' lang='lat' dir='ltr'>appelletur</span> <span class='ocrx_word' id='word_1_206' title='bbox 1071 1602 1207 1675; x_wconf 79' lang='grc' dir='ltr'>πατριῶν,</span> <span class='ocrx_word' id='word_1_207' title='bbox 1232 1602 1273 1656; x_wconf 88' lang='grc'>110</span> <span class='ocrx_word' id='word_1_208' title='bbox 1298 1602 1371 1657; x_wconf 90' lang='lat' dir='ltr'>enim</span> <span class='ocrx_word' id='word_1_209' title='bbox 1395 1610 1535 1672; x_wconf 88' lang='lat' dir='ltr'>exponunt</span> <span class='ocrx_word' id='word_1_210' title='bbox 1558 1602 1778 1672; x_wconf 88' lang='lat' dir='ltr'>patriarcharum</span> <span class='ocrx_word' id='word_1_211' title='bbox 1803 1619 1904 1658; x_wconf 88' lang='lat' dir='ltr'>nornen</span> 
     </span>
     <span class='ocr_line' id='line_1_17' title="bbox 208 1685 1903 1760; baseline 0.001 -17"><span class='ocrx_word' id='word_1_212' title='bbox 208 1692 342 1760; x_wconf 78' lang='lat' dir='ltr'>princeps</span> <span class='ocrx_word' id='word_1_213' title='bbox 361 1693 537 1744; x_wconf 73' lang='grc'><strong>0000000100</strong></span> <span class='ocrx_word' id='word_1_214' title='bbox 555 1691 600 1744; x_wconf 85' lang='grc'>001</span> <span class='ocrx_word' id='word_1_215' title='bbox 620 1707 742 1743; x_wconf 79' lang='lat' dir='ltr'>summas</span> <span class='ocrx_word' id='word_1_216' title='bbox 759 1691 900 1757; x_wconf 75' lang='grc'><strong>00000100,</strong></span> <span class='ocrx_word' id='word_1_217' title='bbox 921 1695 971 1741; x_wconf 81' lang='grc'>001</span> <span class='ocrx_word' id='word_1_218' title='bbox 989 1687 1043 1740; x_wconf 85' lang='lat' dir='ltr'>ali-</span> <span class='ocrx_word' id='word_1_219' title='bbox 1070 1685 1152 1740; x_wconf 88' lang='lat' dir='ltr'>LXX</span> <span class='ocrx_word' id='word_1_220' title='bbox 1172 1687 1335 1757; x_wconf 89' lang='lat' dir='ltr'>interpretes</span> <span class='ocrx_word' id='word_1_221' title='bbox 1357 1695 1378 1744; x_wconf 92' lang='grc'>1.</span> <span class='ocrx_word' id='word_1_222' title='bbox 1396 1687 1488 1744; x_wconf 82' lang='grc' dir='ltr'>ΡιιιΙ.</span> <span class='ocrx_word' id='word_1_223' title='bbox 1513 1696 1544 1755; x_wconf 80' lang='lat'>9,</span> <span class='ocrx_word' id='word_1_224' title='bbox 1567 1705 1593 1741; x_wconf 96' lang='lat' dir='ltr'>v.</span> <span class='ocrx_word' id='word_1_225' title='bbox 1611 1696 1635 1744; x_wconf 81' lang='lat' dir='ltr'>a.</span> <span class='ocrx_word' id='word_1_226' title='bbox 1661 1706 1694 1743; x_wconf 89' lang='lat' dir='ltr'>ac</span> <span class='ocrx_word' id='word_1_227' title='bbox 1711 1706 1775 1743; x_wconf 91' lang='lat' dir='ltr'>cum</span> <span class='ocrx_word' id='word_1_228' title='bbox 1792 1688 1903 1760; x_wconf 87' lang='lat' dir='ltr'>Moyses</span> 
     </span>
     <span class='ocr_line' id='line_1_18' title="bbox 211 1770 1904 1847; baseline 0.001 -17"><span class='ocrx_word' id='word_1_229' title='bbox 211 1778 282 1847; x_wconf 84' lang='lat' dir='ltr'>quid</span> <span class='ocrx_word' id='word_1_230' title='bbox 301 1776 877 1846; x_wconf 55' lang='grc' dir='ltr'><strong>1010000111,οι011001000000000010</strong></span> <span class='ocrx_word' id='word_1_231' title='bbox 889 1774 1043 1844; x_wconf 82' lang='lat' dir='ltr'>episcopus.</span> <span class='ocrx_word' id='word_1_232' title='bbox 1070 1770 1253 1828; x_wconf 79' lang='lat' dir='ltr'>Israeliticum</span> <span class='ocrx_word' id='word_1_233' title='bbox 1272 1775 1404 1843; x_wconf 89' lang='lat' dir='ltr'>populum</span> <span class='ocrx_word' id='word_1_234' title='bbox 1423 1783 1602 1841; x_wconf 80' lang='lat' dir='ltr'>convocaret,</span> <span class='ocrx_word' id='word_1_235' title='bbox 1617 1775 1745 1845; x_wconf 85' lang='lat' dir='ltr'>jamdum</span> <span class='ocrx_word' id='word_1_236' title='bbox 1764 1777 1792 1829; x_wconf 92' lang='lat' dir='ltr'>in</span> <span class='ocrx_word' id='word_1_237' title='bbox 1813 1784 1904 1831; x_wconf 82' lang='lat' dir='ltr'>certas</span> 
     </span>
     <span class='ocr_line' id='line_1_19' title="bbox 214 1860 1901 1932; baseline -0.001 -15"><span class='ocrx_word' id='word_1_238' title='bbox 214 1863 390 1918; x_wconf 80' lang='lat' dir='ltr'>Universois‘s</span> <span class='ocrx_word' id='word_1_239' title='bbox 419 1871 511 1915; x_wconf 81' lang='lat' dir='ltr'>autem</span> <span class='ocrx_word' id='word_1_240' title='bbox 542 1878 593 1915; x_wconf 84' lang='lat' dir='ltr'>acc</span> <span class='ocrx_word' id='word_1_241' title='bbox 622 1862 708 1916; x_wconf 82' lang='lat' dir='ltr'>otiam</span> <span class='ocrx_word' id='word_1_242' title='bbox 740 1864 886 1916; x_wconf 81' lang='lat' dir='ltr'>Romanas</span> <span class='ocrx_word' id='word_1_243' title='bbox 911 1860 1044 1928; x_wconf 68' lang='lat' dir='ltr'>pomifer</span> <span class='ocrx_word' id='word_1_244' title='bbox 1070 1860 1187 1929; x_wconf 78' lang='grc' dir='ltr'>πατριὰς</span> <span class='ocrx_word' id='word_1_245' title='bbox 1207 1861 1265 1915; x_wconf 87' lang='grc' dir='ltr'>01ιο</span> <span class='ocrx_word' id='word_1_246' title='bbox 1291 1860 1410 1915; x_wconf 85' lang='lat' dir='ltr'>familias</span> <span class='ocrx_word' id='word_1_247' title='bbox 1434 1867 1494 1916; x_wconf 88' lang='lat' dir='ltr'>erat</span> <span class='ocrx_word' id='word_1_248' title='bbox 1520 1861 1803 1932; x_wconf 86' lang='grc'><strong>(1101100100,001100</strong></span> <span class='ocrx_word' id='word_1_249' title='bbox 1823 1880 1901 1932; x_wconf 85' lang='lat' dir='ltr'>prae-</span> 
     </span>
     <span class='ocr_line' id='line_1_20' title="bbox 211 1944 1901 2022; baseline 0.001 -19"><span class='ocrx_word' id='word_1_250' title='bbox 211 1950 377 2019; x_wconf 70' lang='lat' dir='ltr'>appellatum</span> <span class='ocrx_word' id='word_1_251' title='bbox 1070 1952 1150 2000; x_wconf 90' lang='lat' dir='ltr'>erant</span> <span class='ocrx_word' id='word_1_252' title='bbox 1170 1944 1346 2016; x_wconf 81' lang='lat' dir='ltr'>primogeniti</span> <span class='ocrx_word' id='word_1_253' title='bbox 1369 1945 1500 2022; x_wconf 76' lang='grc' dir='ltr'>ἄρχοντες</span> <span class='ocrx_word' id='word_1_254' title='bbox 1524 1950 1649 2020; x_wconf 75' lang='grc' dir='ltr'>πατριῶν</span> <span class='ocrx_word' id='word_1_255' title='bbox 1667 1954 1816 2018; x_wconf 88' lang='lat' dir='ltr'>propterea</span> <span class='ocrx_word' id='word_1_256' title='bbox 1835 1949 1901 2004; x_wconf 87' lang='lat' dir='ltr'>dicti</span> 
     </span>
     <span class='ocr_line' id='line_1_21' title="bbox 83 2030 1902 2106; baseline -0.008 -2"><span class='ocrx_word' id='word_1_257' title='bbox 83 2061 170 2104; x_wconf 71' lang='lat' dir='ltr'>ursus.</span> <span class='ocrx_word' id='word_1_258' title='bbox 232 2040 306 2091; x_wconf 66' lang='grc'>4101,</span> <span class='ocrx_word' id='word_1_259' title='bbox 331 2035 376 2088; x_wconf 77' lang='lat' dir='ltr'>Ad</span> <span class='ocrx_word' id='word_1_260' title='bbox 387 2035 504 2089; x_wconf 82' lang='lat' dir='ltr'>alterum</span> <span class='ocrx_word' id='word_1_261' title='bbox 517 2034 717 2105; x_wconf 88' lang='lat' dir='ltr'>disquisitionis</span> <span class='ocrx_word' id='word_1_262' title='bbox 728 2034 870 2089; x_wconf 87' lang='lat' dir='ltr'>institutae</span> <span class='ocrx_word' id='word_1_263' title='bbox 883 2031 1043 2098; x_wconf 88' lang='lat' dir='ltr'>membrum,</span> <span class='ocrx_word' id='word_1_264' title='bbox 1069 2030 1158 2087; x_wconf 82' lang='lat' dir='ltr'>Exod.</span> <span class='ocrx_word' id='word_1_265' title='bbox 1177 2038 1202 2094; x_wconf 89' lang='lat'>6,</span> <span class='ocrx_word' id='word_1_266' title='bbox 1220 2050 1246 2086; x_wconf 89' lang='lat' dir='ltr'>r.</span> <span class='ocrx_word' id='word_1_267' title='bbox 1265 2041 1306 2090; x_wconf 83' lang='lat'>25.</span> <span class='ocrx_word' id='word_1_268' title='bbox 1342 2033 1457 2089; x_wconf 85' lang='lat' dir='ltr'>Praeter</span> <span class='ocrx_word' id='word_1_269' title='bbox 1475 2033 1537 2088; x_wconf 91' lang='lat' dir='ltr'>illos</span> <span class='ocrx_word' id='word_1_270' title='bbox 1555 2035 1689 2089; x_wconf 91' lang='lat' dir='ltr'>ecclesiae</span> <span class='ocrx_word' id='word_1_271' title='bbox 1709 2036 1902 2106; x_wconf 86' lang='lat' dir='ltr'>persingulas</span> 
     </span>
     <span class='ocr_line' id='line_1_22' title="bbox 50 2107 1902 2204; baseline 0.002 -30"><span class='ocrx_word' id='word_1_272' title='bbox 50 2107 53 2123; x_wconf 72' lang='lat'>&#39;</span> <span class='ocrx_word' id='word_1_273' title='bbox 82 2113 189 2204; x_wconf 39' lang='lat'>2:35⁰·</span> <span class='ocrx_word' id='word_1_274' title='bbox 212 2124 262 2193; x_wconf 82' lang='grc'>001</span> <span class='ocrx_word' id='word_1_275' title='bbox 283 2130 310 2175; x_wconf 87' lang='grc'>01</span> <span class='ocrx_word' id='word_1_276' title='bbox 338 2130 404 2194; x_wconf 84' lang='lat' dir='ltr'>quot</span> <span class='ocrx_word' id='word_1_277' title='bbox 434 2123 490 2174; x_wconf 83' lang='lat' dir='ltr'>siut</span> <span class='ocrx_word' id='word_1_278' title='bbox 515 2122 706 2175; x_wconf 78' lang='lat' dir='ltr'>ministrorum</span> <span class='ocrx_word' id='word_1_279' title='bbox 731 2121 847 2191; x_wconf 70' lang='grc'><strong>0000100,</strong></span> <span class='ocrx_word' id='word_1_280' title='bbox 874 2138 929 2175; x_wconf 90' lang='grc'>000</span> <span class='ocrx_word' id='word_1_281' title='bbox 954 2123 1046 2190; x_wconf 86' lang='lat' dir='ltr'>potest</span> <span class='ocrx_word' id='word_1_282' title='bbox 1068 2118 1189 2173; x_wconf 89' lang='lat' dir='ltr'>familias</span> <span class='ocrx_word' id='word_1_283' title='bbox 1202 2119 1505 2175; x_wconf 86' lang='lat' dir='ltr'>distributuedoctores</span> <span class='ocrx_word' id='word_1_284' title='bbox 1518 2120 1902 2192; x_wconf 87' lang='lat' dir='ltr'>ordinariosDeusquosdam</span> 
     </span>
     <span class='ocr_line' id='line_1_23' title="bbox 83 2205 1903 2278; baseline -0.001 -14"><span class='ocrx_word' id='word_1_285' title='bbox 83 2216 110 2256; x_wconf 83' lang='lat' dir='ltr'>V·</span> <span class='ocrx_word' id='word_1_286' title='bbox 124 2216 150 2256; x_wconf 73' lang='lat' dir='ltr'>T·</span> <span class='ocrx_word' id='word_1_287' title='bbox 211 2208 381 2265; x_wconf 88' lang='lat' dir='ltr'>commodius</span> <span class='ocrx_word' id='word_1_288' title='bbox 406 2208 579 2278; x_wconf 89' lang='lat' dir='ltr'>responderi,</span> <span class='ocrx_word' id='word_1_289' title='bbox 604 2224 687 2278; x_wconf 90' lang='lat' dir='ltr'>quam</span> <span class='ocrx_word' id='word_1_290' title='bbox 713 2208 737 2260; x_wconf 90' lang='lat' dir='ltr'>si</span> <span class='ocrx_word' id='word_1_291' title='bbox 762 2205 1044 2262; x_wconf 85' lang='grc'><strong>(110110010000100100</strong></span> <span class='ocrx_word' id='word_1_292' title='bbox 1070 2205 1284 2261; x_wconf 90' lang='lat' dir='ltr'>extraordinarie</span> <span class='ocrx_word' id='word_1_293' title='bbox 1316 2207 1461 2275; x_wconf 84' lang='lat' dir='ltr'>excitarit,</span> <span class='ocrx_word' id='word_1_294' title='bbox 1488 2207 1589 2278; x_wconf 90' lang='lat' dir='ltr'>quibus</span> <span class='ocrx_word' id='word_1_295' title='bbox 1625 2225 1675 2277; x_wconf 90' lang='lat' dir='ltr'>per</span> <span class='ocrx_word' id='word_1_296' title='bbox 1706 2209 1903 2278; x_wconf 85' lang='lat' dir='ltr'>apparitiones,</span> 
     </span>
     <span class='ocr_line' id='line_1_24' title="bbox 211 2291 1903 2367; baseline -0.002 -16"><span class='ocrx_word' id='word_1_297' title='bbox 211 2302 336 2367; x_wconf 88' lang='lat' dir='ltr'>tempora</span> <span class='ocrx_word' id='word_1_298' title='bbox 353 2295 541 2365; x_wconf 86' lang='lat' dir='ltr'>respiciamus.</span> <span class='ocrx_word' id='word_1_299' title='bbox 579 2294 817 2360; x_wconf 83' lang='lat' dir='ltr'>Quemadmodum</span> <span class='ocrx_word' id='word_1_300' title='bbox 836 2291 908 2347; x_wconf 93' lang='lat' dir='ltr'>enim</span> <span class='ocrx_word' id='word_1_301' title='bbox 928 2291 1043 2346; x_wconf 88' lang='lat' dir='ltr'>ecclesia</span> <span class='ocrx_word' id='word_1_302' title='bbox 1069 2291 1195 2355; x_wconf 82' lang='lat' dir='ltr'>visiones,</span> <span class='ocrx_word' id='word_1_303' title='bbox 1215 2293 1330 2356; x_wconf 88' lang='lat' dir='ltr'>somnia,</span> <span class='ocrx_word' id='word_1_304' title='bbox 1348 2293 1490 2364; x_wconf 85' lang='lat' dir='ltr'>angelicas</span> <span class='ocrx_word' id='word_1_305' title='bbox 1509 2291 1642 2354; x_wconf 72' lang='grc' dir='ltr'><strong><em>ὀπτασίας</em></strong></span> <span class='ocrx_word' id='word_1_306' title='bbox 1656 2300 1709 2349; x_wconf 91' lang='lat' dir='ltr'>etc.</span> <span class='ocrx_word' id='word_1_307' title='bbox 1725 2311 1785 2350; x_wconf 88' lang='lat' dir='ltr'>sese</span> <span class='ocrx_word' id='word_1_308' title='bbox 1802 2295 1903 2349; x_wconf 85' lang='lat' dir='ltr'>clarius</span> 
     </span>
     <span class='ocr_line' id='line_1_25' title="bbox 209 2377 1902 2453; baseline -0.001 -17"><span class='ocrx_word' id='word_1_309' title='bbox 209 2381 390 2453; x_wconf 68' lang='lat' dir='ltr'>distinguitur</span> <span class='ocrx_word' id='word_1_310' title='bbox 409 2382 437 2435; x_wconf 92' lang='lat' dir='ltr'>in</span> <span class='ocrx_word' id='word_1_311' title='bbox 461 2382 607 2435; x_wconf 80' lang='grc'><strong>0001001001</strong></span> <span class='ocrx_word' id='word_1_312' title='bbox 628 2382 772 2433; x_wconf 76' lang='grc'><strong>000100</strong></span> <span class='ocrx_word' id='word_1_313' title='bbox 794 2380 861 2433; x_wconf 81' lang='lat' dir='ltr'>aori</span> <span class='ocrx_word' id='word_1_314' title='bbox 877 2379 1042 2442; x_wconf 72' lang='lat' dir='ltr'>testamenti,</span> <span class='ocrx_word' id='word_1_315' title='bbox 1068 2377 1216 2448; x_wconf 83' lang='lat' dir='ltr'>patefecit,</span> <span class='ocrx_word' id='word_1_316' title='bbox 1243 2379 1342 2448; x_wconf 87' lang='lat' dir='ltr'>spiritu</span> <span class='ocrx_word' id='word_1_317' title='bbox 1373 2380 1534 2451; x_wconf 89' lang='lat' dir='ltr'>prophetico</span> <span class='ocrx_word' id='word_1_318' title='bbox 1562 2380 1624 2434; x_wconf 90' lang='lat' dir='ltr'>illos</span> <span class='ocrx_word' id='word_1_319' title='bbox 1656 2380 1793 2451; x_wconf 88' lang='lat' dir='ltr'>implevit,</span> <span class='ocrx_word' id='word_1_320' title='bbox 1823 2382 1902 2437; x_wconf 93' lang='lat' dir='ltr'>donis</span> 
     </span>
     <span class='ocr_line' id='line_1_26' title="bbox 209 2464 1901 2540; baseline -0.002 -16"><span class='ocrx_word' id='word_1_321' title='bbox 209 2471 248 2524; x_wconf 86' lang='grc'>110</span> <span class='ocrx_word' id='word_1_322' title='bbox 266 2485 378 2540; x_wconf 88' lang='grc'><strong>000000</strong></span> <span class='ocrx_word' id='word_1_323' title='bbox 395 2467 533 2521; x_wconf 89' lang='lat' dir='ltr'>ministros</span> <span class='ocrx_word' id='word_1_324' title='bbox 558 2467 690 2521; x_wconf 90' lang='lat' dir='ltr'>ecclesiae</span> <span class='ocrx_word' id='word_1_325' title='bbox 710 2465 876 2520; x_wconf 85' lang='lat' dir='ltr'>distribuere</span> <span class='ocrx_word' id='word_1_326' title='bbox 896 2480 1042 2534; x_wconf 88' lang='lat' dir='ltr'>possumus</span> <span class='ocrx_word' id='word_1_327' title='bbox 1068 2464 1253 2534; x_wconf 80' lang='lat' dir='ltr'>peculiaribus</span> <span class='ocrx_word' id='word_1_328' title='bbox 1273 2466 1423 2530; x_wconf 87' lang='lat' dir='ltr'>exornavit,</span> <span class='ocrx_word' id='word_1_329' title='bbox 1443 2467 1614 2536; x_wconf 89' lang='lat' dir='ltr'>corruptelas</span> <span class='ocrx_word' id='word_1_330' title='bbox 1633 2467 1776 2521; x_wconf 84' lang='grc' dir='ltr'><strong>(1001ιί000</strong></span> <span class='ocrx_word' id='word_1_331' title='bbox 1792 2466 1901 2523; x_wconf 90' lang='lat' dir='ltr'>illorum</span> 
     </span>
     <span class='ocr_line' id='line_1_27' title="bbox 209 2550 1901 2625; baseline -0.001 -16"><span class='ocrx_word' id='word_1_332' title='bbox 209 2557 313 2611; x_wconf 87' lang='lat' dir='ltr'>ratione</span> <span class='ocrx_word' id='word_1_333' title='bbox 344 2571 390 2622; x_wconf 89' lang='lat' dir='ltr'>ea,</span> <span class='ocrx_word' id='word_1_334' title='bbox 417 2559 450 2608; x_wconf 89' lang='lat' dir='ltr'>ut</span> <span class='ocrx_word' id='word_1_335' title='bbox 474 2554 522 2608; x_wconf 91' lang='lat' dir='ltr'>alii</span> <span class='ocrx_word' id='word_1_336' title='bbox 546 2554 673 2608; x_wconf 87' lang='lat' dir='ltr'>dicantur</span> <span class='ocrx_word' id='word_1_337' title='bbox 698 2553 820 2606; x_wconf 81' lang='lat' dir='ltr'>mia&#39;utri</span> <span class='ocrx_word' id='word_1_338' title='bbox 843 2552 958 2617; x_wconf 76' lang='lat' dir='ltr'>ameris,</span> <span class='ocrx_word' id='word_1_339' title='bbox 989 2550 1045 2603; x_wconf 82' lang='lat' dir='ltr'>alii</span> <span class='ocrx_word' id='word_1_340' title='bbox 1068 2551 1219 2606; x_wconf 90' lang='lat' dir='ltr'>ministerio</span> <span class='ocrx_word' id='word_1_341' title='bbox 1241 2553 1402 2623; x_wconf 83' lang='lat' dir='ltr'>repurgavit</span> <span class='ocrx_word' id='word_1_342' title='bbox 1427 2559 1454 2607; x_wconf 91' lang='lat' dir='ltr'>et</span> <span class='ocrx_word' id='word_1_343' title='bbox 1479 2569 1546 2622; x_wconf 87' lang='lat' dir='ltr'>prae</span> <span class='ocrx_word' id='word_1_344' title='bbox 1572 2552 1686 2624; x_wconf 89' lang='lat' dir='ltr'>reliquis</span> <span class='ocrx_word' id='word_1_345' title='bbox 1703 2553 1741 2606; x_wconf 90' lang='lat' dir='ltr'>ad</span> <span class='ocrx_word' id='word_1_346' title='bbox 1758 2555 1901 2625; x_wconf 73' lang='lat' dir='ltr'>fastigium</span> 
     </span>
     <span class='ocr_line' id='line_1_28' title="bbox 207 2637 1901 2704; baseline -0.001 -9"><span class='ocrx_word' id='word_1_347' title='bbox 207 2644 274 2695; x_wconf 83' lang='lat' dir='ltr'>acui</span> <span class='ocrx_word' id='word_1_348' title='bbox 305 2641 474 2704; x_wconf 73' lang='lat' dir='ltr'>testamenti,</span> <span class='ocrx_word' id='word_1_349' title='bbox 510 2646 533 2695; x_wconf 94' lang='grc'>2.</span> <span class='ocrx_word' id='word_1_350' title='bbox 565 2639 628 2695; x_wconf 92' lang='lat' dir='ltr'>Cor.</span> <span class='ocrx_word' id='word_1_351' title='bbox 663 2645 694 2703; x_wconf 86' lang='grc'>3,</span> <span class='ocrx_word' id='word_1_352' title='bbox 725 2656 752 2694; x_wconf 87' lang='grc' dir='ltr'>ι,</span> <span class='ocrx_word' id='word_1_353' title='bbox 778 2645 802 2694; x_wconf 93' lang='lat'>6.</span> <span class='ocrx_word' id='word_1_354' title='bbox 833 2637 933 2693; x_wconf 85' lang='lat' dir='ltr'>veteris</span> <span class='ocrx_word' id='word_1_355' title='bbox 959 2643 1042 2691; x_wconf 90' lang='lat' dir='ltr'>testa·</span> <span class='ocrx_word' id='word_1_356' title='bbox 1068 2637 1265 2693; x_wconf 89' lang='lat' dir='ltr'>auctoritatis&#39;</span> <span class='ocrx_word' id='word_1_357' title='bbox 1258 2656 1287 2691; x_wconf 83' lang='lat' dir='ltr'>sn</span> <span class='ocrx_word' id='word_1_358' title='bbox 1304 2638 1421 2693; x_wconf 90' lang='grc'><strong>00010010</strong></span> <span class='ocrx_word' id='word_1_359' title='bbox 1440 2638 1546 2693; x_wconf 88' lang='lat' dir='ltr'>extulit.</span> <span class='ocrx_word' id='word_1_360' title='bbox 1578 2638 1661 2692; x_wconf 90' lang='lat' dir='ltr'>Tales</span> <span class='ocrx_word' id='word_1_361' title='bbox 1681 2639 1816 2695; x_wconf 87' lang='lat' dir='ltr'>acclesiae</span> <span class='ocrx_word' id='word_1_362' title='bbox 1834 2650 1901 2695; x_wconf 89' lang='lat' dir='ltr'>aute</span> 
     </span>
     <span class='ocr_line' id='line_1_29' title="bbox 209 2679 1900 2796; baseline -0.004 -13"><span class='ocrx_word' id='word_1_363' title='bbox 209 2728 294 2784; x_wconf 90' lang='lat' dir='ltr'>menti</span> <span class='ocrx_word' id='word_1_364' title='bbox 314 2727 432 2782; x_wconf 89' lang='lat' dir='ltr'>ministri</span> <span class='ocrx_word' id='word_1_365' title='bbox 457 2679 598 2781; x_wconf 76' lang='lat' dir='ltr'>subdividi</span> <span class='ocrx_word' id='word_1_366' title='bbox 623 2732 741 2796; x_wconf 91' lang='lat' dir='ltr'>possunt</span> <span class='ocrx_word' id='word_1_367' title='bbox 764 2726 794 2779; x_wconf 91' lang='lat' dir='ltr'>in</span> <span class='ocrx_word' id='word_1_368' title='bbox 820 2741 881 2793; x_wconf 87' lang='lat' dir='ltr'>eos,</span> <span class='ocrx_word' id='word_1_369' title='bbox 907 2723 956 2794; x_wconf 92' lang='lat' dir='ltr'>qui</span> <span class='ocrx_word' id='word_1_370' title='bbox 975 2730 1040 2775; x_wconf 85' lang='lat' dir='ltr'>uate</span> <span class='ocrx_word' id='word_1_371' title='bbox 1068 2723 1183 2793; x_wconf 89' lang='lat' dir='ltr'>Moysen</span> <span class='ocrx_word' id='word_1_372' title='bbox 1201 2723 1333 2778; x_wconf 87' lang='lat' dir='ltr'>collectae</span> <span class='ocrx_word' id='word_1_373' title='bbox 1346 2723 1472 2778; x_wconf 89' lang='lat' dir='ltr'>doctores</span> <span class='ocrx_word' id='word_1_374' title='bbox 1485 2724 1900 2791; x_wconf 77' lang='lat' dir='ltr'>extraordinariifuererldam,</span> 
     </span>
     <span class='ocr_line' id='line_1_30' title="bbox 209 2807 1899 2883; baseline -0.002 -14"><span class='ocrx_word' id='word_1_375' title='bbox 209 2817 330 2883; x_wconf 74' lang='lat' dir='ltr'>Moyseo</span> <span class='ocrx_word' id='word_1_376' title='bbox 362 2820 391 2869; x_wconf 86' lang='lat' dir='ltr'>at</span> <span class='ocrx_word' id='word_1_377' title='bbox 424 2814 565 2868; x_wconf 89' lang='lat' dir='ltr'>solennem</span> <span class='ocrx_word' id='word_1_378' title='bbox 594 2812 665 2883; x_wconf 90' lang='lat' dir='ltr'>legis</span> <span class='ocrx_word' id='word_1_379' title='bbox 691 2812 883 2881; x_wconf 88' lang='lat' dir='ltr'>repetitionem</span> <span class='ocrx_word' id='word_1_380' title='bbox 908 2807 1040 2865; x_wconf 87' lang='lat' dir='ltr'>ecclesiae</span> <span class='ocrx_word' id='word_1_381' title='bbox 1069 2811 1148 2872; x_wconf 79' lang='lat' dir='ltr'>sua,</span> <span class='ocrx_word' id='word_1_382' title='bbox 1173 2812 1265 2877; x_wconf 71' lang='lat' dir='ltr'>Error,</span> <span class='ocrx_word' id='word_1_383' title='bbox 1285 2811 1399 2877; x_wconf 78' lang='grc' dir='ltr'>Ειιοιι,</span> <span class='ocrx_word' id='word_1_384' title='bbox 1415 2812 1512 2874; x_wconf 78' lang='lat' dir='ltr'>Noai,</span> <span class='ocrx_word' id='word_1_385' title='bbox 1532 2811 1607 2875; x_wconf 81' lang='lat' dir='ltr'>Sem,</span> <span class='ocrx_word' id='word_1_386' title='bbox 1626 2812 1786 2877; x_wconf 79' lang='lat' dir='ltr'>Atratum,</span> <span class='ocrx_word' id='word_1_387' title='bbox 1804 2814 1899 2880; x_wconf 86' lang='lat' dir='ltr'>Isaac,</span> 
     </span>
     <span class='ocr_line' id='line_1_31' title="bbox 208 2895 1899 2972; baseline -0.002 -16"><span class='ocrx_word' id='word_1_388' title='bbox 208 2901 400 2972; x_wconf 83' lang='lat' dir='ltr'>praefuerunt,</span> <span class='ocrx_word' id='word_1_389' title='bbox 426 2905 537 2964; x_wconf 83' lang='lat' dir='ltr'>steca,</span> <span class='ocrx_word' id='word_1_390' title='bbox 560 2898 608 2968; x_wconf 90' lang='lat' dir='ltr'>qui</span> <span class='ocrx_word' id='word_1_391' title='bbox 622 2905 690 2966; x_wconf 82' lang='lat' dir='ltr'>post</span> <span class='ocrx_word' id='word_1_392' title='bbox 708 2897 842 2964; x_wconf 77' lang='lat' dir='ltr'>Moyseo,</span> <span class='ocrx_word' id='word_1_393' title='bbox 868 2896 958 2949; x_wconf 90' lang='lat' dir='ltr'>idest</span> <span class='ocrx_word' id='word_1_394' title='bbox 978 2900 1041 2964; x_wconf 89' lang='lat' dir='ltr'>post</span> <span class='ocrx_word' id='word_1_395' title='bbox 1066 2896 1175 2965; x_wconf 83' lang='lat' dir='ltr'>Jacob,</span> <span class='ocrx_word' id='word_1_396' title='bbox 1205 2897 1332 2964; x_wconf 70' lang='lat' dir='ltr'>mapa,-</span> <span class='ocrx_word' id='word_1_397' title='bbox 1364 2895 1466 2966; x_wconf 89' lang='lat' dir='ltr'>quibus</span> <span class='ocrx_word' id='word_1_398' title='bbox 1493 2913 1543 2965; x_wconf 94' lang='lat' dir='ltr'>per</span> <span class='ocrx_word' id='word_1_399' title='bbox 1568 2897 1755 2966; x_wconf 87' lang='lat' dir='ltr'>apparitiones</span> <span class='ocrx_word' id='word_1_400' title='bbox 1790 2898 1899 2955; x_wconf 80' lang='lat' dir='ltr'>divinas</span> 
     </span>
     <span class='ocr_line' id='line_1_32' title="bbox 208 2981 1900 3057; baseline 0 -17"><span class='ocrx_word' id='word_1_401' title='bbox 208 2988 277 3057; x_wconf 87' lang='lat' dir='ltr'>legis</span> <span class='ocrx_word' id='word_1_402' title='bbox 298 2986 487 3057; x_wconf 80' lang='lat' dir='ltr'>repetitionem</span> <span class='ocrx_word' id='word_1_403' title='bbox 508 2991 537 3039; x_wconf 91' lang='lat' dir='ltr'>et</span> <span class='ocrx_word' id='word_1_404' title='bbox 564 2985 721 3039; x_wconf 88' lang='lat' dir='ltr'>institutum</span> <span class='ocrx_word' id='word_1_405' title='bbox 746 2983 851 3038; x_wconf 91' lang='lat' dir='ltr'>cultum</span> <span class='ocrx_word' id='word_1_406' title='bbox 874 2981 1039 3048; x_wconf 89' lang='lat' dir='ltr'>Leviticum,</span> <span class='ocrx_word' id='word_1_407' title='bbox 1065 2981 1165 3037; x_wconf 87' lang='lat' dir='ltr'>clarior</span> <span class='ocrx_word' id='word_1_408' title='bbox 1189 2981 1238 3037; x_wconf 87' lang='lat' dir='ltr'>lux</span> <span class='ocrx_word' id='word_1_409' title='bbox 1261 2981 1389 3036; x_wconf 90' lang='lat' dir='ltr'>coelestis</span> <span class='ocrx_word' id='word_1_410' title='bbox 1414 2981 1556 3037; x_wconf 89' lang='lat' dir='ltr'>doctrinae</span> <span class='ocrx_word' id='word_1_411' title='bbox 1575 2983 1702 3053; x_wconf 90' lang='lat' dir='ltr'>contigit,</span> <span class='ocrx_word' id='word_1_412' title='bbox 1724 2985 1798 3038; x_wconf 89' lang='lat' dir='ltr'>unde</span> <span class='ocrx_word' id='word_1_413' title='bbox 1816 2984 1900 3040; x_wconf 84' lang='lat' dir='ltr'>etiam</span> 
     </span>
     <span class='ocr_line' id='line_1_33' title="bbox 208 3068 1900 3140; baseline -0.001 -13"><span class='ocrx_word' id='word_1_414' title='bbox 208 3075 293 3128; x_wconf 89' lang='lat' dir='ltr'>sacris</span> <span class='ocrx_word' id='word_1_415' title='bbox 312 3071 471 3125; x_wconf 89' lang='lat' dir='ltr'>ministeriis</span> <span class='ocrx_word' id='word_1_416' title='bbox 492 3069 570 3124; x_wconf 89' lang='lat' dir='ltr'>fuere</span> <span class='ocrx_word' id='word_1_417' title='bbox 597 3069 706 3122; x_wconf 91' lang='lat' dir='ltr'>initiati.</span> <span class='ocrx_word' id='word_1_418' title='bbox 743 3068 786 3122; x_wconf 94' lang='lat' dir='ltr'>llli</span> <span class='ocrx_word' id='word_1_419' title='bbox 805 3069 834 3122; x_wconf 92' lang='lat' dir='ltr'>in</span> <span class='ocrx_word' id='word_1_420' title='bbox 851 3069 922 3123; x_wconf 89' lang='lat' dir='ltr'>duas</span> <span class='ocrx_word' id='word_1_421' title='bbox 939 3069 1039 3123; x_wconf 89' lang='lat' dir='ltr'>iterum</span> <span class='ocrx_word' id='word_1_422' title='bbox 1066 3070 1121 3125; x_wconf 75' lang='grc' dir='ltr'>κατ’</span> <span class='ocrx_word' id='word_1_423' title='bbox 1143 3071 1241 3140; x_wconf 71' lang='grc' dir='ltr'><strong><em>ἐξοχὴν</em></strong></span> <span class='ocrx_word' id='word_1_424' title='bbox 1258 3070 1440 3139; x_wconf 79' lang='lat' dir='ltr'>patriarchae</span> <span class='ocrx_word' id='word_1_425' title='bbox 1460 3070 1651 3139; x_wconf 80' lang='lat' dir='ltr'>atproplietoe</span> <span class='ocrx_word' id='word_1_426' title='bbox 1663 3070 1799 3125; x_wconf 85' lang='grc' dir='ltr'><strong>(110001οι.</strong></span> <span class='ocrx_word' id='word_1_427' title='bbox 1826 3071 1900 3127; x_wconf 89' lang='lat' dir='ltr'>Vide</span> 
     </span>
     <span class='ocr_line' id='line_1_34' title="bbox 209 3154 1512 3229; baseline -0.001 -17"><span class='ocrx_word' id='word_1_428' title='bbox 209 3159 328 3229; x_wconf 89' lang='lat' dir='ltr'>dispesci</span> <span class='ocrx_word' id='word_1_429' title='bbox 348 3162 464 3227; x_wconf 92' lang='lat' dir='ltr'>possunt</span> <span class='ocrx_word' id='word_1_430' title='bbox 482 3156 594 3220; x_wconf 87' lang='lat' dir='ltr'>classes,</span> <span class='ocrx_word' id='word_1_431' title='bbox 611 3155 725 3225; x_wconf 91' lang='lat' dir='ltr'>quidam</span> <span class='ocrx_word' id='word_1_432' title='bbox 743 3163 823 3223; x_wconf 84' lang='grc'><strong>0010,</strong></span> <span class='ocrx_word' id='word_1_433' title='bbox 842 3155 955 3226; x_wconf 90' lang='lat' dir='ltr'>quidam</span> <span class='ocrx_word' id='word_1_434' title='bbox 974 3171 1039 3209; x_wconf 84' lang='lat' dir='ltr'>vero</span> <span class='ocrx_word' id='word_1_435' title='bbox 1065 3158 1146 3227; x_wconf 88' lang='lat' dir='ltr'>plura</span> <span class='ocrx_word' id='word_1_436' title='bbox 1165 3157 1201 3211; x_wconf 91' lang='lat' dir='ltr'>de</span> <span class='ocrx_word' id='word_1_437' title='bbox 1218 3156 1261 3210; x_wconf 91' lang='lat' dir='ltr'>his</span> <span class='ocrx_word' id='word_1_438' title='bbox 1281 3172 1406 3224; x_wconf 85' lang='grc'><strong>0000000</strong></span> <span class='ocrx_word' id='word_1_439' title='bbox 1424 3154 1451 3227; x_wconf 92' lang='lat'>5</span> <span class='ocrx_word' id='word_1_440' title='bbox 1472 3161 1512 3211; x_wconf 85' lang='grc'>39</span> 
     </span>
     <span class='ocr_line' id='line_1_35' title="bbox 205 3240 1951 3316; baseline -0.001 -18"><span class='ocrx_word' id='word_1_441' title='bbox 205 3253 272 3316; x_wconf 83' lang='lat' dir='ltr'>post</span> <span class='ocrx_word' id='word_1_442' title='bbox 294 3243 432 3298; x_wconf 73' lang='lat' dir='ltr'>ariusium</span> <span class='ocrx_word' id='word_1_443' title='bbox 460 3242 622 3297; x_wconf 86' lang='lat' dir='ltr'>docuerunt.</span> <span class='ocrx_word' id='word_1_444' title='bbox 670 3240 788 3313; x_wconf 85' lang='lat' dir='ltr'>Utrique</span> <span class='ocrx_word' id='word_1_445' title='bbox 813 3248 870 3295; x_wconf 88' lang='lat' dir='ltr'>tarn</span> <span class='ocrx_word' id='word_1_446' title='bbox 895 3242 930 3296; x_wconf 90' lang='lat' dir='ltr'>V.</span> <span class='ocrx_word' id='word_1_447' title='bbox 956 3258 1039 3312; x_wconf 91' lang='lat' dir='ltr'>quam</span> <span class='ocrx_word' id='word_1_448' title='bbox 1101 3250 1159 3298; x_wconf 81' lang='grc'><strong>219,</strong></span> <span class='ocrx_word' id='word_1_449' title='bbox 1185 3242 1752 3311; x_wconf 76' lang='grc' dir='ltr'><strong>Ρο01001000001000000000100100000</strong></span> <span class='ocrx_word' id='word_1_450' title='bbox 1766 3241 1951 3296; x_wconf 62' lang='grc'>1001111110101</span> 
     </span>
     <span class='ocr_line' id='line_1_36' title="bbox 89 3304 1951 3399; baseline -0.002 -14"><span class='ocrx_word' id='word_1_451' title='bbox 89 3336 111 3390; x_wconf 88' lang='lat'>&#39;.</span> <span class='ocrx_word' id='word_1_452' title='bbox 138 3350 141 3355; x_wconf 94' lang='lat'>·</span> <span class='ocrx_word' id='word_1_453' title='bbox 208 3330 242 3389; x_wconf 85' lang='lat' dir='ltr'>N.</span> <span class='ocrx_word' id='word_1_454' title='bbox 258 3330 292 3386; x_wconf 92' lang='lat' dir='ltr'>T</span> <span class='ocrx_word' id='word_1_455' title='bbox 302 3329 419 3383; x_wconf 87' lang='lat' dir='ltr'>ministri</span> <span class='ocrx_word' id='word_1_456' title='bbox 428 3328 543 3383; x_wconf 87' lang='lat' dir='ltr'>ulterius</span> <span class='ocrx_word' id='word_1_457' title='bbox 556 3328 690 3399; x_wconf 88' lang='lat' dir='ltr'>distingui</span> <span class='ocrx_word' id='word_1_458' title='bbox 705 3327 840 3397; x_wconf 88' lang='grc' dir='ltr'>0000001Ι</span> <span class='ocrx_word' id='word_1_459' title='bbox 833 3345 862 3380; x_wconf 85' lang='lat' dir='ltr'>ru</span> <span class='ocrx_word' id='word_1_460' title='bbox 877 3327 1039 3380; x_wconf 81' lang='lat' dir='ltr'>ordinarios</span> <span class='ocrx_word' id='word_1_461' title='bbox 1067 3348 1100 3385; x_wconf 78' lang='lat' dir='ltr'>ax</span> <span class='ocrx_word' id='word_1_462' title='bbox 1118 3329 1297 3399; x_wconf 83' lang='lat' dir='ltr'>Aegyptiace</span> <span class='ocrx_word' id='word_1_463' title='bbox 1314 3327 1448 3382; x_wconf 89' lang='lat' dir='ltr'>servitute</span> <span class='ocrx_word' id='word_1_464' title='bbox 1465 3327 1600 3382; x_wconf 89' lang='lat' dir='ltr'>eductis&#39;</span> <span class='ocrx_word' id='word_1_465' title='bbox 1593 3346 1622 3382; x_wconf 89' lang='lat' dir='ltr'>m</span> <span class='ocrx_word' id='word_1_466' title='bbox 1639 3335 1733 3383; x_wconf 86' lang='lat' dir='ltr'>monte</span> <span class='ocrx_word' id='word_1_467' title='bbox 1753 3327 1830 3384; x_wconf 84' lang='lat' dir='ltr'>Sinai</span> <span class='ocrx_word' id='word_1_468' title='bbox 1848 3345 1900 3399; x_wconf 87' lang='lat' dir='ltr'>per</span> <span class='ocrx_word' id='word_1_469' title='bbox 1912 3304 1951 3394; x_wconf 62' lang='lat' dir='ltr'>{a</span> 
     </span>
     <span class='ocr_line' id='line_1_37' title="bbox 208 3412 1900 3486; baseline -0.001 -16"><span class='ocrx_word' id='word_1_470' title='bbox 208 3419 265 3471; x_wconf 89' lang='lat' dir='ltr'>sive</span> <span class='ocrx_word' id='word_1_471' title='bbox 284 3423 445 3486; x_wconf 87' lang='lat' dir='ltr'>perpetuos,</span> <span class='ocrx_word' id='word_1_472' title='bbox 463 3421 492 3469; x_wconf 89' lang='lat' dir='ltr'>et</span> <span class='ocrx_word' id='word_1_473' title='bbox 510 3416 755 3469; x_wconf 71' lang='lat' dir='ltr'>extraordinarios</span> <span class='ocrx_word' id='word_1_474' title='bbox 776 3414 833 3468; x_wconf 88' lang='lat' dir='ltr'>sive</span> <span class='ocrx_word' id='word_1_475' title='bbox 852 3413 1039 3482; x_wconf 85' lang='lat' dir='ltr'>temporarios.</span> <span class='ocrx_word' id='word_1_476' title='bbox 1066 3415 1182 3484; x_wconf 91' lang='lat' dir='ltr'>Moysen</span> <span class='ocrx_word' id='word_1_477' title='bbox 1206 3413 1338 3468; x_wconf 89' lang='lat' dir='ltr'>divinitus</span> <span class='ocrx_word' id='word_1_478' title='bbox 1364 3412 1483 3478; x_wconf 86' lang='lat' dir='ltr'>factam,</span> <span class='ocrx_word' id='word_1_479' title='bbox 1503 3414 1659 3469; x_wconf 87' lang='lat' dir='ltr'>institutum</span> <span class='ocrx_word' id='word_1_480' title='bbox 1675 3415 1730 3469; x_wconf 86' lang='lat' dir='ltr'>fuit</span> <span class='ocrx_word' id='word_1_481' title='bbox 1747 3416 1900 3469; x_wconf 83' lang='lat' dir='ltr'>Leuiticum</span> 
     </span>
     <span class='ocr_line' id='line_1_38' title="bbox 81 3499 1899 3571; baseline -0.002 -11"><span class='ocrx_word' id='word_1_482' title='bbox 81 3518 183 3560; x_wconf 72' lang='lat' dir='ltr'>touls·</span> <span class='ocrx_word' id='word_1_483' title='bbox 245 3509 304 3559; x_wconf 84' lang='grc'><strong>208.</strong></span> <span class='ocrx_word' id='word_1_484' title='bbox 345 3505 420 3556; x_wconf 78' lang='lat' dir='ltr'>Aue</span> <span class='ocrx_word' id='word_1_485' title='bbox 449 3503 537 3569; x_wconf 76' lang='lat' dir='ltr'>iopam</span> <span class='ocrx_word' id='word_1_486' title='bbox 562 3519 612 3571; x_wconf 90' lang='lat' dir='ltr'>per</span> <span class='ocrx_word' id='word_1_487' title='bbox 637 3500 754 3570; x_wconf 89' lang='lat' dir='ltr'>Moysen</span> <span class='ocrx_word' id='word_1_488' title='bbox 782 3499 984 3571; x_wconf 88' lang='lat' dir='ltr'>promulgatam</span> <span class='ocrx_word' id='word_1_489' title='bbox 1013 3504 1041 3553; x_wconf 88' lang='lat' dir='ltr'>et</span> <span class='ocrx_word' id='word_1_490' title='bbox 1066 3499 1525 3570; x_wconf 83' lang='lat' dir='ltr'>sacerdotium,1nquodignitas</span> <span class='ocrx_word' id='word_1_491' title='bbox 1545 3499 1692 3555; x_wconf 87' lang='lat' dir='ltr'>sacerdotii</span> <span class='ocrx_word' id='word_1_492' title='bbox 1710 3500 1899 3556; x_wconf 84' lang='lat' dir='ltr'>adoriundus</span> 
     </span>
     <span class='ocr_line' id='line_1_39' title="bbox 80 3571 1900 3663; baseline -0.002 -19"><span class='ocrx_word' id='word_1_493' title='bbox 80 3571 194 3663; x_wconf 35' lang='grc' dir='ltr'>,Ἓξ</span> <span class='ocrx_word' id='word_1_494' title='bbox 210 3591 300 3644; x_wconf 88' lang='grc'><strong>001100</strong></span> <span class='ocrx_word' id='word_1_495' title='bbox 325 3588 444 3643; x_wconf 86' lang='lat' dir='ltr'>Levitici</span> <span class='ocrx_word' id='word_1_496' title='bbox 467 3587 669 3642; x_wconf 87' lang='lat' dir='ltr'>institutionem</span> <span class='ocrx_word' id='word_1_497' title='bbox 697 3586 815 3641; x_wconf 91' lang='lat' dir='ltr'>docendi</span> <span class='ocrx_word' id='word_1_498' title='bbox 841 3601 940 3639; x_wconf 90' lang='lat' dir='ltr'>munus</span> <span class='ocrx_word' id='word_1_499' title='bbox 969 3585 1040 3639; x_wconf 91' lang='lat' dir='ltr'>ordi·</span> <span class='ocrx_word' id='word_1_500' title='bbox 1066 3604 1099 3642; x_wconf 87' lang='lat' dir='ltr'>ex</span> <span class='ocrx_word' id='word_1_501' title='bbox 1116 3586 1192 3641; x_wconf 91' lang='lat' dir='ltr'>tribu</span> <span class='ocrx_word' id='word_1_502' title='bbox 1208 3585 1276 3640; x_wconf 87' lang='lat' dir='ltr'>Levi</span> <span class='ocrx_word' id='word_1_503' title='bbox 1295 3585 1349 3640; x_wconf 88' lang='lat' dir='ltr'>fuit</span> <span class='ocrx_word' id='word_1_504' title='bbox 1366 3586 1510 3652; x_wconf 85' lang='lat' dir='ltr'>translata,</span> <span class='ocrx_word' id='word_1_505' title='bbox 1531 3590 1562 3639; x_wconf 90' lang='grc'>01</span> <span class='ocrx_word' id='word_1_506' title='bbox 1576 3602 1661 3656; x_wconf 91' lang='lat' dir='ltr'>penes</span> <span class='ocrx_word' id='word_1_507' title='bbox 1678 3585 1739 3640; x_wconf 92' lang='lat' dir='ltr'>illos</span> <span class='ocrx_word' id='word_1_508' title='bbox 1759 3587 1900 3642; x_wconf 84' lang='lat' dir='ltr'>ordinaria</span> 
     </span>
     <span class='ocr_line' id='line_1_40' title="bbox 207 3671 1900 3743; baseline -0.001 -13"><span class='ocrx_word' id='word_1_509' title='bbox 207 3677 284 3730; x_wconf 91' lang='lat' dir='ltr'>narie</span> <span class='ocrx_word' id='word_1_510' title='bbox 300 3694 318 3728; x_wconf 88' lang='grc'>0</span> <span class='ocrx_word' id='word_1_511' title='bbox 328 3675 527 3743; x_wconf 76' lang='lat' dir='ltr'>primopenitis</span> <span class='ocrx_word' id='word_1_512' title='bbox 536 3675 724 3742; x_wconf 82' lang='lat' dir='ltr'>familiarum</span> <span class='ocrx_word' id='word_1_513' title='bbox 741 3673 796 3727; x_wconf 90' lang='lat' dir='ltr'>fuit</span> <span class='ocrx_word' id='word_1_514' title='bbox 810 3672 1040 3740; x_wconf 82' lang='lat' dir='ltr'>administratum,</span> <span class='ocrx_word' id='word_1_515' title='bbox 1066 3678 1095 3727; x_wconf 92' lang='lat' dir='ltr'>et</span> <span class='ocrx_word' id='word_1_516' title='bbox 1111 3672 1279 3726; x_wconf 88' lang='lat' dir='ltr'>hereditaria</span> <span class='ocrx_word' id='word_1_517' title='bbox 1302 3688 1335 3726; x_wconf 89' lang='grc'>00</span> <span class='ocrx_word' id='word_1_518' title='bbox 1359 3679 1439 3726; x_wconf 88' lang='lat' dir='ltr'>esset.</span> <span class='ocrx_word' id='word_1_519' title='bbox 1474 3671 1561 3727; x_wconf 82' lang='lat' dir='ltr'>Exod.</span> <span class='ocrx_word' id='word_1_520' title='bbox 1581 3677 1632 3741; x_wconf 92' lang='grc'>28,</span> <span class='ocrx_word' id='word_1_521' title='bbox 1648 3691 1674 3727; x_wconf 89' lang='lat' dir='ltr'>r.</span> <span class='ocrx_word' id='word_1_522' title='bbox 1695 3680 1717 3730; x_wconf 90' lang='lat'>1.</span> <span class='ocrx_word' id='word_1_523' title='bbox 1744 3674 1855 3729; x_wconf 90' lang='lat' dir='ltr'>Numer.</span> <span class='ocrx_word' id='word_1_524' title='bbox 1877 3680 1900 3742; x_wconf 91' lang='grc'>1,</span> 
     </span>
     <span class='ocr_line' id='line_1_41' title="bbox 208 3758 1901 3830; baseline -0.001 -14"><span class='ocrx_word' id='word_1_525' title='bbox 208 3762 273 3816; x_wconf 86' lang='lat' dir='ltr'>inda</span> <span class='ocrx_word' id='word_1_526' title='bbox 296 3760 444 3814; x_wconf 85' lang='lat' dir='ltr'>Rubennm</span> <span class='ocrx_word' id='word_1_527' title='bbox 471 3758 685 3830; x_wconf 88' lang='lat' dir='ltr'>primogenitum</span> <span class='ocrx_word' id='word_1_528' title='bbox 708 3777 788 3814; x_wconf 92' lang='lat' dir='ltr'>suum</span> <span class='ocrx_word' id='word_1_529' title='bbox 813 3759 938 3814; x_wconf 78' lang='lat' dir='ltr'>lacobus</span> <span class='ocrx_word' id='word_1_530' title='bbox 960 3768 1041 3814; x_wconf 88' lang='lat' dir='ltr'>vocat</span> <span class='ocrx_word' id='word_1_531' title='bbox 1065 3778 1091 3816; x_wconf 94' lang='lat' dir='ltr'>v.</span> <span class='ocrx_word' id='word_1_532' title='bbox 1104 3765 1146 3814; x_wconf 72' lang='lat' dir='ltr'>to.</span> <span class='ocrx_word' id='word_1_533' title='bbox 1159 3776 1182 3814; x_wconf 92' lang='grc'>0,</span> <span class='ocrx_word' id='word_1_534' title='bbox 1196 3764 1221 3822; x_wconf 84' lang='grc'>3,</span> <span class='ocrx_word' id='word_1_535' title='bbox 1233 3776 1258 3812; x_wconf 84' lang='lat' dir='ltr'>r.</span> <span class='ocrx_word' id='word_1_536' title='bbox 1272 3765 1296 3814; x_wconf 91' lang='lat'>6.</span> <span class='ocrx_word' id='word_1_537' title='bbox 1310 3765 1362 3813; x_wconf 90' lang='lat' dir='ltr'>etc.</span> <span class='ocrx_word' id='word_1_538' title='bbox 1393 3758 1559 3813; x_wconf 86' lang='lat' dir='ltr'>Hierarchia</span> <span class='ocrx_word' id='word_1_539' title='bbox 1571 3759 1619 3813; x_wconf 92' lang='lat' dir='ltr'>illa</span> <span class='ocrx_word' id='word_1_540' title='bbox 1630 3759 1756 3814; x_wconf 87' lang='lat' dir='ltr'>Levitica</span> <span class='ocrx_word' id='word_1_541' title='bbox 1768 3760 1901 3815; x_wconf 89' lang='lat' dir='ltr'>distincta</span> 
     </span>
     <span class='ocr_line' id='line_1_42' title="bbox 203 3843 1902 3919; baseline -0.001 -17"><span class='ocrx_word' id='word_1_542' title='bbox 203 3851 324 3919; x_wconf 68' lang='lat' dir='ltr'>primum</span> <span class='ocrx_word' id='word_1_543' title='bbox 355 3849 385 3899; x_wconf 81' lang='grc'>10</span> <span class='ocrx_word' id='word_1_544' title='bbox 415 3847 509 3908; x_wconf 81' lang='lat' dir='ltr'>donis,</span> <span class='ocrx_word' id='word_1_545' title='bbox 539 3845 568 3897; x_wconf 93' lang='lat' dir='ltr'>id</span> <span class='ocrx_word' id='word_1_546' title='bbox 599 3852 641 3900; x_wconf 92' lang='lat' dir='ltr'>est</span> <span class='ocrx_word' id='word_1_547' title='bbox 668 3847 697 3900; x_wconf 92' lang='lat' dir='ltr'>in</span> <span class='ocrx_word' id='word_1_548' title='bbox 723 3845 865 3900; x_wconf 89' lang='lat' dir='ltr'>sacrificiis</span> <span class='ocrx_word' id='word_1_549' title='bbox 891 3844 1040 3902; x_wconf 88' lang='lat' dir='ltr'>offerendis</span> <span class='ocrx_word' id='word_1_550' title='bbox 1067 3853 1126 3900; x_wconf 89' lang='lat' dir='ltr'>erat</span> <span class='ocrx_word' id='word_1_551' title='bbox 1143 3844 1172 3898; x_wconf 91' lang='lat' dir='ltr'>iu</span> <span class='ocrx_word' id='word_1_552' title='bbox 1190 3852 1246 3900; x_wconf 93' lang='lat' dir='ltr'>tres</span> <span class='ocrx_word' id='word_1_553' title='bbox 1263 3845 1381 3898; x_wconf 86' lang='lat' dir='ltr'>ordines.</span> <span class='ocrx_word' id='word_1_554' title='bbox 1416 3843 1497 3899; x_wconf 92' lang='lat' dir='ltr'>Unus</span> <span class='ocrx_word' id='word_1_555' title='bbox 1522 3845 1595 3900; x_wconf 89' lang='lat' dir='ltr'>enim</span> <span class='ocrx_word' id='word_1_556' title='bbox 1621 3846 1692 3900; x_wconf 88' lang='lat' dir='ltr'>inter</span> <span class='ocrx_word' id='word_1_557' title='bbox 1711 3847 1823 3902; x_wconf 81' lang='lat' dir='ltr'>Levitae</span> <span class='ocrx_word' id='word_1_558' title='bbox 1841 3854 1902 3903; x_wconf 83' lang='lat' dir='ltr'>erat</span> 
     </span>
     <span class='ocr_line' id='line_1_43' title="bbox 207 3931 1899 4002; baseline -0.001 -12"><span class='ocrx_word' id='word_1_559' title='bbox 207 3934 307 3990; x_wconf 85' lang='lat' dir='ltr'>Canes.</span> <span class='ocrx_word' id='word_1_560' title='bbox 326 3939 374 3997; x_wconf 81' lang='grc'>19,</span> <span class='ocrx_word' id='word_1_561' title='bbox 399 3949 426 3985; x_wconf 88' lang='lat' dir='ltr'>v.</span> <span class='ocrx_word' id='word_1_562' title='bbox 445 3938 468 3987; x_wconf 85' lang='lat'>3.</span> <span class='ocrx_word' id='word_1_563' title='bbox 493 3931 539 3986; x_wconf 88' lang='grc'>001</span> <span class='ocrx_word' id='word_1_564' title='bbox 557 3931 664 3985; x_wconf 90' lang='lat' dir='ltr'>scilicet</span> <span class='ocrx_word' id='word_1_565' title='bbox 680 3932 914 4002; x_wconf 85' lang='lat' dir='ltr'>primogeniturae</span> <span class='ocrx_word' id='word_1_566' title='bbox 934 3933 1039 3986; x_wconf 90' lang='lat' dir='ltr'>ratione</span> <span class='ocrx_word' id='word_1_567' title='bbox 1065 3950 1187 3985; x_wconf 85' lang='grc'><strong>0000000</strong></span> <span class='ocrx_word' id='word_1_568' title='bbox 1200 3933 1342 3994; x_wconf 76' lang='lat' dir='ltr'>sorados,</span> <span class='ocrx_word' id='word_1_569' title='bbox 1360 3931 1479 3986; x_wconf 85' lang='lat' dir='ltr'>Aaronis</span> <span class='ocrx_word' id='word_1_570' title='bbox 1496 3949 1645 3997; x_wconf 85' lang='lat' dir='ltr'>successor,</span> <span class='ocrx_word' id='word_1_571' title='bbox 1661 3939 1745 4002; x_wconf 91' lang='lat' dir='ltr'>caput</span> <span class='ocrx_word' id='word_1_572' title='bbox 1761 3941 1790 3988; x_wconf 91' lang='grc'>01</span> <span class='ocrx_word' id='word_1_573' title='bbox 1806 3940 1899 3990; x_wconf 85' lang='lat' dir='ltr'>vertex</span> 
     </span>
     <span class='ocr_line' id='line_1_44' title="bbox 207 4016 1899 4091; baseline -0.001 -15"><span class='ocrx_word' id='word_1_574' title='bbox 207 4021 312 4077; x_wconf 89' lang='lat' dir='ltr'>oblatio</span> <span class='ocrx_word' id='word_1_575' title='bbox 330 4018 528 4072; x_wconf 88' lang='lat' dir='ltr'>sacrificiorum</span> <span class='ocrx_word' id='word_1_576' title='bbox 548 4023 577 4071; x_wconf 89' lang='lat' dir='ltr'>et</span> <span class='ocrx_word' id='word_1_577' title='bbox 595 4017 778 4073; x_wconf 88' lang='lat' dir='ltr'>sacerdotium</span> <span class='ocrx_word' id='word_1_578' title='bbox 797 4017 966 4081; x_wconf 89' lang='lat' dir='ltr'>debebatur,</span> <span class='ocrx_word' id='word_1_579' title='bbox 986 4019 1039 4072; x_wconf 91' lang='lat' dir='ltr'>nisi</span> <span class='ocrx_word' id='word_1_580' title='bbox 1066 4019 1151 4073; x_wconf 89' lang='lat' dir='ltr'>totius</span> <span class='ocrx_word' id='word_1_581' title='bbox 1168 4016 1353 4084; x_wconf 85' lang='lat' dir='ltr'>hierarchiae;</span> <span class='ocrx_word' id='word_1_582' title='bbox 1372 4017 1412 4071; x_wconf 91' lang='lat' dir='ltr'>illi</span> <span class='ocrx_word' id='word_1_583' title='bbox 1430 4017 1562 4073; x_wconf 89' lang='lat' dir='ltr'>suberant</span> <span class='ocrx_word' id='word_1_584' title='bbox 1578 4018 1734 4075; x_wconf 91' lang='lat' dir='ltr'>sacerdotes</span> <span class='ocrx_word' id='word_1_585' title='bbox 1752 4019 1852 4091; x_wconf 91' lang='lat' dir='ltr'>reliqui</span> <span class='ocrx_word' id='word_1_586' title='bbox 1864 4037 1899 4074; x_wconf 88' lang='lat' dir='ltr'>ex</span> 
     </span>
     <span class='ocr_line' id='line_1_45' title="bbox 206 4103 1900 4177; baseline 0.001 -15"><span class='ocrx_word' id='word_1_587' title='bbox 206 4109 365 4162; x_wconf 79' lang='grc'><strong>1000010000</strong></span> <span class='ocrx_word' id='word_1_588' title='bbox 390 4104 542 4175; x_wconf 87' lang='lat' dir='ltr'>pollutione</span> <span class='ocrx_word' id='word_1_589' title='bbox 570 4121 599 4158; x_wconf 89' lang='grc'>00</span> <span class='ocrx_word' id='word_1_590' title='bbox 630 4119 662 4157; x_wconf 91' lang='lat' dir='ltr'>eo</span> <span class='ocrx_word' id='word_1_591' title='bbox 693 4103 839 4174; x_wconf 90' lang='lat' dir='ltr'>indignum</span> <span class='ocrx_word' id='word_1_592' title='bbox 866 4104 1038 4161; x_wconf 88' lang='lat' dir='ltr'>reddidisset.</span> <span class='ocrx_word' id='word_1_593' title='bbox 1066 4104 1184 4159; x_wconf 73' lang='lat' dir='ltr'>aaronis</span> <span class='ocrx_word' id='word_1_594' title='bbox 1208 4103 1324 4174; x_wconf 90' lang='lat' dir='ltr'>posteris</span> <span class='ocrx_word' id='word_1_595' title='bbox 1345 4103 1462 4170; x_wconf 91' lang='lat' dir='ltr'>oriundi,</span> <span class='ocrx_word' id='word_1_596' title='bbox 1482 4106 1600 4158; x_wconf 80' lang='lat' dir='ltr'>secundi</span> <span class='ocrx_word' id='word_1_597' title='bbox 1625 4106 1734 4159; x_wconf 72' lang='lat' dir='ltr'>ordiam</span> <span class='ocrx_word' id='word_1_598' title='bbox 1753 4113 1900 4177; x_wconf 80' lang='lat' dir='ltr'>propterea</span> 
     </span>
     <span class='ocr_line' id='line_1_46' title="bbox 207 4188 1899 4261; baseline 0 -13"><span class='ocrx_word' id='word_1_599' title='bbox 207 4194 285 4249; x_wconf 91' lang='lat' dir='ltr'>Idem</span> <span class='ocrx_word' id='word_1_600' title='bbox 306 4190 446 4261; x_wconf 86' lang='lat' dir='ltr'>colligitur</span> <span class='ocrx_word' id='word_1_601' title='bbox 464 4207 498 4243; x_wconf 88' lang='lat' dir='ltr'>ex</span> <span class='ocrx_word' id='word_1_602' title='bbox 517 4189 588 4244; x_wconf 84' lang='lat' dir='ltr'>Gen.</span> <span class='ocrx_word' id='word_1_603' title='bbox 607 4195 649 4252; x_wconf 88' lang='grc'>21,</span> <span class='ocrx_word' id='word_1_604' title='bbox 667 4206 693 4245; x_wconf 88' lang='lat' dir='ltr'>v.</span> <span class='ocrx_word' id='word_1_605' title='bbox 710 4196 749 4245; x_wconf 83' lang='lat'>15.</span> <span class='ocrx_word' id='word_1_606' title='bbox 766 4188 816 4242; x_wconf 91' lang='lat' dir='ltr'>ubi</span> <span class='ocrx_word' id='word_1_607' title='bbox 830 4188 922 4245; x_wconf 85' lang='lat' dir='ltr'>Esavo</span> <span class='ocrx_word' id='word_1_608' title='bbox 938 4190 1039 4260; x_wconf 84' lang='lat' dir='ltr'>primo·</span> <span class='ocrx_word' id='word_1_609' title='bbox 1066 4190 1148 4260; x_wconf 90' lang='lat' dir='ltr'>dicti,</span> <span class='ocrx_word' id='word_1_610' title='bbox 1179 4189 1281 4260; x_wconf 89' lang='lat' dir='ltr'>quibus</span> <span class='ocrx_word' id='word_1_611' title='bbox 1307 4190 1421 4242; x_wconf 81' lang='lat' dir='ltr'>Levitae</span> <span class='ocrx_word' id='word_1_612' title='bbox 1448 4189 1477 4243; x_wconf 91' lang='lat' dir='ltr'>in</span> <span class='ocrx_word' id='word_1_613' title='bbox 1505 4189 1649 4245; x_wconf 87' lang='lat' dir='ltr'>sacrificiis</span> <span class='ocrx_word' id='word_1_614' title='bbox 1675 4199 1704 4246; x_wconf 87' lang='lat' dir='ltr'>et</span> <span class='ocrx_word' id='word_1_615' title='bbox 1724 4191 1787 4245; x_wconf 87' lang='lat' dir='ltr'>aliis</span> <span class='ocrx_word' id='word_1_616' title='bbox 1813 4193 1899 4248; x_wconf 89' lang='lat' dir='ltr'>divini</span> 
     </span>
     <span class='ocr_line' id='line_1_47' title="bbox 207 4275 1900 4354; baseline -0.001 -20"><span class='ocrx_word' id='word_1_617' title='bbox 207 4282 303 4354; x_wconf 85' lang='lat' dir='ltr'>genito</span> <span class='ocrx_word' id='word_1_618' title='bbox 326 4276 487 4332; x_wconf 89' lang='lat' dir='ltr'>tribuuntur</span> <span class='ocrx_word' id='word_1_619' title='bbox 507 4285 593 4329; x_wconf 82' lang='grc'><strong>000100</strong></span> <span class='ocrx_word' id='word_1_620' title='bbox 615 4276 814 4339; x_wconf 83' lang='lat' dir='ltr'>sacerdotales,</span> <span class='ocrx_word' id='word_1_621' title='bbox 841 4292 959 4346; x_wconf 89' lang='lat' dir='ltr'>quarum</span> <span class='ocrx_word' id='word_1_622' title='bbox 984 4277 1038 4334; x_wconf 90' lang='lat' dir='ltr'>fra-</span> <span class='ocrx_word' id='word_1_623' title='bbox 1066 4277 1157 4331; x_wconf 88' lang='lat' dir='ltr'>cultus</span> <span class='ocrx_word' id='word_1_624' title='bbox 1172 4275 1299 4346; x_wconf 77' lang='lat' dir='ltr'>partibus</span> <span class='ocrx_word' id='word_1_625' title='bbox 1327 4275 1505 4345; x_wconf 83' lang='lat' dir='ltr'>expediendis</span> <span class='ocrx_word' id='word_1_626' title='bbox 1530 4276 1730 4332; x_wconf 89' lang='lat' dir='ltr'>ministrabant.</span> <span class='ocrx_word' id='word_1_627' title='bbox 1767 4277 1900 4342; x_wconf 83' lang='lat' dir='ltr'>Quamvis</span> 
     </span>
     <span class='ocr_line' id='line_1_48' title="bbox 196 4360 1899 4438; baseline -0.001 -18"><span class='ocrx_word' id='word_1_628' title='bbox 196 4366 345 4438; x_wconf 80' lang='lat' dir='ltr'>grantiam</span> <span class='ocrx_word' id='word_1_629' title='bbox 363 4365 476 4418; x_wconf 86' lang='grc'><strong>1000000</strong></span> <span class='ocrx_word' id='word_1_630' title='bbox 494 4361 586 4425; x_wconf 89' lang='lat' dir='ltr'>scutit,</span> <span class='ocrx_word' id='word_1_631' title='bbox 611 4377 636 4415; x_wconf 87' lang='lat' dir='ltr'>r.</span> <span class='ocrx_word' id='word_1_632' title='bbox 657 4367 698 4417; x_wconf 91' lang='grc'>21.</span> <span class='ocrx_word' id='word_1_633' title='bbox 718 4360 884 4430; x_wconf 88' lang='lat' dir='ltr'>Cumprimis</span> <span class='ocrx_word' id='word_1_634' title='bbox 902 4379 967 4419; x_wconf 88' lang='lat' dir='ltr'>vero</span> <span class='ocrx_word' id='word_1_635' title='bbox 985 4365 1039 4421; x_wconf 90' lang='lat' dir='ltr'>huc</span> <span class='ocrx_word' id='word_1_636' title='bbox 1066 4381 1130 4418; x_wconf 92' lang='lat' dir='ltr'>vero</span> <span class='ocrx_word' id='word_1_637' title='bbox 1153 4378 1187 4416; x_wconf 88' lang='lat' dir='ltr'>ex</span> <span class='ocrx_word' id='word_1_638' title='bbox 1206 4362 1259 4417; x_wconf 90' lang='lat' dir='ltr'>Dei</span> <span class='ocrx_word' id='word_1_639' title='bbox 1284 4363 1412 4416; x_wconf 89' lang='lat' dir='ltr'>instituto</span> <span class='ocrx_word' id='word_1_640' title='bbox 1435 4379 1506 4416; x_wconf 91' lang='lat' dir='ltr'>unus</span> <span class='ocrx_word' id='word_1_641' title='bbox 1528 4362 1663 4416; x_wconf 85' lang='lat' dir='ltr'>duntaxat</span> <span class='ocrx_word' id='word_1_642' title='bbox 1686 4371 1759 4416; x_wconf 88' lang='lat' dir='ltr'>esset</span> <span class='ocrx_word' id='word_1_643' title='bbox 1775 4382 1899 4419; x_wconf 90' lang='lat' dir='ltr'>summus</span> 
     </span>
     <span class='ocr_line' id='line_1_49' title="bbox 207 4447 1899 4537; baseline 0.001 -31"><span class='ocrx_word' id='word_1_644' title='bbox 207 4452 336 4537; x_wconf 80' lang='lat' dir='ltr'>pertinet,</span> <span class='ocrx_word' id='word_1_645' title='bbox 359 4450 434 4522; x_wconf 91' lang='lat' dir='ltr'>quod</span> <span class='ocrx_word' id='word_1_646' title='bbox 452 4447 539 4502; x_wconf 85' lang='lat' dir='ltr'>Exod.</span> <span class='ocrx_word' id='word_1_647' title='bbox 561 4453 600 4512; x_wconf 83' lang='lat' dir='ltr'>te,</span> <span class='ocrx_word' id='word_1_648' title='bbox 618 4465 644 4501; x_wconf 89' lang='lat' dir='ltr'>v.</span> <span class='ocrx_word' id='word_1_649' title='bbox 663 4452 704 4502; x_wconf 90' lang='grc'>22</span> <span class='ocrx_word' id='word_1_650' title='bbox 713 4448 898 4517; x_wconf 71' lang='lat' dir='ltr'>primogeniti</span> <span class='ocrx_word' id='word_1_651' title='bbox 910 4449 1039 4505; x_wconf 91' lang='lat' dir='ltr'>dicuntur</span> <span class='ocrx_word' id='word_1_652' title='bbox 1065 4449 1248 4503; x_wconf 84' lang='lat' dir='ltr'>interamnae</span> <span class='ocrx_word' id='word_1_653' title='bbox 1267 4449 1410 4514; x_wconf 90' lang='lat' dir='ltr'>sacerdos,</span> <span class='ocrx_word' id='word_1_654' title='bbox 1427 4455 1521 4502; x_wconf 89' lang='lat' dir='ltr'>tamen</span> <span class='ocrx_word' id='word_1_655' title='bbox 1535 4456 1653 4518; x_wconf 91' lang='lat' dir='ltr'>apparet</span> <span class='ocrx_word' id='word_1_656' title='bbox 1669 4456 1747 4505; x_wconf 75' lang='grc'><strong>002,</strong></span> <span class='ocrx_word' id='word_1_657' title='bbox 1766 4449 1836 4523; x_wconf 88' lang='lat' dir='ltr'>Reg.</span> <span class='ocrx_word' id='word_1_658' title='bbox 1855 4458 1899 4521; x_wconf 80' lang='lat'>25,</span> 
     </span>
     <span class='ocr_line' id='line_1_50' title="bbox 207 4526 1899 4608; baseline 0.002 -19"><span class='ocrx_word' id='word_1_659' title='bbox 207 4526 322 4605; x_wconf 63' lang='lat' dir='ltr'>&#39;2³th</span> <span class='ocrx_word' id='word_1_660' title='bbox 325 4537 508 4603; x_wconf 72' lang='grc'><strong>,0000000100</strong></span> <span class='ocrx_word' id='word_1_661' title='bbox 528 4532 656 4587; x_wconf 88' lang='lat' dir='ltr'>nimirum</span> <span class='ocrx_word' id='word_1_662' title='bbox 673 4533 739 4602; x_wconf 92' lang='lat' dir='ltr'>quia</span> <span class='ocrx_word' id='word_1_663' title='bbox 752 4534 899 4589; x_wconf 83' lang='lat' dir='ltr'>sacerdotii</span> <span class='ocrx_word' id='word_1_664' title='bbox 917 4536 1039 4608; x_wconf 89' lang='lat' dir='ltr'>dignitas</span> <span class='ocrx_word' id='word_1_665' title='bbox 1067 4553 1091 4590; x_wconf 84' lang='lat' dir='ltr'>v.</span> <span class='ocrx_word' id='word_1_666' title='bbox 1111 4541 1149 4590; x_wconf 87' lang='grc'>18</span> <span class='ocrx_word' id='word_1_667' title='bbox 1169 4534 1222 4605; x_wconf 90' lang='grc'><strong>1001</strong></span> <span class='ocrx_word' id='word_1_668' title='bbox 1240 4535 1404 4604; x_wconf 84' lang='lat' dir='ltr'>adjunctum</span> <span class='ocrx_word' id='word_1_669' title='bbox 1423 4534 1508 4588; x_wconf 88' lang='lat' dir='ltr'>fuisse</span> <span class='ocrx_word' id='word_1_670' title='bbox 1527 4535 1680 4607; x_wconf 88' lang='lat' dir='ltr'>collegam,</span> <span class='ocrx_word' id='word_1_671' title='bbox 1706 4537 1752 4607; x_wconf 88' lang='lat' dir='ltr'>qui</span> <span class='ocrx_word' id='word_1_672' title='bbox 1774 4537 1835 4608; x_wconf 90' lang='lat' dir='ltr'>ipso</span> <span class='ocrx_word' id='word_1_673' title='bbox 1855 4540 1899 4593; x_wconf 90' lang='lat' dir='ltr'>vel</span> 
     </span>
     <span class='ocr_line' id='line_1_51' title="bbox 208 4617 1899 4695; baseline 0 -17"><span class='ocrx_word' id='word_1_674' title='bbox 208 4624 346 4679; x_wconf 83' lang='lat' dir='ltr'>ordinarie</span> <span class='ocrx_word' id='word_1_675' title='bbox 371 4622 442 4677; x_wconf 91' lang='lat' dir='ltr'>ad</span> <span class='ocrx_word' id='word_1_676' title='bbox 434 4638 509 4692; x_wconf 80' lang='lat' dir='ltr'>ipsos</span> <span class='ocrx_word' id='word_1_677' title='bbox 535 4617 688 4689; x_wconf 89' lang='lat' dir='ltr'>spectabat.</span> <span class='ocrx_word' id='word_1_678' title='bbox 732 4618 791 4674; x_wconf 88' lang='lat' dir='ltr'>Nec</span> <span class='ocrx_word' id='word_1_679' title='bbox 815 4620 944 4691; x_wconf 88' lang='lat' dir='ltr'>dubium,</span> <span class='ocrx_word' id='word_1_680' title='bbox 972 4625 1038 4695; x_wconf 88' lang='lat' dir='ltr'>quin</span> <span class='ocrx_word' id='word_1_681' title='bbox 1066 4621 1189 4685; x_wconf 87' lang='lat' dir='ltr'>absente,</span> <span class='ocrx_word' id='word_1_682' title='bbox 1209 4622 1254 4676; x_wconf 90' lang='lat' dir='ltr'>vel</span> <span class='ocrx_word' id='word_1_683' title='bbox 1270 4619 1403 4691; x_wconf 90' lang='lat' dir='ltr'>impedito</span> <span class='ocrx_word' id='word_1_684' title='bbox 1420 4625 1515 4689; x_wconf 88' lang='lat' dir='ltr'>partes</span> <span class='ocrx_word' id='word_1_685' title='bbox 1532 4623 1653 4677; x_wconf 87' lang='lat' dir='ltr'>muneris</span> <span class='ocrx_word' id='word_1_686' title='bbox 1671 4622 1832 4693; x_wconf 88' lang='lat' dir='ltr'>sustineret,</span> <span class='ocrx_word' id='word_1_687' title='bbox 1852 4627 1899 4695; x_wconf 91' lang='lat' dir='ltr'>qui</span> 
     </span>
     <span class='ocr_line' id='line_1_52' title="bbox 172 4704 1899 4779; baseline 0.001 -15.021"><span class='ocrx_word' id='word_1_688' title='bbox 172 4710 369 4764; x_wconf 90' lang='lat' dir='ltr'>constitutio</span> <span class='ocrx_word' id='word_1_689' title='bbox 388 4708 484 4763; x_wconf 89' lang='lat' dir='ltr'>illade</span> <span class='ocrx_word' id='word_1_690' title='bbox 498 4704 651 4761; x_wconf 88' lang='lat' dir='ltr'>sacerdotio</span> <span class='ocrx_word' id='word_1_691' title='bbox 668 4706 879 4775; x_wconf 89' lang='lat' dir='ltr'>primogenitis</span> <span class='ocrx_word' id='word_1_692' title='bbox 871 4725 900 4762; x_wconf 85' lang='lat' dir='ltr'>ru</span> <span class='ocrx_word' id='word_1_693' title='bbox 913 4709 1040 4779; x_wconf 88' lang='lat' dir='ltr'>qualibet</span> <span class='ocrx_word' id='word_1_694' title='bbox 1065 4709 1102 4764; x_wconf 89' lang='lat' dir='ltr'>ob</span> <span class='ocrx_word' id='word_1_695' title='bbox 1130 4707 1160 4763; x_wconf 90' lang='lat' dir='ltr'>id</span> <span class='ocrx_word' id='word_1_696' title='bbox 1187 4709 1320 4761; x_wconf 71' lang='lat' dir='ltr'>sorados</span> <span class='ocrx_word' id='word_1_697' title='bbox 1346 4709 1484 4761; x_wconf 75' lang='lat' dir='ltr'>sccundus</span> <span class='ocrx_word' id='word_1_698' title='bbox 1508 4707 1667 4772; x_wconf 89' lang='lat' dir='ltr'>dicebatur,</span> <span class='ocrx_word' id='word_1_699' title='bbox 1695 4708 1735 4762; x_wconf 88' lang='grc'>010</span> <span class='ocrx_word' id='word_1_700' title='bbox 1759 4710 1833 4764; x_wconf 85' lang='grc'><strong>0010</strong></span> <span class='ocrx_word' id='word_1_701' title='bbox 1859 4711 1899 4767; x_wconf 89' lang='grc'>111</span> 
     </span>
     <span class='ocr_line' id='line_1_53' title="bbox 93 4790 1899 4865; baseline 0.001 -15"><span class='ocrx_word' id='word_1_702' title='bbox 93 4805 149 4850; x_wconf 80' lang='lat'>1111.</span> <span class='ocrx_word' id='word_1_703' title='bbox 162 4806 194 4851; x_wconf 83' lang='grc'>11.</span> <span class='ocrx_word' id='word_1_704' title='bbox 208 4791 579 4852; x_wconf 89' lang='lat' dir='ltr'>familiacommittendovel</span> <span class='ocrx_word' id='word_1_705' title='bbox 594 4790 819 4846; x_wconf 84' lang='lat' dir='ltr'>immediateab</span> <span class='ocrx_word' id='word_1_706' title='bbox 812 4810 872 4862; x_wconf 87' lang='lat' dir='ltr'>rpso</span> <span class='ocrx_word' id='word_1_707' title='bbox 881 4793 942 4850; x_wconf 91' lang='lat' dir='ltr'>Deo</span> <span class='ocrx_word' id='word_1_708' title='bbox 955 4796 1041 4852; x_wconf 90' lang='lat' dir='ltr'>fuerit</span> <span class='ocrx_word' id='word_1_709' title='bbox 1065 4794 1187 4865; x_wconf 89' lang='lat' dir='ltr'>loquitur</span> <span class='ocrx_word' id='word_1_710' title='bbox 1204 4793 1378 4864; x_wconf 74' lang='lat' dir='ltr'>spirituas:</span> <span class='ocrx_word' id='word_1_711' title='bbox 1409 4794 1487 4847; x_wconf 81' lang='lat' dir='ltr'>Tulit</span> <span class='ocrx_word' id='word_1_712' title='bbox 1501 4797 1637 4865; x_wconf 78' lang='lat' dir='ltr'>princeps</span> <span class='ocrx_word' id='word_1_713' title='bbox 1665 4796 1785 4849; x_wconf 79' lang='lat' dir='ltr'>rnilitiac</span> <span class='ocrx_word' id='word_1_714' title='bbox 1813 4797 1899 4852; x_wconf 78' lang='lat' dir='ltr'>Sero·</span> 
     </span>
     <span class='ocr_line' id='line_1_54' title="bbox 207 4877 1901 4953; baseline 0.001 -16"><span class='ocrx_word' id='word_1_715' title='bbox 207 4884 298 4945; x_wconf 86' lang='lat' dir='ltr'>facta,</span> <span class='ocrx_word' id='word_1_716' title='bbox 320 4882 366 4935; x_wconf 92' lang='lat' dir='ltr'>vel</span> <span class='ocrx_word' id='word_1_717' title='bbox 385 4880 422 4935; x_wconf 87' lang='lat' dir='ltr'>ab</span> <span class='ocrx_word' id='word_1_718' title='bbox 438 4881 550 4935; x_wconf 80' lang='lat' dir='ltr'>Adamo</span> <span class='ocrx_word' id='word_1_719' title='bbox 571 4877 690 4947; x_wconf 85' lang='lat' dir='ltr'>Spiritus</span> <span class='ocrx_word' id='word_1_720' title='bbox 713 4878 803 4932; x_wconf 84' lang='lat' dir='ltr'>sancti</span> <span class='ocrx_word' id='word_1_721' title='bbox 826 4879 959 4935; x_wconf 86' lang='lat' dir='ltr'>instinctu</span> <span class='ocrx_word' id='word_1_722' title='bbox 977 4900 1040 4952; x_wconf 88' lang='lat' dir='ltr'>pro·</span> <span class='ocrx_word' id='word_1_723' title='bbox 1060 4882 1125 4950; x_wconf 83' lang='lat' dir='ltr'>jam</span> <span class='ocrx_word' id='word_1_724' title='bbox 1144 4881 1316 4935; x_wconf 72' lang='grc'><strong>0000000100</strong></span> <span class='ocrx_word' id='word_1_725' title='bbox 1336 4879 1462 4948; x_wconf 66' lang='lat' dir='ltr'>musam</span> <span class='ocrx_word' id='word_1_726' title='bbox 1483 4889 1509 4935; x_wconf 86' lang='lat' dir='ltr'>et</span> <span class='ocrx_word' id='word_1_727' title='bbox 1535 4881 1706 4953; x_wconf 80' lang='lat' dir='ltr'>Sopboaiom</span> <span class='ocrx_word' id='word_1_728' title='bbox 1726 4885 1901 4938; x_wconf 76' lang='grc'><strong>0000000100</strong></span> 
     </span>
     <span class='ocr_line' id='line_1_55' title="bbox 208 4964 1900 5039; baseline -0.002 -13"><span class='ocrx_word' id='word_1_729' title='bbox 208 4971 286 5039; x_wconf 85' lang='grc'><strong>1010,</strong></span> <span class='ocrx_word' id='word_1_730' title='bbox 314 4967 440 5039; x_wconf 88' lang='lat' dir='ltr'>quamvis</span> <span class='ocrx_word' id='word_1_731' title='bbox 466 4964 614 5038; x_wconf 85' lang='lat' dir='ltr'>Moyses</span> <span class='ocrx_word' id='word_1_732' title='bbox 606 4982 637 5019; x_wconf 83' lang='lat' dir='ltr'>sn</span> <span class='ocrx_word' id='word_1_733' title='bbox 663 4970 744 5019; x_wconf 86' lang='lat' dir='ltr'>tanta</span> <span class='ocrx_word' id='word_1_734' title='bbox 772 4964 907 5023; x_wconf 87' lang='lat' dir='ltr'>brevitate</span> <span class='ocrx_word' id='word_1_735' title='bbox 934 4967 1039 5023; x_wconf 87' lang='lat' dir='ltr'>nullam</span> <span class='ocrx_word' id='word_1_736' title='bbox 1066 4967 1230 5033; x_wconf 82' lang='lat' dir='ltr'>secumdum,</span> <span class='ocrx_word' id='word_1_737' title='bbox 1257 4964 1311 5019; x_wconf 89' lang='lat' dir='ltr'>nisi</span> <span class='ocrx_word' id='word_1_738' title='bbox 1333 4964 1450 5020; x_wconf 88' lang='lat' dir='ltr'>velimus</span> <span class='ocrx_word' id='word_1_739' title='bbox 1475 4967 1581 5037; x_wconf 89' lang='lat' dir='ltr'>dicere,</span> <span class='ocrx_word' id='word_1_740' title='bbox 1607 4967 1760 5023; x_wconf 90' lang='lat' dir='ltr'>sacerdotis</span> <span class='ocrx_word' id='word_1_741' title='bbox 1784 4970 1900 5023; x_wconf 89' lang='lat' dir='ltr'>secundi</span> 
     </span>
     <span class='ocr_line' id='line_1_56' title="bbox 207 5049 1900 5125; baseline -0.001 -15"><span class='ocrx_word' id='word_1_742' title='bbox 207 5058 280 5110; x_wconf 91' lang='lat' dir='ltr'>illius</span> <span class='ocrx_word' id='word_1_743' title='bbox 302 5054 342 5111; x_wconf 90' lang='lat' dir='ltr'>rei</span> <span class='ocrx_word' id='word_1_744' title='bbox 360 5052 447 5108; x_wconf 89' lang='lat' dir='ltr'>faciat</span> <span class='ocrx_word' id='word_1_745' title='bbox 471 5053 647 5108; x_wconf 89' lang='lat' dir='ltr'>mentionem.</span> <span class='ocrx_word' id='word_1_746' title='bbox 684 5051 816 5121; x_wconf 84' lang='lat' dir='ltr'>Respexit</span> <span class='ocrx_word' id='word_1_747' title='bbox 840 5051 924 5107; x_wconf 91' lang='lat' dir='ltr'>dubio</span> <span class='ocrx_word' id='word_1_748' title='bbox 943 5056 1040 5124; x_wconf 88' lang='lat' dir='ltr'>procul</span> <span class='ocrx_word' id='word_1_749' title='bbox 1066 5068 1167 5106; x_wconf 88' lang='lat' dir='ltr'>nomen</span> <span class='ocrx_word' id='word_1_750' title='bbox 1183 5049 1374 5121; x_wconf 87' lang='lat' dir='ltr'>accipiendum</span> <span class='ocrx_word' id='word_1_751' title='bbox 1393 5069 1444 5122; x_wconf 91' lang='lat' dir='ltr'>pro</span> <span class='ocrx_word' id='word_1_752' title='bbox 1464 5069 1505 5118; x_wconf 89' lang='lat' dir='ltr'>eo,</span> <span class='ocrx_word' id='word_1_753' title='bbox 1525 5053 1573 5125; x_wconf 90' lang='lat' dir='ltr'>qui</span> <span class='ocrx_word' id='word_1_754' title='bbox 1592 5060 1635 5107; x_wconf 90' lang='lat' dir='ltr'>est</span> <span class='ocrx_word' id='word_1_755' title='bbox 1651 5054 1769 5107; x_wconf 74' lang='lat' dir='ltr'>secundi</span> <span class='ocrx_word' id='word_1_756' title='bbox 1780 5057 1900 5125; x_wconf 68' lang='lat' dir='ltr'>ordiaris,</span> 
     </span>
     <span class='ocr_line' id='line_1_57' title="bbox 206 5137 1900 5212; baseline 0.001 -16"><span class='ocrx_word' id='word_1_757' title='bbox 206 5142 277 5196; x_wconf 88' lang='lat' dir='ltr'>illud</span> <span class='ocrx_word' id='word_1_758' title='bbox 295 5139 436 5212; x_wconf 73' lang='lat' dir='ltr'>didraypu</span> <span class='ocrx_word' id='word_1_759' title='bbox 455 5139 493 5192; x_wconf 90' lang='lat' dir='ltr'>ad</span> <span class='ocrx_word' id='word_1_760' title='bbox 512 5138 652 5196; x_wconf 86' lang='lat' dir='ltr'>Christum</span> <span class='ocrx_word' id='word_1_761' title='bbox 670 5137 782 5192; x_wconf 90' lang='lat' dir='ltr'>unicum</span> <span class='ocrx_word' id='word_1_762' title='bbox 800 5138 864 5193; x_wconf 91' lang='lat' dir='ltr'>novi</span> <span class='ocrx_word' id='word_1_763' title='bbox 884 5142 1040 5196; x_wconf 87' lang='lat' dir='ltr'>testamenti</span> <span class='ocrx_word' id='word_1_764' title='bbox 1067 5138 1178 5194; x_wconf 84' lang='lat' dir='ltr'>additur</span> <span class='ocrx_word' id='word_1_765' title='bbox 1197 5137 1269 5193; x_wconf 89' lang='lat' dir='ltr'>euim</span> <span class='ocrx_word' id='word_1_766' title='bbox 1287 5143 1315 5192; x_wconf 91' lang='lat' dir='ltr'>et</span> <span class='ocrx_word' id='word_1_767' title='bbox 1325 5137 1460 5208; x_wconf 88' lang='lat' dir='ltr'>janitores</span> <span class='ocrx_word' id='word_1_768' title='bbox 1471 5146 1535 5207; x_wconf 88' lang='lat' dir='ltr'>tres,</span> <span class='ocrx_word' id='word_1_769' title='bbox 1554 5138 1659 5194; x_wconf 88' lang='lat' dir='ltr'>scilicet</span> <span class='ocrx_word' id='word_1_770' title='bbox 1675 5141 1801 5197; x_wconf 81' lang='lat' dir='ltr'>extortio</span> <span class='ocrx_word' id='word_1_771' title='bbox 1814 5144 1900 5197; x_wconf 86' lang='lat' dir='ltr'>sacris</span> 
     </span>
     <span class='ocr_line' id='line_1_58' title="bbox 204 5223 1900 5300; baseline 0.001 -17"><span class='ocrx_word' id='word_1_772' title='bbox 204 5227 350 5300; x_wconf 69' lang='grc' dir='ltr'>ἀρχιερέα,</span> <span class='ocrx_word' id='word_1_773' title='bbox 367 5224 415 5295; x_wconf 89' lang='grc'>001</span> <span class='ocrx_word' id='word_1_774' title='bbox 430 5231 472 5279; x_wconf 84' lang='lat' dir='ltr'>est</span> <span class='ocrx_word' id='word_1_775' title='bbox 484 5225 690 5293; x_wconf 78' lang='lat' dir='ltr'>primopeoitus</span> <span class='ocrx_word' id='word_1_776' title='bbox 709 5224 809 5278; x_wconf 71' lang='lat' dir='ltr'>Patrae</span> <span class='ocrx_word' id='word_1_777' title='bbox 826 5227 976 5277; x_wconf 71' lang='lat' dir='ltr'>semiactum</span> <span class='ocrx_word' id='word_1_778' title='bbox 996 5227 1039 5279; x_wconf 77' lang='lat' dir='ltr'>di-</span> <span class='ocrx_word' id='word_1_779' title='bbox 1067 5224 1240 5297; x_wconf 87' lang='lat' dir='ltr'>operantium</span> <span class='ocrx_word' id='word_1_780' title='bbox 1259 5224 1370 5296; x_wconf 88' lang='lat' dir='ltr'>ordine,</span> <span class='ocrx_word' id='word_1_781' title='bbox 1393 5226 1441 5297; x_wconf 91' lang='lat' dir='ltr'>qui</span> <span class='ocrx_word' id='word_1_782' title='bbox 1465 5225 1519 5279; x_wconf 87' lang='lat' dir='ltr'>fuit</span> <span class='ocrx_word' id='word_1_783' title='bbox 1537 5223 1706 5281; x_wconf 84' lang='lat' dir='ltr'>Levitarum.</span> <span class='ocrx_word' id='word_1_784' title='bbox 1751 5227 1806 5284; x_wconf 88' lang='lat' dir='ltr'>Sed</span> <span class='ocrx_word' id='word_1_785' title='bbox 1825 5229 1900 5300; x_wconf 90' lang='lat' dir='ltr'>prior</span> 
     </span>
     <span class='ocr_line' id='line_1_59' title="bbox 204 5310 1900 5385; baseline 0.003 -19"><span class='ocrx_word' id='word_1_786' title='bbox 204 5315 298 5366; x_wconf 79' lang='grc'><strong>01000</strong></span> <span class='ocrx_word' id='word_1_787' title='bbox 317 5318 344 5366; x_wconf 87' lang='lat' dir='ltr'>st</span> <span class='ocrx_word' id='word_1_788' title='bbox 369 5311 572 5380; x_wconf 79' lang='lat' dir='ltr'>primopem&#39;tus</span> <span class='ocrx_word' id='word_1_789' title='bbox 594 5311 690 5363; x_wconf 77' lang='lat' dir='ltr'>matris</span> <span class='ocrx_word' id='word_1_790' title='bbox 712 5311 863 5363; x_wconf 73' lang='grc' dir='ltr'><strong>00000ιί001</strong></span> <span class='ocrx_word' id='word_1_791' title='bbox 890 5310 1040 5366; x_wconf 75' lang='lat' dir='ltr'>lismonam</span> <span class='ocrx_word' id='word_1_792' title='bbox 1068 5311 1213 5383; x_wconf 83' lang='lat' dir='ltr'>explicatio</span> <span class='ocrx_word' id='word_1_793' title='bbox 1232 5310 1409 5368; x_wconf 78' lang='lat' dir='ltr'>confirmatur</span> <span class='ocrx_word' id='word_1_794' title='bbox 1432 5329 1466 5368; x_wconf 89' lang='lat' dir='ltr'>ex</span> <span class='ocrx_word' id='word_1_795' title='bbox 1483 5326 1531 5379; x_wconf 87' lang='lat' dir='ltr'>eo,</span> <span class='ocrx_word' id='word_1_796' title='bbox 1558 5312 1632 5381; x_wconf 89' lang='lat' dir='ltr'>quod</span> <span class='ocrx_word' id='word_1_797' title='bbox 1650 5313 1679 5366; x_wconf 91' lang='lat' dir='ltr'>in</span> <span class='ocrx_word' id='word_1_798' title='bbox 1697 5315 1786 5385; x_wconf 87' lang='lat' dir='ltr'>prima</span> <span class='ocrx_word' id='word_1_799' title='bbox 1806 5317 1900 5370; x_wconf 89' lang='lat' dir='ltr'>statim</span> 
     </span>
     <span class='ocr_line' id='line_1_60' title="bbox 193 5394 1899 5467; baseline 0.003 -14"><span class='ocrx_word' id='word_1_800' title='bbox 193 5406 349 5466; x_wconf 66' lang='lat' dir='ltr'>,naturam</span> <span class='ocrx_word' id='word_1_801' title='bbox 367 5397 470 5452; x_wconf 87' lang='lat' dir='ltr'>Psalm.</span> <span class='ocrx_word' id='word_1_802' title='bbox 487 5401 528 5458; x_wconf 84' lang='grc'>89,</span> <span class='ocrx_word' id='word_1_803' title='bbox 547 5394 748 5452; x_wconf 71' lang='grc'><strong>0281101000,</strong></span> <span class='ocrx_word' id='word_1_804' title='bbox 772 5403 793 5463; x_wconf 88' lang='grc'>1,</span> <span class='ocrx_word' id='word_1_805' title='bbox 814 5411 840 5450; x_wconf 94' lang='lat' dir='ltr'>v.</span> <span class='ocrx_word' id='word_1_806' title='bbox 854 5401 896 5451; x_wconf 83' lang='lat'>16.</span> <span class='ocrx_word' id='word_1_807' title='bbox 917 5395 1002 5453; x_wconf 83' lang='lat' dir='ltr'>liebr.</span> <span class='ocrx_word' id='word_1_808' title='bbox 1019 5405 1040 5467; x_wconf 91' lang='grc'>1,</span> <span class='ocrx_word' id='word_1_809' title='bbox 1067 5398 1185 5454; x_wconf 76' lang='lat' dir='ltr'>Ievitici</span> <span class='ocrx_word' id='word_1_810' title='bbox 1205 5399 1353 5455; x_wconf 87' lang='lat' dir='ltr'>sacerdotii</span> <span class='ocrx_word' id='word_1_811' title='bbox 1365 5396 1560 5455; x_wconf 86' lang='lat' dir='ltr'>constitutione</span> <span class='ocrx_word' id='word_1_812' title='bbox 1571 5398 1676 5454; x_wconf 84' lang='lat' dir='ltr'>Aaroni</span> <span class='ocrx_word' id='word_1_813' title='bbox 1690 5419 1796 5456; x_wconf 89' lang='grc'><strong>000000</strong></span> <span class='ocrx_word' id='word_1_814' title='bbox 1809 5419 1899 5458; x_wconf 82' lang='lat' dir='ltr'>sacer·</span> 
     </span>
    </p>
   </div>
   <div class='ocr_carea' id='block_1_5' title="bbox 205 5478 1896 5566">
    <p class='ocr_par' dir='ltr' id='par_1_5' title="bbox 205 5478 1896 5566">
     <span class='ocr_line' id='line_1_61' title="bbox 205 5478 1896 5566; baseline -0.001 -26"><span class='ocrx_word' id='word_1_815' title='bbox 205 5503 233 5545; x_wconf 84' lang='lat' dir='ltr'>v.</span> <span class='ocrx_word' id='word_1_816' title='bbox 250 5490 275 5540; x_wconf 79' lang='grc' dir='ltr'>ι.</span> <span class='ocrx_word' id='word_1_817' title='bbox 304 5483 450 5554; x_wconf 77' lang='grc'><strong>1101111,</strong></span> <span class='ocrx_word' id='word_1_818' title='bbox 473 5498 501 5540; x_wconf 88' lang='lat' dir='ltr'>v.</span> <span class='ocrx_word' id='word_1_819' title='bbox 523 5487 566 5539; x_wconf 78' lang='grc'>11,</span> <span class='ocrx_word' id='word_1_820' title='bbox 595 5478 666 5537; x_wconf 84' lang='lat' dir='ltr'>Luc.</span> <span class='ocrx_word' id='word_1_821' title='bbox 688 5486 722 5548; x_wconf 89' lang='grc'>2,</span> <span class='ocrx_word' id='word_1_822' title='bbox 744 5482 1040 5551; x_wconf 73' lang='grc'><strong>010010000001100</strong></span> <span class='ocrx_word' id='word_1_823' title='bbox 1067 5484 1125 5541; x_wconf 88' lang='lat' dir='ltr'>doti</span> <span class='ocrx_word' id='word_1_824' title='bbox 1142 5485 1321 5559; x_wconf 84' lang='lat' dir='ltr'>aoujuugitur</span> <span class='ocrx_word' id='word_1_825' title='bbox 1340 5484 1473 5554; x_wconf 76' lang='lat' dir='ltr'>Eleazar,</span> <span class='ocrx_word' id='word_1_826' title='bbox 1489 5482 1538 5555; x_wconf 87' lang='lat' dir='ltr'>qui</span> <span class='ocrx_word' id='word_1_827' title='bbox 1555 5490 1670 5542; x_wconf 84' lang='lat' dir='ltr'>vocatur</span> <span class='ocrx_word' id='word_1_828' title='bbox 1685 5478 1778 5564; x_wconf 54' lang='grc'><strong>’011111</strong></span> <span class='ocrx_word' id='word_1_829' title='bbox 1801 5479 1896 5566; x_wconf 56' lang='lat' dir='ltr'>suras,</span> 
     </span>
    </p>
   </div>
   <div class='ocr_carea' id='block_1_6' title="bbox 0 0 2014 6006">
    <p class='ocr_par' dir='ltr' id='par_1_6' title="bbox 0 0 2014 6006">
     <span class='ocr_line' id='line_1_62' title="bbox 0 0 2014 6006; baseline 0 0"><span class='ocrx_word' id='word_1_830' title='bbox 0 0 2014 6006; x_wconf 95' lang='lat' dir='ltr'> </span> 
     </span>
    </p>
   </div>
  </div>
 </body>
</html>
