<?xml version="1.0" encoding="UTF-8"?>
<!DOCTYPE html PUBLIC "-//W3C//DTD XHTML 1.0 Transitional//EN"
    "http://www.w3.org/TR/xhtml1/DTD/xhtml1-transitional.dtd">
<html xmlns="http://www.w3.org/1999/xhtml" xml:lang="en" lang="en">
 <head>
  <title>
</title>
<meta http-equiv="Content-Type" content="text/html;charset=utf-8" />
  <meta name='ocr-system' content='tesseract 3.04.00' />
  <meta name='ocr-capabilities' content='ocr_page ocr_carea ocr_par ocr_line ocrx_word'/>
</head>
<body>
  <div class='ocr_page' id='page_1' title='image "./locitheologicic01gerhgoog/locitheologicic01gerhgoog_0090.png"; bbox 0 0 4006 6022; ppageno 0'>
   <div class='ocr_carea' id='block_1_1' title="bbox 668 192 1819 274">
    <p class='ocr_par' dir='ltr' id='par_1_1' title="bbox 668 192 1819 274">
     <span class='ocr_line' id='line_1_1' title="bbox 668 192 1819 274; baseline 0.017 -21"><span class='ocrx_word' id='word_1_1' title='bbox 668 196 720 253; x_wconf 85' lang='lat' dir='ltr'>DE</span> <span class='ocrx_word' id='word_1_2' title='bbox 740 192 962 253; x_wconf 83' lang='lat' dir='ltr'>MINISTERIO</span> <span class='ocrx_word' id='word_1_3' title='bbox 979 193 1281 260; x_wconf 80' lang='lat' dir='ltr'>ECCLESIASTICO.</span> <span class='ocrx_word' id='word_1_4' title='bbox 1781 212 1819 274; x_wconf 79' lang='lat' dir='ltr'>el</span> 
     </span>
    </p>
   </div>
   <div class='ocr_carea' id='block_1_2' title="bbox 41 349 1945 5630">
    <p class='ocr_par' dir='ltr' id='par_1_2' title="bbox 123 349 1821 518">
     <span class='ocr_line' id='line_1_2' title="bbox 126 349 1821 435; baseline 0.006 -29"><span class='ocrx_word' id='word_1_5' title='bbox 126 349 280 422; x_wconf 73' lang='lat' dir='ltr'>hgitimnm</span> <span class='ocrx_word' id='word_1_6' title='bbox 299 351 444 425; x_wconf 87' lang='lat' dir='ltr'>utriusque</span> <span class='ocrx_word' id='word_1_7' title='bbox 467 351 539 423; x_wconf 90' lang='lat' dir='ltr'>juris</span> <span class='ocrx_word' id='word_1_8' title='bbox 560 352 727 424; x_wconf 88' lang='lat' dir='ltr'>episcopalis</span> <span class='ocrx_word' id='word_1_9' title='bbox 751 358 779 407; x_wconf 89' lang='lat' dir='ltr'>et</span> <span class='ocrx_word' id='word_1_10' title='bbox 798 355 961 423; x_wconf 85' lang='lat' dir='ltr'>patronatus</span> <span class='ocrx_word' id='word_1_11' title='bbox 989 351 1175 413; x_wconf 87' lang='lat' dir='ltr'>ministrorum</span> <span class='ocrx_word' id='word_1_12' title='bbox 1201 376 1257 413; x_wconf 91' lang='lat' dir='ltr'>non</span> <span class='ocrx_word' id='word_1_13' title='bbox 1284 358 1429 432; x_wconf 86' lang='lat' dir='ltr'>imperitae</span> <span class='ocrx_word' id='word_1_14' title='bbox 1451 361 1629 433; x_wconf 75' lang='lat' dir='ltr'>plebeculae,</span> <span class='ocrx_word' id='word_1_15' title='bbox 1659 361 1708 419; x_wconf 90' lang='lat' dir='ltr'>sed</span> <span class='ocrx_word' id='word_1_16' title='bbox 1734 361 1821 435; x_wconf 89' lang='lat' dir='ltr'>magi·</span> 
     </span>
     <span class='ocr_line' id='line_1_3' title="bbox 123 437 1821 518; baseline 0.006 -25"><span class='ocrx_word' id='word_1_17' title='bbox 123 437 286 493; x_wconf 76' lang='lat' dir='ltr'><strong>exercitium</strong></span> <span class='ocrx_word' id='word_1_18' title='bbox 311 444 341 495; x_wconf 90' lang='lat' dir='ltr'>et</span> <span class='ocrx_word' id='word_1_19' title='bbox 369 439 494 510; x_wconf 88' lang='lat' dir='ltr'>ejusdem</span> <span class='ocrx_word' id='word_1_20' title='bbox 517 440 643 495; x_wconf 90' lang='lat' dir='ltr'>abusum.</span> <span class='ocrx_word' id='word_1_21' title='bbox 687 437 857 511; x_wconf 88' lang='lat' dir='ltr'>Legitimum</span> <span class='ocrx_word' id='word_1_22' title='bbox 886 455 959 493; x_wconf 85' lang='lat' dir='ltr'>exer·</span> <span class='ocrx_word' id='word_1_23' title='bbox 987 441 1085 496; x_wconf 69' lang='lat' dir='ltr'>statui</span> <span class='ocrx_word' id='word_1_24' title='bbox 1106 460 1140 498; x_wconf 90' lang='lat' dir='ltr'>ac</span> <span class='ocrx_word' id='word_1_25' title='bbox 1160 445 1333 517; x_wconf 87' lang='lat' dir='ltr'>presbyterio</span> <span class='ocrx_word' id='word_1_26' title='bbox 1353 447 1518 504; x_wconf 77' lang='lat' dir='ltr'>tribuendae</span> <span class='ocrx_word' id='word_1_27' title='bbox 1537 447 1609 518; x_wconf 91' lang='lat' dir='ltr'>sint,</span> <span class='ocrx_word' id='word_1_28' title='bbox 1626 447 1689 504; x_wconf 90' lang='lat' dir='ltr'>ideo</span> <span class='ocrx_word' id='word_1_29' title='bbox 1704 449 1821 504; x_wconf 89' lang='lat' dir='ltr'>circum·</span> 
     </span>
    </p>

    <p class='ocr_par' dir='ltr' id='par_1_3' title="bbox 53 523 1897 3027">
     <span class='ocr_line' id='line_1_4' title="bbox 53 523 1821 608; baseline 0.007 -31"><span class='ocrx_word' id='word_1_30' title='bbox 53 526 61 535; x_wconf 89' lang='lat'>&#39;</span> <span class='ocrx_word' id='word_1_31' title='bbox 123 523 227 579; x_wconf 83' lang='lat' dir='ltr'>citium</span> <span class='ocrx_word' id='word_1_32' title='bbox 249 542 305 581; x_wconf 89' lang='lat' dir='ltr'>uon</span> <span class='ocrx_word' id='word_1_33' title='bbox 339 533 479 598; x_wconf 80' lang='lat' dir='ltr'>repugnat</span> <span class='ocrx_word' id='word_1_34' title='bbox 496 525 598 586; x_wconf 83' lang='lat' dir='ltr'>,ordini</span> <span class='ocrx_word' id='word_1_35' title='bbox 630 542 663 580; x_wconf 89' lang='lat' dir='ltr'>ac</span> <span class='ocrx_word' id='word_1_36' title='bbox 694 526 777 581; x_wconf 89' lang='lat' dir='ltr'>modo</span> <span class='ocrx_word' id='word_1_37' title='bbox 809 525 960 581; x_wconf 70' lang='lat' dir='ltr'>vocatonis</span> <span class='ocrx_word' id='word_1_38' title='bbox 987 527 1133 584; x_wconf 91' lang='lat' dir='ltr'>cellionum</span> <span class='ocrx_word' id='word_1_39' title='bbox 1151 529 1265 586; x_wconf 88' lang='lat' dir='ltr'>istorum</span> <span class='ocrx_word' id='word_1_40' title='bbox 1286 533 1444 589; x_wconf 84' lang='lat' dir='ltr'>vocationes</span> <span class='ocrx_word' id='word_1_41' title='bbox 1469 551 1523 589; x_wconf 89' lang='lat' dir='ltr'>non</span> <span class='ocrx_word' id='word_1_42' title='bbox 1548 539 1665 606; x_wconf 89' lang='lat' dir='ltr'>possunt</span> <span class='ocrx_word' id='word_1_43' title='bbox 1683 552 1734 606; x_wconf 93' lang='lat' dir='ltr'>pro</span> <span class='ocrx_word' id='word_1_44' title='bbox 1753 536 1821 608; x_wconf 80' lang='lat' dir='ltr'>legi·</span> 
     </span>
     <span class='ocr_line' id='line_1_5' title="bbox 124 610 1821 695; baseline 0.008 -31"><span class='ocrx_word' id='word_1_45' title='bbox 124 610 257 666; x_wconf 76' lang='lat' dir='ltr'>divinitus</span> <span class='ocrx_word' id='word_1_46' title='bbox 276 613 456 684; x_wconf 86' lang='lat' dir='ltr'>praescripto,</span> <span class='ocrx_word' id='word_1_47' title='bbox 477 613 543 683; x_wconf 87' lang='lat' dir='ltr'>quia</span> <span class='ocrx_word' id='word_1_48' title='bbox 553 611 740 685; x_wconf 88' lang='lat' dir='ltr'>praesentatio</span> <span class='ocrx_word' id='word_1_49' title='bbox 756 611 960 695; x_wconf 67' lang='lat' dir='ltr'>comminatio,</span> <span class='ocrx_word' id='word_1_50' title='bbox 986 613 1059 668; x_wconf 90' lang='lat' dir='ltr'>timis</span> <span class='ocrx_word' id='word_1_51' title='bbox 1076 615 1180 675; x_wconf 88' lang='lat' dir='ltr'>haberi.</span> <span class='ocrx_word' id='word_1_52' title='bbox 1216 621 1242 674; x_wconf 85' lang='lat'>3.</span> <span class='ocrx_word' id='word_1_53' title='bbox 1264 619 1298 674; x_wconf 83' lang='lat' dir='ltr'>Si</span> <span class='ocrx_word' id='word_1_54' title='bbox 1321 622 1506 691; x_wconf 63' lang='lat' dir='ltr'>magistratus</span> <span class='ocrx_word' id='word_1_55' title='bbox 1519 622 1685 688; x_wconf 77' lang='lat' dir='ltr'>Pontificius</span> <span class='ocrx_word' id='word_1_56' title='bbox 1703 623 1821 678; x_wconf 68' lang='lat' dir='ltr'>nocuis</span> 
     </span>
     <span class='ocr_line' id='line_1_6' title="bbox 124 697 1821 779; baseline 0.007 -27"><span class='ocrx_word' id='word_1_57' title='bbox 124 713 195 768; x_wconf 88' lang='lat' dir='ltr'>quae</span> <span class='ocrx_word' id='word_1_58' title='bbox 213 698 251 752; x_wconf 89' lang='lat' dir='ltr'>ad</span> <span class='ocrx_word' id='word_1_59' title='bbox 264 699 314 768; x_wconf 89' lang='lat' dir='ltr'>jus</span> <span class='ocrx_word' id='word_1_60' title='bbox 331 702 496 770; x_wconf 89' lang='lat' dir='ltr'>patronatus</span> <span class='ocrx_word' id='word_1_61' title='bbox 515 698 644 770; x_wconf 85' lang='lat' dir='ltr'>pertinet,</span> <span class='ocrx_word' id='word_1_62' title='bbox 661 697 839 754; x_wconf 87' lang='lat' dir='ltr'>nibilominus</span> <span class='ocrx_word' id='word_1_63' title='bbox 856 697 959 768; x_wconf 92' lang='lat' dir='ltr'>populo</span> <span class='ocrx_word' id='word_1_64' title='bbox 987 702 1124 757; x_wconf 80' lang='lat' dir='ltr'>ministris</span> <span class='ocrx_word' id='word_1_65' title='bbox 1147 705 1209 760; x_wconf 85' lang='lat' dir='ltr'>ioco</span> <span class='ocrx_word' id='word_1_66' title='bbox 1235 705 1318 760; x_wconf 85' lang='lat' dir='ltr'>motis</span> <span class='ocrx_word' id='word_1_67' title='bbox 1341 709 1537 775; x_wconf 72' lang='lat' dir='ltr'>miseificantes</span> <span class='ocrx_word' id='word_1_68' title='bbox 1560 710 1735 779; x_wconf 73' lang='lat' dir='ltr'>eaemficulos</span> <span class='ocrx_word' id='word_1_69' title='bbox 1760 711 1821 764; x_wconf 81' lang='lat' dir='ltr'>sui·</span> 
     </span>
     <span class='ocr_line' id='line_1_7' title="bbox 122 783 1821 865; baseline 0.007 -26"><span class='ocrx_word' id='word_1_70' title='bbox 122 783 255 856; x_wconf 89' lang='lat' dir='ltr'>relinquit</span> <span class='ocrx_word' id='word_1_71' title='bbox 281 785 415 854; x_wconf 90' lang='lat' dir='ltr'>liberum,</span> <span class='ocrx_word' id='word_1_72' title='bbox 442 802 479 840; x_wconf 89' lang='lat' dir='ltr'>an</span> <span class='ocrx_word' id='word_1_73' title='bbox 499 789 708 857; x_wconf 87' lang='lat' dir='ltr'>praesentatum</span> <span class='ocrx_word' id='word_1_74' title='bbox 732 802 765 841; x_wconf 90' lang='lat' dir='ltr'>ac</span> <span class='ocrx_word' id='word_1_75' title='bbox 790 784 959 840; x_wconf 89' lang='lat' dir='ltr'>nominatum</span> <span class='ocrx_word' id='word_1_76' title='bbox 986 788 1074 842; x_wconf 85' lang='lat' dir='ltr'>stituit</span> <span class='ocrx_word' id='word_1_77' title='bbox 1091 798 1117 844; x_wconf 91' lang='lat' dir='ltr'>et</span> <span class='ocrx_word' id='word_1_78' title='bbox 1135 792 1266 846; x_wconf 83' lang='lat' dir='ltr'>ecclesiae</span> <span class='ocrx_word' id='word_1_79' title='bbox 1285 793 1425 862; x_wconf 75' lang='lat' dir='ltr'><strong><em>obtrudit,</em></strong></span> <span class='ocrx_word' id='word_1_80' title='bbox 1450 813 1516 848; x_wconf 73' lang='lat' dir='ltr'>nuni</span> <span class='ocrx_word' id='word_1_81' title='bbox 1539 796 1586 850; x_wconf 76' lang='lat' dir='ltr'>iiii</span> <span class='ocrx_word' id='word_1_82' title='bbox 1603 813 1661 865; x_wconf 81' lang='lat' dir='ltr'>pro</span> <span class='ocrx_word' id='word_1_83' title='bbox 1684 797 1821 851; x_wconf 63' lang='lat' dir='ltr'>ministris</span> 
     </span>
     <span class='ocr_line' id='line_1_8' title="bbox 122 870 1820 954; baseline 0.006 -27"><span class='ocrx_word' id='word_1_84' title='bbox 122 870 226 943; x_wconf 76' lang='lat' dir='ltr'>eligere</span> <span class='ocrx_word' id='word_1_85' title='bbox 245 871 314 928; x_wconf 82' lang='lat' dir='ltr'>velit</span> <span class='ocrx_word' id='word_1_86' title='bbox 333 879 360 927; x_wconf 90' lang='lat' dir='ltr'>et</span> <span class='ocrx_word' id='word_1_87' title='bbox 377 872 406 927; x_wconf 92' lang='lat' dir='ltr'>in</span> <span class='ocrx_word' id='word_1_88' title='bbox 425 873 600 928; x_wconf 75' lang='lat' dir='ltr'>vccauonem</span> <span class='ocrx_word' id='word_1_89' title='bbox 620 874 680 943; x_wconf 90' lang='lat' dir='ltr'>ejus</span> <span class='ocrx_word' id='word_1_90' title='bbox 699 873 862 929; x_wconf 89' lang='lat' dir='ltr'>consentire.</span> <span class='ocrx_word' id='word_1_91' title='bbox 893 871 958 927; x_wconf 89' lang='lat' dir='ltr'>Pari</span> <span class='ocrx_word' id='word_1_92' title='bbox 985 875 1108 943; x_wconf 70' lang='lat' dir='ltr'>legitime</span> <span class='ocrx_word' id='word_1_93' title='bbox 1124 879 1231 932; x_wconf 84' lang='lat' dir='ltr'>uocatis</span> <span class='ocrx_word' id='word_1_94' title='bbox 1248 878 1370 933; x_wconf 77' lang='lat' dir='ltr'>habendi</span> <span class='ocrx_word' id='word_1_95' title='bbox 1386 887 1413 934; x_wconf 89' lang='lat' dir='ltr'>et</span> <span class='ocrx_word' id='word_1_96' title='bbox 1430 882 1571 935; x_wconf 83' lang='lat' dir='ltr'>audiendi</span> <span class='ocrx_word' id='word_1_97' title='bbox 1587 884 1672 936; x_wconf 73' lang='lat' dir='ltr'>sunt!</span> <span class='ocrx_word' id='word_1_98' title='bbox 1695 881 1820 954; x_wconf 85' lang='lat' dir='ltr'>Respon-</span> 
     </span>
     <span class='ocr_line' id='line_1_9' title="bbox 123 958 1819 1037; baseline 0.006 -24"><span class='ocrx_word' id='word_1_99' title='bbox 123 958 231 1014; x_wconf 88' lang='lat' dir='ltr'>ratione</span> <span class='ocrx_word' id='word_1_100' title='bbox 250 974 381 1029; x_wconf 68' lang='lat' dir='ltr'>maman,</span> <span class='ocrx_word' id='word_1_101' title='bbox 406 958 557 1028; x_wconf 88' lang='lat' dir='ltr'>ordinatio,</span> <span class='ocrx_word' id='word_1_102' title='bbox 586 958 761 1025; x_wconf 75' lang='lat' dir='ltr'>investitura,</span> <span class='ocrx_word' id='word_1_103' title='bbox 788 958 959 1015; x_wconf 89' lang='lat' dir='ltr'>confirmatio</span> <span class='ocrx_word' id='word_1_104' title='bbox 986 961 1099 1017; x_wconf 89' lang='lat' dir='ltr'>demus:</span> <span class='ocrx_word' id='word_1_105' title='bbox 1116 964 1164 1033; x_wconf 90' lang='lat' dir='ltr'>jus</span> <span class='ocrx_word' id='word_1_106' title='bbox 1182 965 1299 1019; x_wconf 84' lang='lat' dir='ltr'>vocandi</span> <span class='ocrx_word' id='word_1_107' title='bbox 1317 973 1345 1021; x_wconf 90' lang='lat' dir='ltr'>st</span> <span class='ocrx_word' id='word_1_108' title='bbox 1360 965 1516 1037; x_wconf 90' lang='lat' dir='ltr'>deponendi</span> <span class='ocrx_word' id='word_1_109' title='bbox 1532 966 1663 1023; x_wconf 88' lang='lat' dir='ltr'>ccclesiae</span> <span class='ocrx_word' id='word_1_110' title='bbox 1681 968 1819 1024; x_wconf 87' lang='lat' dir='ltr'>ministros</span> 
     </span>
     <span class='ocr_line' id='line_1_10' title="bbox 122 1045 1821 1125; baseline 0.007 -25"><span class='ocrx_word' id='word_1_111' title='bbox 122 1051 175 1100; x_wconf 84' lang='lat' dir='ltr'>etc.</span> <span class='ocrx_word' id='word_1_112' title='bbox 195 1061 269 1115; x_wconf 85' lang='lat' dir='ltr'>quae</span> <span class='ocrx_word' id='word_1_113' title='bbox 285 1045 378 1116; x_wconf 87' lang='lat' dir='ltr'>adjus</span> <span class='ocrx_word' id='word_1_114' title='bbox 391 1045 550 1118; x_wconf 72' lang='lat' dir='ltr'>episcopale</span> <span class='ocrx_word' id='word_1_115' title='bbox 562 1045 710 1116; x_wconf 81' lang='lat' dir='ltr'>pertinent,</span> <span class='ocrx_word' id='word_1_116' title='bbox 729 1060 761 1101; x_wconf 87' lang='lat' dir='ltr'>ec</span> <span class='ocrx_word' id='word_1_117' title='bbox 774 1045 958 1102; x_wconf 74' lang='lat' dir='ltr'>moderamine</span> <span class='ocrx_word' id='word_1_118' title='bbox 986 1065 1041 1103; x_wconf 90' lang='lat' dir='ltr'>uon</span> <span class='ocrx_word' id='word_1_119' title='bbox 1060 1049 1181 1120; x_wconf 85' lang='lat' dir='ltr'>pertinet</span> <span class='ocrx_word' id='word_1_120' title='bbox 1198 1052 1234 1105; x_wconf 90' lang='lat' dir='ltr'>ad</span> <span class='ocrx_word' id='word_1_121' title='bbox 1254 1050 1361 1123; x_wconf 78' lang='lat' dir='ltr'>regalia</span> <span class='ocrx_word' id='word_1_122' title='bbox 1384 1052 1573 1125; x_wconf 87' lang='lat' dir='ltr'>magistratus,</span> <span class='ocrx_word' id='word_1_123' title='bbox 1592 1054 1640 1110; x_wconf 90' lang='lat' dir='ltr'>sed</span> <span class='ocrx_word' id='word_1_124' title='bbox 1661 1055 1713 1111; x_wconf 90' lang='lat' dir='ltr'>toti</span> <span class='ocrx_word' id='word_1_125' title='bbox 1733 1055 1821 1112; x_wconf 88' lang='lat' dir='ltr'>eccle·</span> 
     </span>
     <span class='ocr_line' id='line_1_11' title="bbox 122 1130 1820 1213; baseline 0.006 -27"><span class='ocrx_word' id='word_1_126' title='bbox 122 1131 243 1187; x_wconf 85' lang='lat' dir='ltr'>exerceri</span> <span class='ocrx_word' id='word_1_127' title='bbox 267 1138 383 1202; x_wconf 90' lang='lat' dir='ltr'>possunt</span> <span class='ocrx_word' id='word_1_128' title='bbox 410 1149 444 1186; x_wconf 90' lang='lat' dir='ltr'>ac</span> <span class='ocrx_word' id='word_1_129' title='bbox 476 1130 592 1201; x_wconf 91' lang='lat' dir='ltr'>debent,</span> <span class='ocrx_word' id='word_1_130' title='bbox 625 1148 661 1187; x_wconf 88' lang='lat' dir='ltr'>ne</span> <span class='ocrx_word' id='word_1_131' title='bbox 694 1132 827 1188; x_wconf 90' lang='lat' dir='ltr'>ecclesiae</span> <span class='ocrx_word' id='word_1_132' title='bbox 855 1132 958 1189; x_wconf 81' lang='lat' dir='ltr'>invitae</span> <span class='ocrx_word' id='word_1_133' title='bbox 985 1135 1042 1190; x_wconf 91' lang='lat' dir='ltr'>siae</span> <span class='ocrx_word' id='word_1_134' title='bbox 1065 1136 1212 1206; x_wconf 88' lang='lat' dir='ltr'>competit,</span> <span class='ocrx_word' id='word_1_135' title='bbox 1241 1136 1358 1210; x_wconf 91' lang='lat' dir='ltr'>ideoque</span> <span class='ocrx_word' id='word_1_136' title='bbox 1385 1138 1434 1209; x_wconf 91' lang='lat' dir='ltr'>qui</span> <span class='ocrx_word' id='word_1_137' title='bbox 1460 1138 1564 1195; x_wconf 85' lang='lat' dir='ltr'>inritae</span> <span class='ocrx_word' id='word_1_138' title='bbox 1592 1139 1628 1194; x_wconf 80' lang='lat' dir='ltr'>ac&#39;</span> <span class='ocrx_word' id='word_1_139' title='bbox 1651 1142 1820 1213; x_wconf 72' lang='lat' dir='ltr'>repugnanti</span> 
     </span>
     <span class='ocr_line' id='line_1_12' title="bbox 120 1218 1818 1297; baseline 0.008 -26"><span class='ocrx_word' id='word_1_140' title='bbox 120 1222 217 1289; x_wconf 86' lang='lat' dir='ltr'>pastor</span> <span class='ocrx_word' id='word_1_141' title='bbox 233 1219 407 1287; x_wconf 84' lang='lat' dir='ltr'>obtrudatur,</span> <span class='ocrx_word' id='word_1_142' title='bbox 424 1218 474 1273; x_wconf 91' lang='lat' dir='ltr'>sed</span> <span class='ocrx_word' id='word_1_143' title='bbox 494 1235 651 1286; x_wconf 87' lang='lat' dir='ltr'>consensus,</span> <span class='ocrx_word' id='word_1_144' title='bbox 663 1219 851 1275; x_wconf 88' lang='lat' dir='ltr'>testimonium</span> <span class='ocrx_word' id='word_1_145' title='bbox 865 1219 956 1274; x_wconf 84' lang='lat' dir='ltr'>etsuf·</span> <span class='ocrx_word' id='word_1_146' title='bbox 985 1222 1121 1278; x_wconf 87' lang='lat' dir='ltr'>ecclesiae</span> <span class='ocrx_word' id='word_1_147' title='bbox 1139 1222 1340 1292; x_wconf 90' lang='lat' dir='ltr'>obtruduntur,</span> <span class='ocrx_word' id='word_1_148' title='bbox 1358 1242 1413 1280; x_wconf 90' lang='lat' dir='ltr'>non</span> <span class='ocrx_word' id='word_1_149' title='bbox 1433 1231 1499 1280; x_wconf 91' lang='lat' dir='ltr'>sunt</span> <span class='ocrx_word' id='word_1_150' title='bbox 1518 1224 1641 1297; x_wconf 90' lang='lat' dir='ltr'>legitime</span> <span class='ocrx_word' id='word_1_151' title='bbox 1658 1229 1750 1284; x_wconf 82' lang='lat' dir='ltr'>vocati</span> <span class='ocrx_word' id='word_1_152' title='bbox 1769 1229 1818 1284; x_wconf 91' lang='lat' dir='ltr'>mi·</span> 
     </span>
     <span class='ocr_line' id='line_1_13' title="bbox 120 1303 1817 1386; baseline 0.009 -28"><span class='ocrx_word' id='word_1_153' title='bbox 120 1304 243 1375; x_wconf 85' lang='lat' dir='ltr'>fragium</span> <span class='ocrx_word' id='word_1_154' title='bbox 251 1304 324 1359; x_wconf 91' lang='lat' dir='ltr'>illius</span> <span class='ocrx_word' id='word_1_155' title='bbox 339 1304 461 1360; x_wconf 88' lang='lat' dir='ltr'>accedat</span> <span class='ocrx_word' id='word_1_156' title='bbox 488 1303 607 1360; x_wconf 85' lang='lat' dir='ltr'>Ministri</span> <span class='ocrx_word' id='word_1_157' title='bbox 623 1305 755 1360; x_wconf 86' lang='lat' dir='ltr'>ecclesiae</span> <span class='ocrx_word' id='word_1_158' title='bbox 765 1304 956 1377; x_wconf 80' lang='lat' dir='ltr'>Gryphisnal·</span> <span class='ocrx_word' id='word_1_159' title='bbox 985 1307 1071 1362; x_wconf 89' lang='lat' dir='ltr'>nistri.</span> <span class='ocrx_word' id='word_1_160' title='bbox 1108 1308 1165 1363; x_wconf 91' lang='lat' dir='ltr'>Hic</span> <span class='ocrx_word' id='word_1_161' title='bbox 1183 1326 1250 1382; x_wconf 89' lang='lat' dir='ltr'>ergo</span> <span class='ocrx_word' id='word_1_162' title='bbox 1267 1310 1358 1364; x_wconf 91' lang='lat' dir='ltr'>locum</span> <span class='ocrx_word' id='word_1_163' title='bbox 1375 1310 1541 1366; x_wconf 87' lang='lat' dir='ltr'>habetillud</span> <span class='ocrx_word' id='word_1_164' title='bbox 1554 1310 1656 1366; x_wconf 81' lang='lat' dir='ltr'>Christi</span> <span class='ocrx_word' id='word_1_165' title='bbox 1678 1314 1775 1372; x_wconf 90' lang='lat' dir='ltr'>Matth.</span> <span class='ocrx_word' id='word_1_166' title='bbox 1794 1323 1817 1386; x_wconf 82' lang='lat'>¹1,</span> 
     </span>
     <span class='ocr_line' id='line_1_14' title="bbox 121 1390 1817 1470; baseline 0.005 -25"><span class='ocrx_word' id='word_1_167' title='bbox 121 1390 215 1446; x_wconf 80' lang='lat' dir='ltr'>denaia</span> <span class='ocrx_word' id='word_1_168' title='bbox 231 1391 261 1445; x_wconf 93' lang='lat' dir='ltr'>in</span> <span class='ocrx_word' id='word_1_169' title='bbox 279 1396 358 1446; x_wconf 87' lang='lat' dir='ltr'>tract</span> <span class='ocrx_word' id='word_1_170' title='bbox 378 1392 414 1446; x_wconf 91' lang='lat' dir='ltr'>de</span> <span class='ocrx_word' id='word_1_171' title='bbox 431 1392 577 1448; x_wconf 87' lang='lat' dir='ltr'>vocatione</span> <span class='ocrx_word' id='word_1_172' title='bbox 597 1391 770 1447; x_wconf 86' lang='lat' dir='ltr'>ordinatione</span> <span class='ocrx_word' id='word_1_173' title='bbox 782 1392 956 1449; x_wconf 89' lang='lat' dir='ltr'>institutione</span> <span class='ocrx_word' id='word_1_174' title='bbox 985 1411 1009 1448; x_wconf 83' lang='lat' dir='ltr'>v.</span> <span class='ocrx_word' id='word_1_175' title='bbox 1038 1401 1082 1449; x_wconf 87' lang='lat'>15:</span> <span class='ocrx_word' id='word_1_176' title='bbox 1110 1394 1210 1449; x_wconf 83' lang='lat' dir='ltr'>anete</span> <span class='ocrx_word' id='word_1_177' title='bbox 1233 1413 1252 1449; x_wconf 91' lang='lat' dir='ltr'>a</span> <span class='ocrx_word' id='word_1_178' title='bbox 1271 1398 1536 1467; x_wconf 80' lang='lat' dir='ltr'>pseudoprophetis.</span> <span class='ocrx_word' id='word_1_179' title='bbox 1572 1397 1636 1454; x_wconf 77' lang='lat' dir='ltr'>doh.</span> <span class='ocrx_word' id='word_1_180' title='bbox 1666 1406 1710 1470; x_wconf 82' lang='lat'>10,</span> <span class='ocrx_word' id='word_1_181' title='bbox 1735 1419 1761 1458; x_wconf 85' lang='lat' dir='ltr'>v.</span> <span class='ocrx_word' id='word_1_182' title='bbox 1786 1408 1817 1457; x_wconf 86' lang='lat'>5:</span> 
     </span>
     <span class='ocr_line' id='line_1_15' title="bbox 120 1477 1818 1556; baseline 0.006 -24"><span class='ocrx_word' id='word_1_183' title='bbox 120 1483 150 1532; x_wconf 89' lang='lat' dir='ltr'>et</span> <span class='ocrx_word' id='word_1_184' title='bbox 167 1477 328 1533; x_wconf 90' lang='lat' dir='ltr'>dimissione</span> <span class='ocrx_word' id='word_1_185' title='bbox 346 1485 487 1548; x_wconf 88' lang='lat' dir='ltr'>pastorum</span> <span class='ocrx_word' id='word_1_186' title='bbox 507 1485 603 1533; x_wconf 92' lang='lat' dir='ltr'>contra</span> <span class='ocrx_word' id='word_1_187' title='bbox 627 1479 767 1550; x_wconf 90' lang='lat' dir='ltr'>quendam</span> <span class='ocrx_word' id='word_1_188' title='bbox 786 1478 955 1534; x_wconf 82' lang='lat' dir='ltr'>turbatorem</span> <span class='ocrx_word' id='word_1_189' title='bbox 986 1479 1116 1534; x_wconf 78' lang='lat' dir='ltr'>Alienum</span> <span class='ocrx_word' id='word_1_190' title='bbox 1135 1498 1191 1534; x_wconf 82' lang='lat' dir='ltr'>non</span> <span class='ocrx_word' id='word_1_191' title='bbox 1217 1490 1383 1550; x_wconf 84' lang='lat' dir='ltr'>sequuntur,</span> <span class='ocrx_word' id='word_1_192' title='bbox 1410 1490 1438 1538; x_wconf 92' lang='lat' dir='ltr'>et</span> <span class='ocrx_word' id='word_1_193' title='bbox 1467 1483 1537 1538; x_wconf 92' lang='lat' dir='ltr'>illud</span> <span class='ocrx_word' id='word_1_194' title='bbox 1559 1485 1675 1556; x_wconf 86' lang='lat' dir='ltr'>apostoli</span> <span class='ocrx_word' id='word_1_195' title='bbox 1705 1492 1727 1541; x_wconf 76' lang='lat' dir='ltr'>t.</span> <span class='ocrx_word' id='word_1_196' title='bbox 1755 1487 1818 1544; x_wconf 73' lang='lat' dir='ltr'>‹lola</span> 
     </span>
     <span class='ocr_line' id='line_1_16' title="bbox 120 1564 1897 1644; baseline 0.007 -26"><span class='ocrx_word' id='word_1_197' title='bbox 120 1564 356 1634; x_wconf 83' lang='lat' dir='ltr'>(contendentem,</span> <span class='ocrx_word' id='word_1_198' title='bbox 370 1565 436 1634; x_wconf 91' lang='lat' dir='ltr'>jura</span> <span class='ocrx_word' id='word_1_199' title='bbox 452 1572 615 1635; x_wconf 86' lang='lat' dir='ltr'>patronatus</span> <span class='ocrx_word' id='word_1_200' title='bbox 634 1583 652 1620; x_wconf 90' lang='lat' dir='ltr'>a</span> <span class='ocrx_word' id='word_1_201' title='bbox 669 1565 779 1619; x_wconf 88' lang='lat' dir='ltr'>diabolo</span> <span class='ocrx_word' id='word_1_202' title='bbox 800 1583 851 1636; x_wconf 91' lang='lat' dir='ltr'>per</span> <span class='ocrx_word' id='word_1_203' title='bbox 869 1564 954 1620; x_wconf 90' lang='lat' dir='ltr'>filium</span> <span class='ocrx_word' id='word_1_204' title='bbox 984 1584 1009 1620; x_wconf 86' lang='lat' dir='ltr'>v.</span> <span class='ocrx_word' id='word_1_205' title='bbox 1032 1572 1077 1621; x_wconf 85' lang='lat'>10:</span> <span class='ocrx_word' id='word_1_206' title='bbox 1098 1568 1196 1622; x_wconf 87' lang='lat' dir='ltr'>Nolite</span> <span class='ocrx_word' id='word_1_207' title='bbox 1212 1569 1346 1638; x_wconf 86' lang='lat' dir='ltr'>recipere.</span> <span class='ocrx_word' id='word_1_208' title='bbox 1387 1568 1417 1623; x_wconf 89' lang='lat' dir='ltr'>Si</span> <span class='ocrx_word' id='word_1_209' title='bbox 1437 1571 1616 1641; x_wconf 87' lang='lat' dir='ltr'>magistratus</span> <span class='ocrx_word' id='word_1_210' title='bbox 1634 1588 1733 1644; x_wconf 88' lang='lat' dir='ltr'>cogere</span> <span class='ocrx_word' id='word_1_211' title='bbox 1750 1575 1818 1629; x_wconf 86' lang='lat' dir='ltr'>velit</span> <span class='ocrx_word' id='word_1_212' title='bbox 1891 1598 1897 1605; x_wconf 92' lang='lat'><strong>·</strong></span> 
     </span>
     <span class='ocr_line' id='line_1_17' title="bbox 119 1650 1817 1728; baseline 0.008 -24"><span class='ocrx_word' id='word_1_213' title='bbox 119 1650 283 1722; x_wconf 84' lang='lat' dir='ltr'>perditionis</span> <span class='ocrx_word' id='word_1_214' title='bbox 303 1656 401 1706; x_wconf 87' lang='lat' dir='ltr'>contra</span> <span class='ocrx_word' id='word_1_215' title='bbox 417 1651 532 1706; x_wconf 81' lang='lat' dir='ltr'>verbum</span> <span class='ocrx_word' id='word_1_216' title='bbox 549 1651 603 1706; x_wconf 89' lang='lat' dir='ltr'>Dei</span> <span class='ocrx_word' id='word_1_217' title='bbox 616 1651 644 1705; x_wconf 92' lang='lat' dir='ltr'>iu</span> <span class='ocrx_word' id='word_1_218' title='bbox 657 1651 807 1722; x_wconf 89' lang='lat' dir='ltr'>perniciem</span> <span class='ocrx_word' id='word_1_219' title='bbox 823 1652 955 1708; x_wconf 87' lang='lat' dir='ltr'>ecclesiae</span> <span class='ocrx_word' id='word_1_220' title='bbox 983 1652 1118 1723; x_wconf 90' lang='lat' dir='ltr'>subditos,</span> <span class='ocrx_word' id='word_1_221' title='bbox 1136 1660 1168 1709; x_wconf 93' lang='lat' dir='ltr'>ut</span> <span class='ocrx_word' id='word_1_222' title='bbox 1186 1654 1325 1710; x_wconf 89' lang='lat' dir='ltr'>ministros</span> <span class='ocrx_word' id='word_1_223' title='bbox 1344 1655 1405 1711; x_wconf 90' lang='lat' dir='ltr'>illos</span> <span class='ocrx_word' id='word_1_224' title='bbox 1424 1656 1567 1728; x_wconf 90' lang='lat' dir='ltr'>recipiant,</span> <span class='ocrx_word' id='word_1_225' title='bbox 1587 1658 1677 1712; x_wconf 89' lang='lat' dir='ltr'>missis</span> <span class='ocrx_word' id='word_1_226' title='bbox 1689 1660 1817 1717; x_wconf 78' lang='lat' dir='ltr'>intersint</span> 
     </span>
     <span class='ocr_line' id='line_1_18' title="bbox 119 1738 1817 1813; baseline 0.006 -21"><span class='ocrx_word' id='word_1_227' title='bbox 119 1738 230 1792; x_wconf 81' lang='lat' dir='ltr'>insecta</span> <span class='ocrx_word' id='word_1_228' title='bbox 249 1739 320 1805; x_wconf 88' lang='lat' dir='ltr'>esse)</span> <span class='ocrx_word' id='word_1_229' title='bbox 340 1754 412 1792; x_wconf 88' lang='lat' dir='ltr'>anno</span> <span class='ocrx_word' id='word_1_230' title='bbox 439 1742 513 1795; x_wconf 78' lang='lat' dir='ltr'>ttae.</span> <span class='ocrx_word' id='word_1_231' title='bbox 534 1738 609 1793; x_wconf 88' lang='lat' dir='ltr'>edito</span> <span class='ocrx_word' id='word_1_232' title='bbox 633 1738 705 1793; x_wconf 90' lang='lat' dir='ltr'>inter</span> <span class='ocrx_word' id='word_1_233' title='bbox 724 1743 816 1794; x_wconf 87' lang='lat' dir='ltr'>cetera</span> <span class='ocrx_word' id='word_1_234' title='bbox 834 1739 874 1794; x_wconf 90' lang='lat' dir='ltr'>sic</span> <span class='ocrx_word' id='word_1_235' title='bbox 891 1740 955 1794; x_wconf 84' lang='lat' dir='ltr'>scri·</span> <span class='ocrx_word' id='word_1_236' title='bbox 984 1747 1034 1796; x_wconf 71' lang='lat' dir='ltr'>etc,</span> <span class='ocrx_word' id='word_1_237' title='bbox 1054 1740 1248 1813; x_wconf 87' lang='lat' dir='ltr'>cogitandum,</span> <span class='ocrx_word' id='word_1_238' title='bbox 1272 1742 1346 1813; x_wconf 91' lang='lat' dir='ltr'>quod</span> <span class='ocrx_word' id='word_1_239' title='bbox 1371 1745 1435 1798; x_wconf 89' lang='lat' dir='ltr'>Deo</span> <span class='ocrx_word' id='word_1_240' title='bbox 1457 1746 1548 1813; x_wconf 68' lang='lat' dir='ltr'>magis</span> <span class='ocrx_word' id='word_1_241' title='bbox 1573 1746 1756 1799; x_wconf 84' lang='lat' dir='ltr'>obediendum</span> <span class='ocrx_word' id='word_1_242' title='bbox 1780 1750 1817 1802; x_wconf 87' lang='lat' dir='ltr'>sit</span> 
     </span>
     <span class='ocr_line' id='line_1_19' title="bbox 120 1824 1815 1902; baseline 0.005 -22"><span class='ocrx_word' id='word_1_243' title='bbox 120 1825 206 1880; x_wconf 87' lang='lat' dir='ltr'>bunt:</span> <span class='ocrx_word' id='word_1_244' title='bbox 233 1824 363 1894; x_wconf 80' lang='lat' dir='ltr'>Constat,</span> <span class='ocrx_word' id='word_1_245' title='bbox 384 1827 458 1894; x_wconf 85' lang='lat' dir='ltr'>jura</span> <span class='ocrx_word' id='word_1_246' title='bbox 479 1834 651 1897; x_wconf 80' lang='lat' dir='ltr'>patronatus</span> <span class='ocrx_word' id='word_1_247' title='bbox 677 1827 812 1882; x_wconf 76' lang='lat' dir='ltr'>eccleciae</span> <span class='ocrx_word' id='word_1_248' title='bbox 838 1830 956 1882; x_wconf 87' lang='lat' dir='ltr'>consilio</span> <span class='ocrx_word' id='word_1_249' title='bbox 984 1843 1067 1895; x_wconf 80' lang='lat' dir='ltr'>quam</span> <span class='ocrx_word' id='word_1_250' title='bbox 1093 1828 1262 1896; x_wconf 68' lang='lat' dir='ltr'>hominium,</span> <span class='ocrx_word' id='word_1_251' title='bbox 1289 1829 1352 1882; x_wconf 88' lang='lat' dir='ltr'>Act.</span> <span class='ocrx_word' id='word_1_252' title='bbox 1376 1835 1405 1897; x_wconf 83' lang='lat'>5,</span> <span class='ocrx_word' id='word_1_253' title='bbox 1433 1848 1459 1884; x_wconf 82' lang='lat' dir='ltr'>v.</span> <span class='ocrx_word' id='word_1_254' title='bbox 1483 1835 1524 1886; x_wconf 81' lang='grc'>29.</span> <span class='ocrx_word' id='word_1_255' title='bbox 1548 1830 1666 1902; x_wconf 87' lang='lat' dir='ltr'>ideoque</span> <span class='ocrx_word' id='word_1_256' title='bbox 1690 1833 1815 1889; x_wconf 91' lang='lat' dir='ltr'>amissis</span> 
     </span>
     <span class='ocr_line' id='line_1_20' title="bbox 116 1912 1815 1986; baseline 0.006 -21"><span class='ocrx_word' id='word_1_257' title='bbox 116 1919 234 1983; x_wconf 81' lang='lat' dir='ltr'>patrum</span> <span class='ocrx_word' id='word_1_258' title='bbox 253 1913 282 1964; x_wconf 87' lang='lat' dir='ltr'>in</span> <span class='ocrx_word' id='word_1_259' title='bbox 300 1913 390 1965; x_wconf 83' lang='lat' dir='ltr'>veteri</span> <span class='ocrx_word' id='word_1_260' title='bbox 407 1912 524 1967; x_wconf 86' lang='lat' dir='ltr'>eeclesia</span> <span class='ocrx_word' id='word_1_261' title='bbox 537 1921 601 1967; x_wconf 89' lang='lat' dir='ltr'>ante</span> <span class='ocrx_word' id='word_1_262' title='bbox 614 1915 770 1982; x_wconf 84' lang='lat' dir='ltr'>primatum</span> <span class='ocrx_word' id='word_1_263' title='bbox 783 1922 809 1968; x_wconf 90' lang='lat' dir='ltr'>et</span> <span class='ocrx_word' id='word_1_264' title='bbox 828 1915 952 1968; x_wconf 84' lang='lat' dir='ltr'>domina·</span> <span class='ocrx_word' id='word_1_265' title='bbox 983 1912 1105 1983; x_wconf 85' lang='lat' dir='ltr'>ipserum</span> <span class='ocrx_word' id='word_1_266' title='bbox 1136 1912 1333 1980; x_wconf 86' lang='lat' dir='ltr'>idololatricis,</span> <span class='ocrx_word' id='word_1_267' title='bbox 1364 1933 1436 1986; x_wconf 88' lang='lat' dir='ltr'>quae</span> <span class='ocrx_word' id='word_1_268' title='bbox 1463 1934 1578 1973; x_wconf 87' lang='lat' dir='ltr'>coenam</span> <span class='ocrx_word' id='word_1_269' title='bbox 1603 1924 1765 1974; x_wconf 84' lang='lat' dir='ltr'>convertunt</span> <span class='ocrx_word' id='word_1_270' title='bbox 1786 1922 1815 1976; x_wconf 92' lang='lat' dir='ltr'>in</span> 
     </span>
     <span class='ocr_line' id='line_1_21' title="bbox 121 2000 1815 2073; baseline 0.005 -19"><span class='ocrx_word' id='word_1_271' title='bbox 121 2009 178 2054; x_wconf 88' lang='lat' dir='ltr'>tum</span> <span class='ocrx_word' id='word_1_272' title='bbox 195 2000 322 2054; x_wconf 83' lang='lat' dir='ltr'>Romani</span> <span class='ocrx_word' id='word_1_273' title='bbox 334 2016 432 2068; x_wconf 81' lang='lat' dir='ltr'>papae</span> <span class='ocrx_word' id='word_1_274' title='bbox 444 2000 612 2055; x_wconf 85' lang='lat' dir='ltr'>auctoritate</span> <span class='ocrx_word' id='word_1_275' title='bbox 624 2001 741 2070; x_wconf 78' lang='lat' dir='ltr'>piorum</span> <span class='ocrx_word' id='word_1_276' title='bbox 757 2002 956 2070; x_wconf 83' lang='lat' dir='ltr'>imperatorum</span> <span class='ocrx_word' id='word_1_277' title='bbox 983 2000 1119 2055; x_wconf 84' lang='lat' dir='ltr'>actionem</span> <span class='ocrx_word' id='word_1_278' title='bbox 1137 2007 1194 2054; x_wconf 92' lang='lat' dir='ltr'>toto</span> <span class='ocrx_word' id='word_1_279' title='bbox 1214 2017 1315 2072; x_wconf 84' lang='lat' dir='ltr'>genere</span> <span class='ocrx_word' id='word_1_280' title='bbox 1334 2001 1484 2073; x_wconf 87' lang='lat' dir='ltr'>diversam,</span> <span class='ocrx_word' id='word_1_281' title='bbox 1516 2005 1646 2061; x_wconf 83' lang='lat' dir='ltr'>videlicet</span> <span class='ocrx_word' id='word_1_282' title='bbox 1666 2005 1695 2060; x_wconf 91' lang='lat' dir='ltr'>in</span> <span class='ocrx_word' id='word_1_283' title='bbox 1712 2007 1815 2063; x_wconf 88' lang='lat' dir='ltr'>sacrifi·</span> 
     </span>
     <span class='ocr_line' id='line_1_22' title="bbox 121 2085 1815 2158; baseline 0.005 -17"><span class='ocrx_word' id='word_1_284' title='bbox 121 2087 280 2156; x_wconf 81' lang='lat' dir='ltr'>approbata</span> <span class='ocrx_word' id='word_1_285' title='bbox 294 2102 360 2154; x_wconf 86' lang='lat' dir='ltr'>esse,</span> <span class='ocrx_word' id='word_1_286' title='bbox 382 2087 470 2140; x_wconf 86' lang='lat' dir='ltr'>donec</span> <span class='ocrx_word' id='word_1_287' title='bbox 484 2104 504 2139; x_wconf 90' lang='lat' dir='ltr'>o</span> <span class='ocrx_word' id='word_1_288' title='bbox 523 2087 689 2142; x_wconf 88' lang='lat' dir='ltr'>Justiuiano</span> <span class='ocrx_word' id='word_1_289' title='bbox 704 2088 824 2142; x_wconf 85' lang='lat' dir='ltr'>Caesare</span> <span class='ocrx_word' id='word_1_290' title='bbox 845 2088 957 2142; x_wconf 84' lang='lat' dir='ltr'>circiter</span> <span class='ocrx_word' id='word_1_291' title='bbox 983 2087 1056 2141; x_wconf 89' lang='lat' dir='ltr'>cium</span> <span class='ocrx_word' id='word_1_292' title='bbox 1086 2085 1309 2157; x_wconf 88' lang='lat' dir='ltr'>propitiatorium</span> <span class='ocrx_word' id='word_1_293' title='bbox 1342 2105 1393 2158; x_wconf 89' lang='lat' dir='ltr'>pro</span> <span class='ocrx_word' id='word_1_294' title='bbox 1421 2089 1545 2144; x_wconf 85' lang='lat' dir='ltr'>vivorum</span> <span class='ocrx_word' id='word_1_295' title='bbox 1577 2108 1611 2145; x_wconf 92' lang='lat' dir='ltr'>ac</span> <span class='ocrx_word' id='word_1_296' title='bbox 1647 2097 1815 2150; x_wconf 88' lang='lat' dir='ltr'>mortuorum</span> 
     </span>
     <span class='ocr_line' id='line_1_23' title="bbox 123 2172 1815 2248; baseline 0.006 -20"><span class='ocrx_word' id='word_1_297' title='bbox 123 2191 225 2228; x_wconf 85' lang='lat' dir='ltr'>annum</span> <span class='ocrx_word' id='word_1_298' title='bbox 246 2172 354 2227; x_wconf 78' lang='lat' dir='ltr'>Christi</span> <span class='ocrx_word' id='word_1_299' title='bbox 371 2177 433 2228; x_wconf 78' lang='lat'>540.</span> <span class='ocrx_word' id='word_1_300' title='bbox 448 2173 612 2242; x_wconf 82' lang='lat' dir='ltr'>publicatas</span> <span class='ocrx_word' id='word_1_301' title='bbox 630 2182 694 2228; x_wconf 89' lang='lat' dir='ltr'>sunt</span> <span class='ocrx_word' id='word_1_302' title='bbox 714 2175 796 2244; x_wconf 75' lang='lat' dir='ltr'>tepea,</span> <span class='ocrx_word' id='word_1_303' title='bbox 815 2191 887 2244; x_wconf 80' lang='lat' dir='ltr'>quae</span> <span class='ocrx_word' id='word_1_304' title='bbox 901 2192 954 2243; x_wconf 80' lang='lat' dir='ltr'>pa·</span> <span class='ocrx_word' id='word_1_305' title='bbox 984 2174 1121 2243; x_wconf 90' lang='lat' dir='ltr'>peccatis,</span> <span class='ocrx_word' id='word_1_306' title='bbox 1139 2173 1250 2244; x_wconf 87' lang='lat' dir='ltr'>penitus</span> <span class='ocrx_word' id='word_1_307' title='bbox 1269 2173 1477 2244; x_wconf 88' lang='lat' dir='ltr'>abstinendum,</span> <span class='ocrx_word' id='word_1_308' title='bbox 1495 2175 1648 2248; x_wconf 90' lang='lat' dir='ltr'>baptismus</span> <span class='ocrx_word' id='word_1_309' title='bbox 1676 2181 1815 2237; x_wconf 90' lang='lat' dir='ltr'>tamenin</span> 
     </span>
     <span class='ocr_line' id='line_1_24' title="bbox 123 2258 1814 2332; baseline 0.005 -17"><span class='ocrx_word' id='word_1_310' title='bbox 123 2263 212 2315; x_wconf 85' lang='lat' dir='ltr'>tronis</span> <span class='ocrx_word' id='word_1_311' title='bbox 228 2260 500 2314; x_wconf 67' lang='lat' dir='ltr'>ecolenaetridusmt</span> <span class='ocrx_word' id='word_1_312' title='bbox 519 2261 773 2316; x_wconf 77' lang='lat' dir='ltr'>denominationem</span> <span class='ocrx_word' id='word_1_313' title='bbox 787 2269 813 2315; x_wconf 90' lang='lat' dir='ltr'>et</span> <span class='ocrx_word' id='word_1_314' title='bbox 824 2278 956 2332; x_wconf 80' lang='lat' dir='ltr'>praesen·</span> <span class='ocrx_word' id='word_1_315' title='bbox 983 2277 1050 2314; x_wconf 88' lang='lat' dir='ltr'>casu</span> <span class='ocrx_word' id='word_1_316' title='bbox 1068 2260 1243 2315; x_wconf 75' lang='lat' dir='ltr'>necessitatis</span> <span class='ocrx_word' id='word_1_317' title='bbox 1261 2260 1296 2315; x_wconf 86' lang='lat' dir='ltr'>ab</span> <span class='ocrx_word' id='word_1_318' title='bbox 1320 2258 1373 2314; x_wconf 92' lang='lat' dir='ltr'>illis</span> <span class='ocrx_word' id='word_1_319' title='bbox 1397 2261 1487 2331; x_wconf 84' lang='lat' dir='ltr'>accipi</span> <span class='ocrx_word' id='word_1_320' title='bbox 1506 2267 1611 2332; x_wconf 88' lang='lat' dir='ltr'>potest,</span> <span class='ocrx_word' id='word_1_321' title='bbox 1638 2264 1661 2317; x_wconf 92' lang='lat' dir='ltr'>si</span> <span class='ocrx_word' id='word_1_322' title='bbox 1687 2266 1814 2322; x_wconf 89' lang='lat' dir='ltr'>substan-</span> 
     </span>
     <span class='ocr_line' id='line_1_25' title="bbox 122 2347 1852 2419; baseline 0.004 -17"><span class='ocrx_word' id='word_1_323' title='bbox 122 2349 255 2402; x_wconf 81' lang='lat' dir='ltr'>tationem</span> <span class='ocrx_word' id='word_1_324' title='bbox 267 2356 431 2418; x_wconf 81' lang='lat' dir='ltr'>pastorum,</span> <span class='ocrx_word' id='word_1_325' title='bbox 456 2349 532 2402; x_wconf 79' lang='lat' dir='ltr'>auth.</span> <span class='ocrx_word' id='word_1_326' title='bbox 557 2351 593 2402; x_wconf 87' lang='lat' dir='ltr'>de</span> <span class='ocrx_word' id='word_1_327' title='bbox 617 2366 699 2402; x_wconf 87' lang='lat' dir='ltr'>sacro</span> <span class='ocrx_word' id='word_1_328' title='bbox 719 2367 742 2402; x_wconf 88' lang='lat' dir='ltr'>s.</span> <span class='ocrx_word' id='word_1_329' title='bbox 764 2350 849 2418; x_wconf 83' lang='lat' dir='ltr'>episc.</span> <span class='ocrx_word' id='word_1_330' title='bbox 874 2351 955 2404; x_wconf 85' lang='lat' dir='ltr'>e.18.</span> <span class='ocrx_word' id='word_1_331' title='bbox 982 2347 1060 2401; x_wconf 87' lang='lat' dir='ltr'>tialia</span> <span class='ocrx_word' id='word_1_332' title='bbox 1081 2354 1224 2403; x_wconf 84' lang='lat' dir='ltr'>serventur</span> <span class='ocrx_word' id='word_1_333' title='bbox 1251 2348 1359 2419; x_wconf 87' lang='lat' dir='ltr'>integra</span> <span class='ocrx_word' id='word_1_334' title='bbox 1385 2354 1414 2402; x_wconf 91' lang='lat' dir='ltr'>et</span> <span class='ocrx_word' id='word_1_335' title='bbox 1442 2349 1603 2419; x_wconf 84' lang='lat' dir='ltr'>protestatio</span> <span class='ocrx_word' id='word_1_336' title='bbox 1627 2350 1663 2405; x_wconf 89' lang='lat' dir='ltr'>de</span> <span class='ocrx_word' id='word_1_337' title='bbox 1689 2352 1816 2409; x_wconf 88' lang='lat' dir='ltr'>dissensu</span> <span class='ocrx_word' id='word_1_338' title='bbox 1849 2368 1852 2373; x_wconf 91' lang='grc'><strong><em>·</em></strong></span> 
     </span>
     <span class='ocr_line' id='line_1_26' title="bbox 124 2428 1817 2506; baseline 0.005 -19"><span class='ocrx_word' id='word_1_339' title='bbox 124 2442 149 2487; x_wconf 91' lang='lat' dir='ltr'>et</span> <span class='ocrx_word' id='word_1_340' title='bbox 181 2435 210 2488; x_wconf 87' lang='lat' dir='ltr'>in</span> <span class='ocrx_word' id='word_1_341' title='bbox 243 2433 353 2490; x_wconf 85' lang='lat' dir='ltr'>Novell.</span> <span class='ocrx_word' id='word_1_342' title='bbox 384 2435 427 2489; x_wconf 76' lang='lat'>57.</span> <span class='ocrx_word' id='word_1_343' title='bbox 456 2451 480 2491; x_wconf 88' lang='lat' dir='ltr'>c.</span> <span class='ocrx_word' id='word_1_344' title='bbox 498 2437 525 2487; x_wconf 83' lang='lat'>2.</span> <span class='ocrx_word' id='word_1_345' title='bbox 551 2435 626 2505; x_wconf 67' lang='lat' dir='ltr'>leges</span> <span class='ocrx_word' id='word_1_346' title='bbox 658 2435 726 2489; x_wconf 87' lang='lat' dir='ltr'>illae</span> <span class='ocrx_word' id='word_1_347' title='bbox 758 2436 957 2504; x_wconf 80' lang='lat' dir='ltr'>imperatoriae</span> <span class='ocrx_word' id='word_1_348' title='bbox 983 2451 1046 2487; x_wconf 89' lang='lat' dir='ltr'>cum</span> <span class='ocrx_word' id='word_1_349' title='bbox 1065 2434 1241 2505; x_wconf 83' lang='lat' dir='ltr'>dogmatibus</span> <span class='ocrx_word' id='word_1_350' title='bbox 1258 2433 1406 2505; x_wconf 85' lang='lat' dir='ltr'>papalibus</span> <span class='ocrx_word' id='word_1_351' title='bbox 1434 2435 1477 2489; x_wconf 84' lang='lat' dir='ltr'>vel</span> <span class='ocrx_word' id='word_1_352' title='bbox 1497 2451 1639 2506; x_wconf 84' lang='lat' dir='ltr'>expressa,</span> <span class='ocrx_word' id='word_1_353' title='bbox 1653 2428 1705 2493; x_wconf 51' lang='lat' dir='ltr'>¹vel</span> <span class='ocrx_word' id='word_1_354' title='bbox 1731 2440 1817 2496; x_wconf 88' lang='lat' dir='ltr'>tacita</span> 
     </span>
     <span class='ocr_line' id='line_1_27' title="bbox 124 2520 1815 2591; baseline 0.005 -18"><span class='ocrx_word' id='word_1_355' title='bbox 124 2521 245 2591; x_wconf 83' lang='lat' dir='ltr'>amplius</span> <span class='ocrx_word' id='word_1_356' title='bbox 263 2522 319 2574; x_wconf 79' lang='lat'>600</span> <span class='ocrx_word' id='word_1_357' title='bbox 336 2520 419 2574; x_wconf 86' lang='lat' dir='ltr'>annis</span> <span class='ocrx_word' id='word_1_358' title='bbox 432 2520 596 2588; x_wconf 83' lang='lat' dir='ltr'>publicatae</span> <span class='ocrx_word' id='word_1_359' title='bbox 615 2528 678 2574; x_wconf 89' lang='lat' dir='ltr'>sunt</span> <span class='ocrx_word' id='word_1_360' title='bbox 698 2529 763 2574; x_wconf 88' lang='lat' dir='ltr'>ante</span> <span class='ocrx_word' id='word_1_361' title='bbox 778 2522 956 2591; x_wconf 82' lang='lat' dir='ltr'>compilatum</span> <span class='ocrx_word' id='word_1_362' title='bbox 982 2521 1180 2591; x_wconf 86' lang='lat' dir='ltr'>interponatur.</span> <span class='ocrx_word' id='word_1_363' title='bbox 1218 2526 1242 2576; x_wconf 77' lang='grc'>4.</span> <span class='ocrx_word' id='word_1_364' title='bbox 1268 2521 1302 2575; x_wconf 79' lang='lat' dir='ltr'>St</span> <span class='ocrx_word' id='word_1_365' title='bbox 1318 2522 1500 2589; x_wconf 66' lang='lat' dir='ltr'>magistratus</span> <span class='ocrx_word' id='word_1_366' title='bbox 1513 2523 1681 2587; x_wconf 78' lang='lat' dir='ltr'>Pontificius</span> <span class='ocrx_word' id='word_1_367' title='bbox 1692 2527 1815 2582; x_wconf 84' lang='lat' dir='ltr'>sinceros</span> 
     </span>
     <span class='ocr_line' id='line_1_28' title="bbox 122 2606 1814 2680; baseline 0.004 -19"><span class='ocrx_word' id='word_1_368' title='bbox 122 2625 172 2678; x_wconf 81' lang='lat' dir='ltr'>per</span> <span class='ocrx_word' id='word_1_369' title='bbox 202 2606 374 2661; x_wconf 80' lang='lat' dir='ltr'>Gratianum</span> <span class='ocrx_word' id='word_1_370' title='bbox 394 2608 447 2676; x_wconf 83' lang='lat' dir='ltr'>jus</span> <span class='ocrx_word' id='word_1_371' title='bbox 470 2609 643 2665; x_wconf 87' lang='lat' dir='ltr'>canonicum.</span> <span class='ocrx_word' id='word_1_372' title='bbox 680 2607 794 2662; x_wconf 88' lang='lat' dir='ltr'>Lutheri</span> <span class='ocrx_word' id='word_1_373' title='bbox 821 2609 958 2664; x_wconf 89' lang='lat' dir='ltr'>sententia</span> <span class='ocrx_word' id='word_1_374' title='bbox 982 2608 1060 2661; x_wconf 87' lang='lat' dir='ltr'>uerbi</span> <span class='ocrx_word' id='word_1_375' title='bbox 1075 2606 1218 2660; x_wconf 85' lang='lat' dir='ltr'>ministros</span> <span class='ocrx_word' id='word_1_376' title='bbox 1236 2607 1269 2661; x_wconf 86' lang='lat' dir='ltr'>ob</span> <span class='ocrx_word' id='word_1_377' title='bbox 1288 2608 1388 2676; x_wconf 74' lang='lat' dir='ltr'>mium,</span> <span class='ocrx_word' id='word_1_378' title='bbox 1406 2625 1459 2678; x_wconf 83' lang='lat' dir='ltr'>quo</span> <span class='ocrx_word' id='word_1_379' title='bbox 1479 2626 1589 2663; x_wconf 69' lang='lat' dir='ltr'>amores</span> <span class='ocrx_word' id='word_1_380' title='bbox 1602 2611 1725 2680; x_wconf 83' lang='lat' dir='ltr'>papales</span> <span class='ocrx_word' id='word_1_381' title='bbox 1744 2614 1814 2668; x_wconf 72' lang='lat' dir='ltr'>irese-</span> 
     </span>
     <span class='ocr_line' id='line_1_29' title="bbox 126 2680 1813 2767; baseline 0.004 -21"><span class='ocrx_word' id='word_1_382' title='bbox 126 2693 235 2764; x_wconf 89' lang='lat' dir='ltr'>dejure</span> <span class='ocrx_word' id='word_1_383' title='bbox 255 2698 418 2764; x_wconf 89' lang='lat' dir='ltr'>patronatus</span> <span class='ocrx_word' id='word_1_384' title='bbox 436 2699 527 2750; x_wconf 88' lang='lat' dir='ltr'>exstat</span> <span class='ocrx_word' id='word_1_385' title='bbox 539 2695 569 2749; x_wconf 92' lang='lat' dir='ltr'>in</span> <span class='ocrx_word' id='word_1_386' title='bbox 587 2695 677 2765; x_wconf 89' lang='lat' dir='ltr'>prima</span> <span class='ocrx_word' id='word_1_387' title='bbox 689 2699 768 2765; x_wconf 83' lang='lat' dir='ltr'>parte</span> <span class='ocrx_word' id='word_1_388' title='bbox 788 2694 852 2749; x_wconf 84' lang='lat' dir='ltr'>libri</span> <span class='ocrx_word' id='word_1_389' title='bbox 870 2695 956 2766; x_wconf 92' lang='lat' dir='ltr'>ipsius</span> <span class='ocrx_word' id='word_1_390' title='bbox 981 2701 1106 2758; x_wconf 81' lang='lat' dir='ltr'>alantur,</span> <span class='ocrx_word' id='word_1_391' title='bbox 1131 2694 1193 2748; x_wconf 86' lang='lat' dir='ltr'>loco</span> <span class='ocrx_word' id='word_1_392' title='bbox 1219 2680 1327 2748; x_wconf 78' lang='lat' dir='ltr'>moueat</span> <span class='ocrx_word' id='word_1_393' title='bbox 1351 2694 1440 2763; x_wconf 83' lang='lat' dir='ltr'>iisque</span> <span class='ocrx_word' id='word_1_394' title='bbox 1458 2695 1531 2750; x_wconf 85' lang='lat' dir='ltr'>aiios</span> <span class='ocrx_word' id='word_1_395' title='bbox 1549 2696 1672 2752; x_wconf 85' lang='lat' dir='ltr'>sinceros</span> <span class='ocrx_word' id='word_1_396' title='bbox 1693 2700 1813 2767; x_wconf 69' lang='lat' dir='ltr'>curidum,</span> 
     </span>
     <span class='ocr_line' id='line_1_30' title="bbox 126 2780 1814 2853; baseline 0.003 -18"><span class='ocrx_word' id='word_1_397' title='bbox 126 2788 219 2847; x_wconf 73' lang='lat' dir='ltr'>conus</span> <span class='ocrx_word' id='word_1_398' title='bbox 232 2782 365 2836; x_wconf 83' lang='lat' dir='ltr'>coelestes</span> <span class='ocrx_word' id='word_1_399' title='bbox 378 2782 541 2853; x_wconf 88' lang='lat' dir='ltr'>prophetas,</span> <span class='ocrx_word' id='word_1_400' title='bbox 567 2789 633 2837; x_wconf 91' lang='lat' dir='ltr'>tom.</span> <span class='ocrx_word' id='word_1_401' title='bbox 653 2788 676 2838; x_wconf 80' lang='lat'>3.</span> <span class='ocrx_word' id='word_1_402' title='bbox 688 2781 752 2839; x_wconf 78' lang='lat' dir='ltr'>ten.</span> <span class='ocrx_word' id='word_1_403' title='bbox 771 2780 864 2838; x_wconf 82' lang='lat' dir='ltr'>Germ.</span> <span class='ocrx_word' id='word_1_404' title='bbox 881 2783 900 2837; x_wconf 83' lang='lat' dir='ltr'>s.</span> <span class='ocrx_word' id='word_1_405' title='bbox 913 2790 955 2841; x_wconf 74' lang='lat'>55.</span> <span class='ocrx_word' id='word_1_406' title='bbox 981 2783 1034 2835; x_wconf 83' lang='lat' dir='ltr'>sed</span> <span class='ocrx_word' id='word_1_407' title='bbox 1051 2790 1144 2836; x_wconf 86' lang='lat' dir='ltr'>tamea</span> <span class='ocrx_word' id='word_1_408' title='bbox 1161 2782 1286 2836; x_wconf 86' lang='lat' dir='ltr'>mitiores</span> <span class='ocrx_word' id='word_1_409' title='bbox 1305 2782 1467 2852; x_wconf 83' lang='lat' dir='ltr'>substituat,</span> <span class='ocrx_word' id='word_1_410' title='bbox 1491 2791 1664 2852; x_wconf 64' lang='lat' dir='ltr'>repugnante</span> <span class='ocrx_word' id='word_1_411' title='bbox 1688 2785 1717 2837; x_wconf 89' lang='lat' dir='ltr'>in</span> <span class='ocrx_word' id='word_1_412' title='bbox 1740 2794 1814 2841; x_wconf 87' lang='lat' dir='ltr'>utro·</span> 
     </span>
     <span class='ocr_line' id='line_1_31' title="bbox 127 2867 1813 2942; baseline 0.004 -21"><span class='ocrx_word' id='word_1_413' title='bbox 127 2884 200 2939; x_wconf 89' lang='lat' dir='ltr'>seqq.</span> <span class='ocrx_word' id='word_1_414' title='bbox 223 2868 321 2924; x_wconf 89' lang='lat' dir='ltr'>eadem</span> <span class='ocrx_word' id='word_1_415' title='bbox 344 2868 446 2923; x_wconf 88' lang='lat' dir='ltr'>clarius</span> <span class='ocrx_word' id='word_1_416' title='bbox 473 2868 593 2939; x_wconf 87' lang='lat' dir='ltr'>repetita</span> <span class='ocrx_word' id='word_1_417' title='bbox 610 2868 639 2922; x_wconf 92' lang='lat' dir='ltr'>in</span> <span class='ocrx_word' id='word_1_418' title='bbox 659 2867 765 2936; x_wconf 90' lang='lat' dir='ltr'>libello,</span> <span class='ocrx_word' id='word_1_419' title='bbox 793 2869 838 2923; x_wconf 91' lang='lat' dir='ltr'>cui</span> <span class='ocrx_word' id='word_1_420' title='bbox 858 2869 955 2924; x_wconf 92' lang='lat' dir='ltr'>titulus</span> <span class='ocrx_word' id='word_1_421' title='bbox 982 2885 1033 2939; x_wconf 76' lang='lat' dir='ltr'>que</span> <span class='ocrx_word' id='word_1_422' title='bbox 1057 2869 1137 2931; x_wconf 85' lang='lat' dir='ltr'>facto</span> <span class='ocrx_word' id='word_1_423' title='bbox 1162 2869 1294 2933; x_wconf 83' lang='lat' dir='ltr'>ecclesia,</span> <span class='ocrx_word' id='word_1_424' title='bbox 1323 2887 1388 2922; x_wconf 88' lang='lat' dir='ltr'>num</span> <span class='ocrx_word' id='word_1_425' title='bbox 1411 2886 1600 2923; x_wconf 72' lang='lat' dir='ltr'>succmsorum</span> <span class='ocrx_word' id='word_1_426' title='bbox 1622 2872 1732 2925; x_wconf 85' lang='lat' dir='ltr'>occatio</span> <span class='ocrx_word' id='word_1_427' title='bbox 1755 2890 1813 2942; x_wconf 84' lang='lat' dir='ltr'>pro</span> 
     </span>
     <span class='ocr_line' id='line_1_32' title="bbox 127 2954 1815 3027; baseline 0.002 -17"><span class='ocrx_word' id='word_1_428' title='bbox 127 2956 268 3026; x_wconf 72' lang='lat' dir='ltr'>aeternat</span> <span class='ocrx_word' id='word_1_429' title='bbox 301 2970 337 3011; x_wconf 84' lang='lat' dir='ltr'>att</span> <span class='ocrx_word' id='word_1_430' title='bbox 362 2956 402 3012; x_wconf 79' lang='lat' dir='ltr'>bit</span> <span class='ocrx_word' id='word_1_431' title='bbox 425 2955 587 3027; x_wconf 62' lang='lat' dir='ltr'>titulatum</span> <span class='ocrx_word' id='word_1_432' title='bbox 619 2956 661 3011; x_wconf 77' lang='lat' dir='ltr'>bet</span> <span class='ocrx_word' id='word_1_433' title='bbox 684 2955 790 3024; x_wconf 71' lang='lat' dir='ltr'>atram</span> <span class='ocrx_word' id='word_1_434' title='bbox 821 2954 857 3009; x_wconf 82' lang='lat' dir='ltr'>im</span> <span class='ocrx_word' id='word_1_435' title='bbox 887 2957 955 3012; x_wconf 68' lang='lat' dir='ltr'>aaa</span> <span class='ocrx_word' id='word_1_436' title='bbox 982 2956 1107 3024; x_wconf 65' lang='lat' dir='ltr'>legitima</span> <span class='ocrx_word' id='word_1_437' title='bbox 1123 2955 1253 3009; x_wconf 79' lang='lat' dir='ltr'>habenda</span> <span class='ocrx_word' id='word_1_438' title='bbox 1269 2963 1310 3008; x_wconf 85' lang='lat' dir='ltr'>eet</span> <span class='ocrx_word' id='word_1_439' title='bbox 1328 2964 1354 3009; x_wconf 87' lang='lat' dir='ltr'>et</span> <span class='ocrx_word' id='word_1_440' title='bbox 1367 2957 1481 3010; x_wconf 74' lang='lat' dir='ltr'>silonem</span> <span class='ocrx_word' id='word_1_441' title='bbox 1493 2957 1647 3012; x_wconf 63' lang='lat' dir='ltr'>minuatur-io</span> <span class='ocrx_word' id='word_1_442' title='bbox 1663 2961 1815 3014; x_wconf 64' lang='lat' dir='ltr'>mensium!</span> 
     </span>
    </p>

    <p class='ocr_par' dir='ltr' id='par_1_4' title="bbox 41 3041 1945 5547">
     <span class='ocr_line' id='line_1_33' title="bbox 41 3041 1812 3118; baseline 0.01 -34"><span class='ocrx_word' id='word_1_443' title='bbox 41 3042 295 3113; x_wconf 63' lang='lat' dir='ltr'>samasiensium</span> <span class='ocrx_word' id='word_1_444' title='bbox 316 3042 443 3112; x_wconf 56' lang='lat' dir='ltr'>&amp;urbiam</span> <span class='ocrx_word' id='word_1_445' title='bbox 472 3041 547 3097; x_wconf 92' lang='lat' dir='ltr'>edito</span> <span class='ocrx_word' id='word_1_446' title='bbox 564 3059 637 3096; x_wconf 88' lang='lat' dir='ltr'>anno</span> <span class='ocrx_word' id='word_1_447' title='bbox 658 3047 731 3098; x_wconf 77' lang='lat'><strong>1528.</strong></span> <span class='ocrx_word' id='word_1_448' title='bbox 749 3048 814 3095; x_wconf 90' lang='lat' dir='ltr'>tom.</span> <span class='ocrx_word' id='word_1_449' title='bbox 841 3048 865 3097; x_wconf 82' lang='grc'>4.</span> <span class='ocrx_word' id='word_1_450' title='bbox 890 3041 954 3098; x_wconf 78' lang='lat' dir='ltr'>den.</span> <span class='ocrx_word' id='word_1_451' title='bbox 980 3041 1418 3114; x_wconf 85' lang='lat' dir='ltr'>Respondemus:Kautimannns</span> <span class='ocrx_word' id='word_1_452' title='bbox 1428 3044 1457 3097; x_wconf 93' lang='lat' dir='ltr'>in</span> <span class='ocrx_word' id='word_1_453' title='bbox 1466 3044 1691 3117; x_wconf 72' lang='lat' dir='ltr'>troodedooxoltq</span> <span class='ocrx_word' id='word_1_454' title='bbox 1699 3062 1763 3118; x_wconf 84' lang='lat' dir='ltr'>pag.</span> <span class='ocrx_word' id='word_1_455' title='bbox 1772 3051 1812 3103; x_wconf 79' lang='lat' dir='ltr'>tt.</span> 
     </span>
     <span class='ocr_line' id='line_1_34' title="bbox 127 3126 1811 3203; baseline 0.003 -20"><span class='ocrx_word' id='word_1_456' title='bbox 127 3127 215 3185; x_wconf 80' lang='lat' dir='ltr'>Germ.</span> <span class='ocrx_word' id='word_1_457' title='bbox 234 3128 255 3184; x_wconf 82' lang='lat' dir='ltr'>f.</span> <span class='ocrx_word' id='word_1_458' title='bbox 277 3133 336 3184; x_wconf 78' lang='lat'>357.</span> <span class='ocrx_word' id='word_1_459' title='bbox 354 3126 383 3182; x_wconf 93' lang='lat' dir='ltr'>in</span> <span class='ocrx_word' id='word_1_460' title='bbox 400 3145 455 3200; x_wconf 92' lang='lat' dir='ltr'>quo</span> <span class='ocrx_word' id='word_1_461' title='bbox 475 3127 615 3183; x_wconf 87' lang='lat' dir='ltr'>Lutherus</span> <span class='ocrx_word' id='word_1_462' title='bbox 634 3133 662 3183; x_wconf 91' lang='lat' dir='ltr'>et</span> <span class='ocrx_word' id='word_1_463' title='bbox 680 3127 726 3182; x_wconf 87' lang='lat' dir='ltr'>alii</span> <span class='ocrx_word' id='word_1_464' title='bbox 743 3127 878 3200; x_wconf 87' lang='lat' dir='ltr'>theologi,</span> <span class='ocrx_word' id='word_1_465' title='bbox 906 3128 954 3198; x_wconf 89' lang='lat' dir='ltr'>qui</span> <span class='ocrx_word' id='word_1_466' title='bbox 980 3135 1065 3201; x_wconf 87' lang='lat' dir='ltr'>negat</span> <span class='ocrx_word' id='word_1_467' title='bbox 1083 3129 1159 3185; x_wconf 87' lang='lat' dir='ltr'>hisce</span> <span class='ocrx_word' id='word_1_468' title='bbox 1178 3130 1315 3185; x_wconf 85' lang='lat' dir='ltr'>adductus</span> <span class='ocrx_word' id='word_1_469' title='bbox 1334 3130 1496 3185; x_wconf 85' lang='lat' dir='ltr'>rationibus.</span> <span class='ocrx_word' id='word_1_470' title='bbox 1524 3131 1617 3184; x_wconf 86' lang='lat' dir='ltr'>Primo</span> <span class='ocrx_word' id='word_1_471' title='bbox 1633 3132 1681 3201; x_wconf 83' lang='lat' dir='ltr'>jus</span> <span class='ocrx_word' id='word_1_472' title='bbox 1698 3131 1811 3203; x_wconf 90' lang='lat' dir='ltr'>plenum</span> 
     </span>
     <span class='ocr_line' id='line_1_35' title="bbox 126 3215 1812 3290; baseline 0.002 -20"><span class='ocrx_word' id='word_1_473' title='bbox 126 3216 302 3288; x_wconf 84' lang='lat' dir='ltr'>Witebergae</span> <span class='ocrx_word' id='word_1_474' title='bbox 321 3221 388 3271; x_wconf 92' lang='lat' dir='ltr'>tunc</span> <span class='ocrx_word' id='word_1_475' title='bbox 406 3215 572 3285; x_wconf 87' lang='lat' dir='ltr'>docuerunt,</span> <span class='ocrx_word' id='word_1_476' title='bbox 597 3215 650 3287; x_wconf 90' lang='lat' dir='ltr'>piis</span> <span class='ocrx_word' id='word_1_477' title='bbox 667 3215 844 3270; x_wconf 87' lang='lat' dir='ltr'>ecclesiarum</span> <span class='ocrx_word' id='word_1_478' title='bbox 861 3222 953 3287; x_wconf 91' lang='lat' dir='ltr'>patro·</span> <span class='ocrx_word' id='word_1_479' title='bbox 980 3217 1008 3270; x_wconf 92' lang='lat' dir='ltr'>in</span> <span class='ocrx_word' id='word_1_480' title='bbox 1037 3217 1234 3272; x_wconf 89' lang='lat' dir='ltr'>constitutione</span> <span class='ocrx_word' id='word_1_481' title='bbox 1257 3217 1443 3272; x_wconf 87' lang='lat' dir='ltr'>ministrarum</span> <span class='ocrx_word' id='word_1_482' title='bbox 1469 3216 1570 3290; x_wconf 86' lang='lat' dir='ltr'>agendi</span> <span class='ocrx_word' id='word_1_483' title='bbox 1597 3233 1647 3287; x_wconf 92' lang='lat' dir='ltr'>pro</span> <span class='ocrx_word' id='word_1_484' title='bbox 1672 3218 1754 3274; x_wconf 90' lang='lat' dir='ltr'>libitu</span> <span class='ocrx_word' id='word_1_485' title='bbox 1783 3224 1812 3275; x_wconf 92' lang='lat' dir='ltr'>et</span> 
     </span>
     <span class='ocr_line' id='line_1_36' title="bbox 127 3303 1812 3376; baseline 0.002 -19"><span class='ocrx_word' id='word_1_486' title='bbox 127 3303 165 3357; x_wconf 89' lang='lat' dir='ltr'>nis</span> <span class='ocrx_word' id='word_1_487' title='bbox 184 3305 231 3374; x_wconf 82' lang='lat' dir='ltr'>jus</span> <span class='ocrx_word' id='word_1_488' title='bbox 256 3303 388 3359; x_wconf 84' lang='lat' dir='ltr'>suumin</span> <span class='ocrx_word' id='word_1_489' title='bbox 407 3304 625 3357; x_wconf 68' lang='lat' dir='ltr'>denominandos</span> <span class='ocrx_word' id='word_1_490' title='bbox 645 3303 810 3372; x_wconf 79' lang='lat' dir='ltr'>pastoribus</span> <span class='ocrx_word' id='word_1_491' title='bbox 832 3311 857 3357; x_wconf 88' lang='lat' dir='ltr'>et</span> <span class='ocrx_word' id='word_1_492' title='bbox 877 3320 953 3358; x_wconf 88' lang='lat' dir='ltr'>acce·</span> <span class='ocrx_word' id='word_1_493' title='bbox 979 3304 1146 3359; x_wconf 89' lang='lat' dir='ltr'>obtrudendi</span> <span class='ocrx_word' id='word_1_494' title='bbox 1166 3304 1334 3376; x_wconf 81' lang='lat' dir='ltr'>evangelicis</span> <span class='ocrx_word' id='word_1_495' title='bbox 1352 3303 1477 3359; x_wconf 90' lang='lat' dir='ltr'>ecclesiis</span> <span class='ocrx_word' id='word_1_496' title='bbox 1496 3304 1717 3370; x_wconf 87' lang='lat' dir='ltr'>concionatores,</span> <span class='ocrx_word' id='word_1_497' title='bbox 1742 3322 1812 3376; x_wconf 91' lang='lat' dir='ltr'>quos</span> 
     </span>
     <span class='ocr_line' id='line_1_37' title="bbox 128 3391 1812 3463; baseline 0.002 -19"><span class='ocrx_word' id='word_1_498' title='bbox 128 3393 202 3445; x_wconf 82' lang='lat' dir='ltr'>dente</span> <span class='ocrx_word' id='word_1_499' title='bbox 228 3391 364 3445; x_wconf 85' lang='lat' dir='ltr'>eeclesiae</span> <span class='ocrx_word' id='word_1_500' title='bbox 389 3407 524 3444; x_wconf 83' lang='lat' dir='ltr'>consensu</span> <span class='ocrx_word' id='word_1_501' title='bbox 543 3393 594 3460; x_wconf 84' lang='lat' dir='ltr'>jus</span> <span class='ocrx_word' id='word_1_502' title='bbox 620 3392 730 3444; x_wconf 84' lang='lat' dir='ltr'>eosdem</span> <span class='ocrx_word' id='word_1_503' title='bbox 752 3391 955 3460; x_wconf 81' lang='lat' dir='ltr'>praesentandi</span> <span class='ocrx_word' id='word_1_504' title='bbox 979 3392 1062 3461; x_wconf 86' lang='lat' dir='ltr'>velit,</span> <span class='ocrx_word' id='word_1_505' title='bbox 1094 3395 1131 3447; x_wconf 88' lang='lat' dir='ltr'>ne&#39;</span> <span class='ocrx_word' id='word_1_506' title='bbox 1155 3391 1267 3463; x_wconf 89' lang='lat' dir='ltr'>quidem</span> <span class='ocrx_word' id='word_1_507' title='bbox 1290 3391 1330 3444; x_wconf 92' lang='lat' dir='ltr'>illi</span> <span class='ocrx_word' id='word_1_508' title='bbox 1355 3391 1530 3461; x_wconf 79' lang='lat' dir='ltr'>magiitratui</span> <span class='ocrx_word' id='word_1_509' title='bbox 1560 3391 1733 3460; x_wconf 88' lang='lat' dir='ltr'>conceditur,</span> <span class='ocrx_word' id='word_1_510' title='bbox 1763 3392 1812 3462; x_wconf 90' lang='lat' dir='ltr'>qui</span> 
     </span>
     <span class='ocr_line' id='line_1_38' title="bbox 128 3476 1813 3556; baseline 0.002 -26"><span class='ocrx_word' id='word_1_511' title='bbox 128 3479 369 3533; x_wconf 84' lang='lat' dir='ltr'>seuoocandinon</span> <span class='ocrx_word' id='word_1_512' title='bbox 386 3481 468 3533; x_wconf 85' lang='lat' dir='ltr'>modo</span> <span class='ocrx_word' id='word_1_513' title='bbox 481 3480 663 3548; x_wconf 79' lang='lat' dir='ltr'>reliquerant,</span> <span class='ocrx_word' id='word_1_514' title='bbox 682 3479 829 3532; x_wconf 84' lang='lat' dir='ltr'>sedetiam</span> <span class='ocrx_word' id='word_1_515' title='bbox 850 3486 952 3548; x_wconf 68' lang='lat' dir='ltr'>aqmro·</span> <span class='ocrx_word' id='word_1_516' title='bbox 979 3478 1144 3534; x_wconf 89' lang='lat' dir='ltr'>confessioni</span> <span class='ocrx_word' id='word_1_517' title='bbox 1170 3479 1294 3532; x_wconf 86' lang='lat' dir='ltr'>sincerae</span> <span class='ocrx_word' id='word_1_518' title='bbox 1318 3477 1459 3532; x_wconf 89' lang='lat' dir='ltr'>doctrinae</span> <span class='ocrx_word' id='word_1_519' title='bbox 1484 3476 1612 3531; x_wconf 90' lang='lat' dir='ltr'>addictus</span> <span class='ocrx_word' id='word_1_520' title='bbox 1638 3485 1695 3546; x_wconf 89' lang='lat' dir='ltr'>est,</span> <span class='ocrx_word' id='word_1_521' title='bbox 1726 3479 1813 3556; x_wconf 74' lang='lat' dir='ltr'>multo</span> 
     </span>
     <span class='ocr_line' id='line_1_39' title="bbox 128 3563 1812 3636; baseline 0.001 -18"><span class='ocrx_word' id='word_1_522' title='bbox 128 3566 228 3620; x_wconf 81' lang='lat' dir='ltr'>larunt.</span> <span class='ocrx_word' id='word_1_523' title='bbox 264 3564 338 3621; x_wconf 85' lang='lat' dir='ltr'>Sane</span> <span class='ocrx_word' id='word_1_524' title='bbox 356 3570 505 3620; x_wconf 89' lang='lat' dir='ltr'>occurrunt</span> <span class='ocrx_word' id='word_1_525' title='bbox 523 3564 625 3619; x_wconf 89' lang='lat' dir='ltr'>alicubi</span> <span class='ocrx_word' id='word_1_526' title='bbox 650 3564 816 3634; x_wconf 82' lang='lat' dir='ltr'>in‘scriptis</span> <span class='ocrx_word' id='word_1_527' title='bbox 837 3564 952 3619; x_wconf 88' lang='lat' dir='ltr'>Lutheri</span> <span class='ocrx_word' id='word_1_528' title='bbox 980 3567 1070 3620; x_wconf 88' lang='lat' dir='ltr'>minus</span> <span class='ocrx_word' id='word_1_529' title='bbox 1094 3565 1181 3636; x_wconf 89' lang='lat' dir='ltr'>igitur</span> <span class='ocrx_word' id='word_1_530' title='bbox 1205 3564 1378 3635; x_wconf 83' lang='lat' dir='ltr'>magistratui</span> <span class='ocrx_word' id='word_1_531' title='bbox 1403 3563 1520 3618; x_wconf 88' lang='lat' dir='ltr'>alienam</span> <span class='ocrx_word' id='word_1_532' title='bbox 1544 3563 1704 3635; x_wconf 82' lang='lat' dir='ltr'>religionem</span> <span class='ocrx_word' id='word_1_533' title='bbox 1730 3564 1812 3635; x_wconf 88' lang='lat' dir='ltr'>profi·</span> 
     </span>
     <span class='ocr_line' id='line_1_40' title="bbox 128 3650 1811 3726; baseline -0.001 -18"><span class='ocrx_word' id='word_1_534' title='bbox 128 3654 270 3724; x_wconf 90' lang='lat' dir='ltr'>quaedam,</span> <span class='ocrx_word' id='word_1_535' title='bbox 298 3669 371 3724; x_wconf 90' lang='lat' dir='ltr'>quae</span> <span class='ocrx_word' id='word_1_536' title='bbox 393 3659 488 3707; x_wconf 90' lang='lat' dir='ltr'>contra</span> <span class='ocrx_word' id='word_1_537' title='bbox 510 3652 558 3723; x_wconf 89' lang='lat' dir='ltr'>jus</span> <span class='ocrx_word' id='word_1_538' title='bbox 576 3656 740 3723; x_wconf 85' lang='lat' dir='ltr'>patronatus</span> <span class='ocrx_word' id='word_1_539' title='bbox 759 3650 827 3705; x_wconf 87' lang='lat' dir='ltr'>satis</span> <span class='ocrx_word' id='word_1_540' title='bbox 849 3651 953 3705; x_wconf 86' lang='lat' dir='ltr'>duriter</span> <span class='ocrx_word' id='word_1_541' title='bbox 980 3653 1048 3707; x_wconf 89' lang='lat' dir='ltr'>tenti</span> <span class='ocrx_word' id='word_1_542' title='bbox 1068 3654 1120 3706; x_wconf 91' lang='lat' dir='ltr'>hoc</span> <span class='ocrx_word' id='word_1_543' title='bbox 1139 3653 1192 3706; x_wconf 85' lang='lat' dir='ltr'>erit</span> <span class='ocrx_word' id='word_1_544' title='bbox 1212 3651 1358 3722; x_wconf 87' lang='lat' dir='ltr'>integrum.</span> <span class='ocrx_word' id='word_1_545' title='bbox 1398 3650 1525 3706; x_wconf 89' lang='lat' dir='ltr'>Secundo</span> <span class='ocrx_word' id='word_1_546' title='bbox 1549 3650 1727 3721; x_wconf 86' lang='lat' dir='ltr'>magistratus</span> <span class='ocrx_word' id='word_1_547' title='bbox 1739 3652 1811 3726; x_wconf 78' lang='lat' dir='ltr'>Ppu-</span> 
     </span>
     <span class='ocr_line' id='line_1_41' title="bbox 127 3736 1812 3812; baseline 0 -19"><span class='ocrx_word' id='word_1_548' title='bbox 127 3740 247 3797; x_wconf 83' lang='lat' dir='ltr'>ridentur</span> <span class='ocrx_word' id='word_1_549' title='bbox 266 3740 460 3812; x_wconf 87' lang='lat' dir='ltr'>pronuntiata,</span> <span class='ocrx_word' id='word_1_550' title='bbox 478 3739 528 3794; x_wconf 90' lang='lat' dir='ltr'>sed</span> <span class='ocrx_word' id='word_1_551' title='bbox 546 3756 642 3794; x_wconf 88' lang='lat' dir='ltr'>sensus</span> <span class='ocrx_word' id='word_1_552' title='bbox 661 3739 797 3792; x_wconf 77' lang='lat' dir='ltr'>dictorum</span> <span class='ocrx_word' id='word_1_553' title='bbox 817 3739 953 3809; x_wconf 89' lang='lat' dir='ltr'>petendus</span> <span class='ocrx_word' id='word_1_554' title='bbox 980 3738 1081 3793; x_wconf 88' lang='lat' dir='ltr'>tificius</span> <span class='ocrx_word' id='word_1_555' title='bbox 1088 3754 1122 3792; x_wconf 89' lang='lat' dir='ltr'>ne</span> <span class='ocrx_word' id='word_1_556' title='bbox 1129 3739 1187 3791; x_wconf 92' lang='lat' dir='ltr'>suis</span> <span class='ocrx_word' id='word_1_557' title='bbox 1195 3737 1307 3808; x_wconf 88' lang='lat' dir='ltr'>quidem</span> <span class='ocrx_word' id='word_1_558' title='bbox 1321 3736 1445 3792; x_wconf 87' lang='lat' dir='ltr'>ecclesiis</span> <span class='ocrx_word' id='word_1_559' title='bbox 1455 3736 1624 3791; x_wconf 86' lang='lat' dir='ltr'>sacrificulos</span> <span class='ocrx_word' id='word_1_560' title='bbox 1633 3737 1812 3807; x_wconf 87' lang='lat' dir='ltr'>praeficiendi</span> 
     </span>
     <span class='ocr_line' id='line_1_42' title="bbox 127 3823 1811 3896; baseline -0.002 -15"><span class='ocrx_word' id='word_1_561' title='bbox 127 3843 156 3881; x_wconf 83' lang='lat' dir='ltr'>ex</span> <span class='ocrx_word' id='word_1_562' title='bbox 174 3829 262 3882; x_wconf 87' lang='lat' dir='ltr'>causis</span> <span class='ocrx_word' id='word_1_563' title='bbox 282 3826 404 3890; x_wconf 85' lang='lat' dir='ltr'>dicendi;</span> <span class='ocrx_word' id='word_1_564' title='bbox 420 3843 483 3882; x_wconf 91' lang='lat' dir='ltr'>cum</span> <span class='ocrx_word' id='word_1_565' title='bbox 503 3826 576 3881; x_wconf 93' lang='lat' dir='ltr'>enim</span> <span class='ocrx_word' id='word_1_566' title='bbox 593 3825 716 3881; x_wconf 84' lang='lat' dir='ltr'>revelata</span> <span class='ocrx_word' id='word_1_567' title='bbox 735 3824 872 3895; x_wconf 81' lang='lat' dir='ltr'>evangelii</span> <span class='ocrx_word' id='word_1_568' title='bbox 892 3825 953 3878; x_wconf 90' lang='lat' dir='ltr'>luce</span> <span class='ocrx_word' id='word_1_569' title='bbox 977 3828 1024 3896; x_wconf 87' lang='lat' dir='ltr'>jus</span> <span class='ocrx_word' id='word_1_570' title='bbox 1041 3825 1135 3892; x_wconf 89' lang='lat' dir='ltr'>habet,</span> <span class='ocrx_word' id='word_1_571' title='bbox 1156 3839 1223 3894; x_wconf 88' lang='lat' dir='ltr'>ergo</span> <span class='ocrx_word' id='word_1_572' title='bbox 1241 3823 1328 3878; x_wconf 90' lang='lat' dir='ltr'>multo</span> <span class='ocrx_word' id='word_1_573' title='bbox 1343 3823 1433 3878; x_wconf 88' lang='lat' dir='ltr'>minus</span> <span class='ocrx_word' id='word_1_574' title='bbox 1452 3828 1616 3893; x_wconf 85' lang='lat' dir='ltr'>potestatem</span> <span class='ocrx_word' id='word_1_575' title='bbox 1627 3823 1713 3878; x_wconf 90' lang='lat' dir='ltr'>habet</span> <span class='ocrx_word' id='word_1_576' title='bbox 1729 3841 1811 3879; x_wconf 84' lang='lat' dir='ltr'>evan-</span> 
     </span>
     <span class='ocr_line' id='line_1_43' title="bbox 128 3907 1812 3985; baseline -0.001 -17"><span class='ocrx_word' id='word_1_577' title='bbox 128 3914 185 3984; x_wconf 88' lang='lat' dir='ltr'>piae</span> <span class='ocrx_word' id='word_1_578' title='bbox 202 3914 336 3970; x_wconf 87' lang='lat' dir='ltr'>ecclesiae</span> <span class='ocrx_word' id='word_1_579' title='bbox 354 3914 406 3969; x_wconf 90' lang='lat' dir='ltr'>sub</span> <span class='ocrx_word' id='word_1_580' title='bbox 419 3916 489 3985; x_wconf 86' lang='lat' dir='ltr'>jugo</span> <span class='ocrx_word' id='word_1_581' title='bbox 502 3913 663 3969; x_wconf 82' lang='lat' dir='ltr'>Pontificius</span> <span class='ocrx_word' id='word_1_582' title='bbox 676 3911 831 3982; x_wconf 88' lang='lat' dir='ltr'>tyrannidis</span> <span class='ocrx_word' id='word_1_583' title='bbox 843 3928 953 3981; x_wconf 88' lang='lat' dir='ltr'>gemeu·</span> <span class='ocrx_word' id='word_1_584' title='bbox 979 3911 1076 3982; x_wconf 83' lang='lat' dir='ltr'>gelicis</span> <span class='ocrx_word' id='word_1_585' title='bbox 1106 3910 1230 3965; x_wconf 88' lang='lat' dir='ltr'>ecclesiis</span> <span class='ocrx_word' id='word_1_586' title='bbox 1261 3909 1401 3963; x_wconf 87' lang='lat' dir='ltr'>ministros</span> <span class='ocrx_word' id='word_1_587' title='bbox 1433 3907 1608 3964; x_wconf 88' lang='lat' dir='ltr'>obtrudendi.</span> <span class='ocrx_word' id='word_1_588' title='bbox 1652 3909 1747 3966; x_wconf 83' lang='lat' dir='ltr'>Tertio</span> <span class='ocrx_word' id='word_1_589' title='bbox 1779 3927 1812 3966; x_wconf 89' lang='lat' dir='ltr'>ea</span> 
     </span>
     <span class='ocr_line' id='line_1_44' title="bbox 128 3995 1810 4071; baseline -0.002 -15"><span class='ocrx_word' id='word_1_590' title='bbox 128 4008 164 4056; x_wconf 89' lang='lat' dir='ltr'>tes</span> <span class='ocrx_word' id='word_1_591' title='bbox 182 4001 301 4056; x_wconf 90' lang='lat' dir='ltr'>sinceros</span> <span class='ocrx_word' id='word_1_592' title='bbox 319 4008 443 4071; x_wconf 88' lang='lat' dir='ltr'>pastores</span> <span class='ocrx_word' id='word_1_593' title='bbox 462 4006 637 4070; x_wconf 84' lang='lat' dir='ltr'>expeterent,</span> <span class='ocrx_word' id='word_1_594' title='bbox 666 3998 795 4070; x_wconf 89' lang='lat' dir='ltr'>papistici</span> <span class='ocrx_word' id='word_1_595' title='bbox 820 4014 885 4051; x_wconf 85' lang='lat' dir='ltr'>vero</span> <span class='ocrx_word' id='word_1_596' title='bbox 905 4014 953 4067; x_wconf 89' lang='lat' dir='ltr'>pa·</span> <span class='ocrx_word' id='word_1_597' title='bbox 980 3997 1088 4051; x_wconf 89' lang='lat' dir='ltr'>demum</span> <span class='ocrx_word' id='word_1_598' title='bbox 1104 3997 1213 4050; x_wconf 85' lang='lat' dir='ltr'>vocatio</span> <span class='ocrx_word' id='word_1_599' title='bbox 1226 4000 1268 4049; x_wconf 90' lang='lat' dir='ltr'>est</span> <span class='ocrx_word' id='word_1_600' title='bbox 1279 3995 1413 4066; x_wconf 88' lang='lat' dir='ltr'>legitima,</span> <span class='ocrx_word' id='word_1_601' title='bbox 1432 3995 1460 4048; x_wconf 92' lang='lat' dir='ltr'>in</span> <span class='ocrx_word' id='word_1_602' title='bbox 1475 4011 1531 4066; x_wconf 90' lang='lat' dir='ltr'>qua</span> <span class='ocrx_word' id='word_1_603' title='bbox 1549 3995 1589 4048; x_wconf 90' lang='lat' dir='ltr'>illi</span> <span class='ocrx_word' id='word_1_604' title='bbox 1606 3996 1810 4068; x_wconf 86' lang='lat' dir='ltr'>praeficiuntur,</span> 
     </span>
     <span class='ocr_line' id='line_1_45' title="bbox 127 4080 1810 4158; baseline -0.002 -16"><span class='ocrx_word' id='word_1_605' title='bbox 127 4089 192 4142; x_wconf 90' lang='lat' dir='ltr'>troni</span> <span class='ocrx_word' id='word_1_606' title='bbox 216 4093 243 4143; x_wconf 88' lang='lat' dir='ltr'>et</span> <span class='ocrx_word' id='word_1_607' title='bbox 268 4087 345 4157; x_wconf 90' lang='lat' dir='ltr'>impii</span> <span class='ocrx_word' id='word_1_608' title='bbox 371 4086 496 4157; x_wconf 87' lang='lat' dir='ltr'>episcopi</span> <span class='ocrx_word' id='word_1_609' title='bbox 520 4086 657 4158; x_wconf 85' lang='lat' dir='ltr'>evangelii</span> <span class='ocrx_word' id='word_1_610' title='bbox 684 4089 873 4156; x_wconf 86' lang='lat' dir='ltr'>persecutores</span> <span class='ocrx_word' id='word_1_611' title='bbox 903 4098 952 4154; x_wconf 89' lang='lat' dir='ltr'>pre</span> <span class='ocrx_word' id='word_1_612' title='bbox 980 4083 1027 4154; x_wconf 89' lang='lat' dir='ltr'>qui</span> <span class='ocrx_word' id='word_1_613' title='bbox 1045 4089 1161 4156; x_wconf 89' lang='lat' dir='ltr'>possunt</span> <span class='ocrx_word' id='word_1_614' title='bbox 1179 4085 1300 4153; x_wconf 67' lang='grc' dir='ltr'>ἐλέγχειν</span> <span class='ocrx_word' id='word_1_615' title='bbox 1326 4081 1389 4142; x_wconf 81' lang='grc' dir='ltr'><em>τοὺς</em></span> <span class='ocrx_word' id='word_1_616' title='bbox 1409 4080 1609 4153; x_wconf 73' lang='grc' dir='ltr'>ἀντιλέγοντας,</span> <span class='ocrx_word' id='word_1_617' title='bbox 1646 4081 1701 4138; x_wconf 86' lang='lat' dir='ltr'>Sed</span> <span class='ocrx_word' id='word_1_618' title='bbox 1715 4082 1810 4138; x_wconf 88' lang='lat' dir='ltr'>Ponti·</span> 
     </span>
     <span class='ocr_line' id='line_1_46' title="bbox 127 4169 1810 4243; baseline -0.001 -16"><span class='ocrx_word' id='word_1_619' title='bbox 127 4173 276 4242; x_wconf 86' lang='lat' dir='ltr'>pastoribus</span> <span class='ocrx_word' id='word_1_620' title='bbox 301 4173 383 4243; x_wconf 89' lang='lat' dir='ltr'>lupos</span> <span class='ocrx_word' id='word_1_621' title='bbox 412 4172 468 4226; x_wconf 90' lang='lat' dir='ltr'>illis</span> <span class='ocrx_word' id='word_1_622' title='bbox 494 4172 674 4227; x_wconf 89' lang='lat' dir='ltr'>obtruderent</span> <span class='ocrx_word' id='word_1_623' title='bbox 704 4176 732 4228; x_wconf 90' lang='lat' dir='ltr'>et</span> <span class='ocrx_word' id='word_1_624' title='bbox 764 4170 817 4225; x_wconf 91' lang='lat' dir='ltr'>hac</span> <span class='ocrx_word' id='word_1_625' title='bbox 845 4170 953 4225; x_wconf 89' lang='lat' dir='ltr'>ratione</span> <span class='ocrx_word' id='word_1_626' title='bbox 978 4170 1057 4226; x_wconf 89' lang='lat' dir='ltr'>ficius</span> <span class='ocrx_word' id='word_1_627' title='bbox 1074 4169 1254 4242; x_wconf 86' lang='lat' dir='ltr'>magistratus</span> <span class='ocrx_word' id='word_1_628' title='bbox 1271 4170 1340 4225; x_wconf 84' lang='lat' dir='ltr'>tales</span> <span class='ocrx_word' id='word_1_629' title='bbox 1360 4169 1498 4224; x_wconf 89' lang='lat' dir='ltr'>ministros</span> <span class='ocrx_word' id='word_1_630' title='bbox 1517 4169 1650 4225; x_wconf 89' lang='lat' dir='ltr'>ecclesiae</span> <span class='ocrx_word' id='word_1_631' title='bbox 1669 4187 1810 4243; x_wconf 89' lang='lat' dir='ltr'>nunquam</span> 
     </span>
     <span class='ocr_line' id='line_1_47' title="bbox 127 4255 1809 4329; baseline 0.001 -19"><span class='ocrx_word' id='word_1_632' title='bbox 127 4261 275 4315; x_wconf 69' lang='lat' dir='ltr'>emtimtem</span> <span class='ocrx_word' id='word_1_633' title='bbox 307 4258 432 4314; x_wconf 89' lang='lat' dir='ltr'>ecclesiis</span> <span class='ocrx_word' id='word_1_634' title='bbox 463 4259 639 4329; x_wconf 89' lang='lat' dir='ltr'>inducerent,</span> <span class='ocrx_word' id='word_1_635' title='bbox 675 4258 714 4313; x_wconf 92' lang='lat' dir='ltr'>ibi</span> <span class='ocrx_word' id='word_1_636' title='bbox 754 4263 864 4312; x_wconf 88' lang='lat' dir='ltr'>coactus</span> <span class='ocrx_word' id='word_1_637' title='bbox 898 4255 953 4311; x_wconf 84' lang='lat' dir='ltr'>fuit</span> <span class='ocrx_word' id='word_1_638' title='bbox 978 4257 1127 4328; x_wconf 86' lang='lat' dir='ltr'>praeficiat.</span> <span class='ocrx_word' id='word_1_639' title='bbox 1159 4256 1407 4328; x_wconf 75' lang='lat' dir='ltr'>Quarulegitima</span> <span class='ocrx_word' id='word_1_640' title='bbox 1427 4256 1533 4312; x_wconf 86' lang='lat' dir='ltr'>vocatio</span> <span class='ocrx_word' id='word_1_641' title='bbox 1551 4255 1677 4311; x_wconf 91' lang='lat' dir='ltr'>adhunc</span> <span class='ocrx_word' id='word_1_642' title='bbox 1695 4273 1809 4326; x_wconf 89' lang='lat' dir='ltr'>scopum</span> 
     </span>
     <span class='ocr_line' id='line_1_48' title="bbox 127 4341 1809 4418; baseline -0.002 -17"><span class='ocrx_word' id='word_1_643' title='bbox 127 4345 259 4403; x_wconf 86' lang='lat' dir='ltr'>Lutherus</span> <span class='ocrx_word' id='word_1_644' title='bbox 279 4347 392 4415; x_wconf 89' lang='lat' dir='ltr'>docere,</span> <span class='ocrx_word' id='word_1_645' title='bbox 413 4347 462 4417; x_wconf 83' lang='lat' dir='ltr'>jue</span> <span class='ocrx_word' id='word_1_646' title='bbox 484 4346 600 4401; x_wconf 83' lang='lat' dir='ltr'>vocandi</span> <span class='ocrx_word' id='word_1_647' title='bbox 618 4346 755 4418; x_wconf 88' lang='lat' dir='ltr'>pertinere</span> <span class='ocrx_word' id='word_1_648' title='bbox 772 4362 826 4399; x_wconf 91' lang='lat' dir='ltr'>nou</span> <span class='ocrx_word' id='word_1_649' title='bbox 846 4345 882 4399; x_wconf 90' lang='lat' dir='ltr'>ad</span> <span class='ocrx_word' id='word_1_650' title='bbox 903 4343 951 4397; x_wconf 92' lang='lat' dir='ltr'>im·</span> <span class='ocrx_word' id='word_1_651' title='bbox 978 4344 1063 4400; x_wconf 90' lang='lat' dir='ltr'>debet</span> <span class='ocrx_word' id='word_1_652' title='bbox 1080 4342 1235 4412; x_wconf 86' lang='lat' dir='ltr'>collineare,</span> <span class='ocrx_word' id='word_1_653' title='bbox 1255 4350 1287 4398; x_wconf 91' lang='lat' dir='ltr'>ut</span> <span class='ocrx_word' id='word_1_654' title='bbox 1306 4359 1395 4398; x_wconf 88' lang='lat' dir='ltr'>sermo</span> <span class='ocrx_word' id='word_1_655' title='bbox 1409 4344 1464 4398; x_wconf 91' lang='lat' dir='ltr'>Dei</span> <span class='ocrx_word' id='word_1_656' title='bbox 1478 4350 1583 4412; x_wconf 78' lang='lat' dir='ltr'>currat3</span> <span class='ocrx_word' id='word_1_657' title='bbox 1601 4342 1650 4397; x_wconf 89' lang='lat' dir='ltr'>sed</span> <span class='ocrx_word' id='word_1_658' title='bbox 1661 4341 1809 4398; x_wconf 89' lang='lat' dir='ltr'>Pontificio</span> 
     </span>
     <span class='ocr_line' id='line_1_49' title="bbox 127 4428 1809 4506; baseline -0.003 -16"><span class='ocrx_word' id='word_1_659' title='bbox 127 4435 182 4505; x_wconf 92' lang='lat' dir='ltr'>pios</span> <span class='ocrx_word' id='word_1_660' title='bbox 201 4439 333 4506; x_wconf 90' lang='lat' dir='ltr'>patronos</span> <span class='ocrx_word' id='word_1_661' title='bbox 354 4439 383 4487; x_wconf 89' lang='lat' dir='ltr'>et</span> <span class='ocrx_word' id='word_1_662' title='bbox 399 4433 491 4488; x_wconf 88' lang='lat' dir='ltr'>hostes</span> <span class='ocrx_word' id='word_1_663' title='bbox 509 4433 655 4504; x_wconf 84' lang='lat' dir='ltr'>evangelii,</span> <span class='ocrx_word' id='word_1_664' title='bbox 676 4433 725 4488; x_wconf 88' lang='lat' dir='ltr'>sed</span> <span class='ocrx_word' id='word_1_665' title='bbox 742 4433 778 4487; x_wconf 88' lang='lat' dir='ltr'>ad</span> <span class='ocrx_word' id='word_1_666' title='bbox 798 4430 952 4495; x_wconf 88' lang='lat' dir='ltr'>ecclesiam,</span> <span class='ocrx_word' id='word_1_667' title='bbox 979 4430 1150 4501; x_wconf 88' lang='lat' dir='ltr'>magistratui</span> <span class='ocrx_word' id='word_1_668' title='bbox 1177 4430 1222 4484; x_wconf 92' lang='lat' dir='ltr'>hic</span> <span class='ocrx_word' id='word_1_669' title='bbox 1245 4445 1345 4500; x_wconf 88' lang='lat' dir='ltr'>scopus</span> <span class='ocrx_word' id='word_1_670' title='bbox 1369 4447 1424 4484; x_wconf 92' lang='lat' dir='ltr'>non</span> <span class='ocrx_word' id='word_1_671' title='bbox 1454 4436 1495 4485; x_wconf 88' lang='lat' dir='ltr'>eat</span> <span class='ocrx_word' id='word_1_672' title='bbox 1522 4428 1685 4499; x_wconf 88' lang='lat' dir='ltr'>prepositus.</span> <span class='ocrx_word' id='word_1_673' title='bbox 1729 4429 1809 4485; x_wconf 85' lang='lat' dir='ltr'>Haec</span> 
     </span>
     <span class='ocr_line' id='line_1_50' title="bbox 126 4514 1810 4592; baseline -0.002 -17"><span class='ocrx_word' id='word_1_674' title='bbox 126 4538 176 4592; x_wconf 92' lang='lat' dir='ltr'>quo</span> <span class='ocrx_word' id='word_1_675' title='bbox 194 4522 253 4592; x_wconf 84' lang='lat' dir='ltr'>ipso</span> <span class='ocrx_word' id='word_1_676' title='bbox 270 4536 446 4592; x_wconf 87' lang='lat' dir='ltr'>nequaquam</span> <span class='ocrx_word' id='word_1_677' title='bbox 463 4519 551 4575; x_wconf 82' lang='lat' dir='ltr'>voluit</span> <span class='ocrx_word' id='word_1_678' title='bbox 568 4522 633 4590; x_wconf 88' lang='lat' dir='ltr'>jura</span> <span class='ocrx_word' id='word_1_679' title='bbox 651 4526 814 4591; x_wconf 87' lang='lat' dir='ltr'>patronatus</span> <span class='ocrx_word' id='word_1_680' title='bbox 831 4524 906 4573; x_wconf 90' lang='lat' dir='ltr'>recte</span> <span class='ocrx_word' id='word_1_681' title='bbox 924 4524 952 4572; x_wconf 90' lang='lat' dir='ltr'>et</span> <span class='ocrx_word' id='word_1_682' title='bbox 978 4516 1070 4571; x_wconf 91' lang='lat' dir='ltr'>omnia</span> <span class='ocrx_word' id='word_1_683' title='bbox 1088 4534 1137 4572; x_wconf 91' lang='lat' dir='ltr'>suo</span> <span class='ocrx_word' id='word_1_684' title='bbox 1152 4517 1210 4572; x_wconf 91' lang='lat' dir='ltr'>loco</span> <span class='ocrx_word' id='word_1_685' title='bbox 1223 4516 1365 4572; x_wconf 72' lang='lat' dir='ltr'>verusima</span> <span class='ocrx_word' id='word_1_686' title='bbox 1376 4534 1437 4573; x_wconf 87' lang='lat' dir='ltr'>esse</span> <span class='ocrx_word' id='word_1_687' title='bbox 1451 4516 1576 4584; x_wconf 87' lang='lat' dir='ltr'>dicimus,</span> <span class='ocrx_word' id='word_1_688' title='bbox 1594 4514 1701 4569; x_wconf 89' lang='lat' dir='ltr'>iuterim</span> <span class='ocrx_word' id='word_1_689' title='bbox 1716 4521 1810 4571; x_wconf 86' lang='lat' dir='ltr'>tamen</span> 
     </span>
     <span class='ocr_line' id='line_1_51' title="bbox 125 4601 1810 4682; baseline -0.002 -20"><span class='ocrx_word' id='word_1_690' title='bbox 125 4609 241 4682; x_wconf 83' lang='lat' dir='ltr'>legitime</span> <span class='ocrx_word' id='word_1_691' title='bbox 259 4613 393 4678; x_wconf 87' lang='lat' dir='ltr'>usurpata</span> <span class='ocrx_word' id='word_1_692' title='bbox 411 4606 521 4677; x_wconf 89' lang='lat' dir='ltr'>penitus</span> <span class='ocrx_word' id='word_1_693' title='bbox 547 4607 665 4663; x_wconf 89' lang='lat' dir='ltr'>abolere.</span> <span class='ocrx_word' id='word_1_694' title='bbox 702 4610 727 4661; x_wconf 89' lang='lat'>2.</span> <span class='ocrx_word' id='word_1_695' title='bbox 748 4608 795 4660; x_wconf 79' lang='lat' dir='ltr'>An</span> <span class='ocrx_word' id='word_1_696' title='bbox 815 4606 874 4673; x_wconf 84' lang='lat' dir='ltr'>iiii,</span> <span class='ocrx_word' id='word_1_697' title='bbox 904 4604 953 4673; x_wconf 82' lang='lat' dir='ltr'>qui</span> <span class='ocrx_word' id='word_1_698' title='bbox 978 4604 1014 4660; x_wconf 93' lang='lat' dir='ltr'>ob</span> <span class='ocrx_word' id='word_1_699' title='bbox 1041 4603 1133 4658; x_wconf 82' lang='lat' dir='ltr'>varias</span> <span class='ocrx_word' id='word_1_700' title='bbox 1160 4602 1380 4658; x_wconf 87' lang='lat' dir='ltr'>circumstantias</span> <span class='ocrx_word' id='word_1_701' title='bbox 1410 4601 1635 4674; x_wconf 87' lang='lat' dir='ltr'>distinguendum</span> <span class='ocrx_word' id='word_1_702' title='bbox 1667 4607 1721 4656; x_wconf 86' lang='lat' dir='ltr'>est·</span> <span class='ocrx_word' id='word_1_703' title='bbox 1738 4602 1810 4658; x_wconf 90' lang='lat' dir='ltr'>inter</span> 
     </span>
     <span class='ocr_line' id='line_1_52' title="bbox 123 4688 1809 4765; baseline -0.002 -17"><span class='ocrx_word' id='word_1_704' title='bbox 123 4696 222 4765; x_wconf 84' lang='lat' dir='ltr'>populo</span> <span class='ocrx_word' id='word_1_705' title='bbox 240 4712 382 4749; x_wconf 82' lang='lat' dir='ltr'>assensum</span> <span class='ocrx_word' id='word_1_706' title='bbox 401 4696 511 4765; x_wconf 81' lang='lat' dir='ltr'>quidem</span> <span class='ocrx_word' id='word_1_707' title='bbox 523 4695 685 4765; x_wconf 81' lang='lat' dir='ltr'>praebente,</span> <span class='ocrx_word' id='word_1_708' title='bbox 704 4696 764 4748; x_wconf 85' lang='lat' dir='ltr'>eine</span> <span class='ocrx_word' id='word_1_709' title='bbox 777 4701 869 4748; x_wconf 88' lang='lat' dir='ltr'>tamen</span> <span class='ocrx_word' id='word_1_710' title='bbox 888 4710 951 4747; x_wconf 88' lang='lat' dir='ltr'>eon·</span> <span class='ocrx_word' id='word_1_711' title='bbox 977 4689 1122 4745; x_wconf 89' lang='lat' dir='ltr'>ecclesiam</span> <span class='ocrx_word' id='word_1_712' title='bbox 1139 4688 1254 4744; x_wconf 89' lang='lat' dir='ltr'>liberam</span> <span class='ocrx_word' id='word_1_713' title='bbox 1271 4695 1299 4745; x_wconf 89' lang='lat' dir='ltr'>et</span> <span class='ocrx_word' id='word_1_714' title='bbox 1312 4706 1444 4761; x_wconf 87' lang='lat' dir='ltr'>pressam.</span> <span class='ocrx_word' id='word_1_715' title='bbox 1472 4689 1543 4743; x_wconf 88' lang='lat' dir='ltr'>Item</span> <span class='ocrx_word' id='word_1_716' title='bbox 1556 4688 1809 4744; x_wconf 82' lang='lat' dir='ltr'>intervocationem</span> 
     </span>
     <span class='ocr_line' id='line_1_53' title="bbox 125 4773 1809 4854; baseline -0.005 -17"><span class='ocrx_word' id='word_1_717' title='bbox 125 4799 202 4837; x_wconf 75' lang='lat' dir='ltr'>unsa</span> <span class='ocrx_word' id='word_1_718' title='bbox 219 4783 403 4853; x_wconf 78' lang='lat' dir='ltr'>mopistratus</span> <span class='ocrx_word' id='word_1_719' title='bbox 421 4790 447 4836; x_wconf 87' lang='lat' dir='ltr'>et</span> <span class='ocrx_word' id='word_1_720' title='bbox 459 4782 632 4854; x_wconf 73' lang='lat' dir='ltr'>presbyterii</span> <span class='ocrx_word' id='word_1_721' title='bbox 641 4783 818 4836; x_wconf 81' lang='lat' dir='ltr'>ordinatione</span> <span class='ocrx_word' id='word_1_722' title='bbox 831 4779 953 4834; x_wconf 83' lang='lat' dir='ltr'>docendi</span> <span class='ocrx_word' id='word_1_723' title='bbox 977 4777 1059 4847; x_wconf 90' lang='lat' dir='ltr'>plene</span> <span class='ocrx_word' id='word_1_724' title='bbox 1084 4775 1237 4847; x_wconf 88' lang='lat' dir='ltr'>legitimam</span> <span class='ocrx_word' id='word_1_725' title='bbox 1259 4780 1288 4832; x_wconf 92' lang='lat' dir='ltr'>et</span> <span class='ocrx_word' id='word_1_726' title='bbox 1309 4791 1343 4831; x_wconf 86' lang='lat' dir='ltr'>ex</span> <span class='ocrx_word' id='word_1_727' title='bbox 1368 4781 1447 4848; x_wconf 89' lang='lat' dir='ltr'>parte</span> <span class='ocrx_word' id='word_1_728' title='bbox 1472 4775 1604 4831; x_wconf 83' lang='lat' dir='ltr'>vitiatam.</span> <span class='ocrx_word' id='word_1_729' title='bbox 1643 4773 1675 4828; x_wconf 91' lang='lat' dir='ltr'>ln</span> <span class='ocrx_word' id='word_1_730' title='bbox 1693 4775 1809 4832; x_wconf 88' lang='lat' dir='ltr'>ecclesia</span> 
     </span>
     <span class='ocr_line' id='line_1_54' title="bbox 126 4861 1807 4939; baseline -0.001 -18"><span class='ocrx_word' id='word_1_731' title='bbox 126 4886 217 4924; x_wconf 83' lang='lat' dir='ltr'>munus</span> <span class='ocrx_word' id='word_1_732' title='bbox 234 4869 454 4939; x_wconf 71' lang='lat' dir='ltr'>amplectuntur,</span> <span class='ocrx_word' id='word_1_733' title='bbox 467 4886 524 4939; x_wconf 83' lang='lat' dir='ltr'>pro</span> <span class='ocrx_word' id='word_1_734' title='bbox 544 4868 617 4922; x_wconf 71' lang='lat' dir='ltr'>versi</span> <span class='ocrx_word' id='word_1_735' title='bbox 635 4876 662 4922; x_wconf 87' lang='lat' dir='ltr'>et</span> <span class='ocrx_word' id='word_1_736' title='bbox 679 4867 810 4936; x_wconf 72' lang='lat' dir='ltr'>lepitimis</span> <span class='ocrx_word' id='word_1_737' title='bbox 823 4866 950 4935; x_wconf 80' lang='lat' dir='ltr'>pastori-</span> <span class='ocrx_word' id='word_1_738' title='bbox 977 4864 1064 4919; x_wconf 88' lang='lat' dir='ltr'>libera</span> <span class='ocrx_word' id='word_1_739' title='bbox 1081 4864 1116 4919; x_wconf 90' lang='lat' dir='ltr'>de</span> <span class='ocrx_word' id='word_1_740' title='bbox 1130 4865 1194 4934; x_wconf 82' lang='lat' dir='ltr'>jure</span> <span class='ocrx_word' id='word_1_741' title='bbox 1212 4881 1268 4919; x_wconf 89' lang='lat' dir='ltr'>non</span> <span class='ocrx_word' id='word_1_742' title='bbox 1285 4862 1367 4919; x_wconf 91' lang='lat' dir='ltr'>debet</span> <span class='ocrx_word' id='word_1_743' title='bbox 1386 4862 1488 4916; x_wconf 89' lang='lat' dir='ltr'>habere</span> <span class='ocrx_word' id='word_1_744' title='bbox 1500 4861 1591 4917; x_wconf 90' lang='lat' dir='ltr'>locum</span> <span class='ocrx_word' id='word_1_745' title='bbox 1602 4861 1666 4916; x_wconf 89' lang='lat' dir='ltr'>talis</span> <span class='ocrx_word' id='word_1_746' title='bbox 1684 4862 1807 4931; x_wconf 56' lang='lat' dir='ltr'>sasaim</span> 
     </span>
     <span class='ocr_line' id='line_1_55' title="bbox 126 4948 1806 5026; baseline -0.003 -17"><span class='ocrx_word' id='word_1_747' title='bbox 126 4956 170 5009; x_wconf 86' lang='lat' dir='ltr'>bus</span> <span class='ocrx_word' id='word_1_748' title='bbox 207 4956 332 5010; x_wconf 62' lang='lat' dir='ltr'>haaendi</span> <span class='ocrx_word' id='word_1_749' title='bbox 368 4957 454 5010; x_wconf 74' lang='lat' dir='ltr'>eunti</span> <span class='ocrx_word' id='word_1_750' title='bbox 498 4954 721 5026; x_wconf 86' lang='lat' dir='ltr'>Respondemus:</span> <span class='ocrx_word' id='word_1_751' title='bbox 758 4951 951 5023; x_wconf 84' lang='lat' dir='ltr'>Anabeptiatis</span> <span class='ocrx_word' id='word_1_752' title='bbox 977 4951 1076 5023; x_wconf 88' lang='lat' dir='ltr'>quodsi</span> <span class='ocrx_word' id='word_1_753' title='bbox 1097 4950 1131 5006; x_wconf 90' lang='lat' dir='ltr'>de</span> <span class='ocrx_word' id='word_1_754' title='bbox 1150 4950 1224 5005; x_wconf 86' lang='lat' dir='ltr'>facto</span> <span class='ocrx_word' id='word_1_755' title='bbox 1244 4951 1273 5005; x_wconf 92' lang='lat' dir='ltr'>in</span> <span class='ocrx_word' id='word_1_756' title='bbox 1290 4950 1407 5005; x_wconf 90' lang='lat' dir='ltr'>ecclesia</span> <span class='ocrx_word' id='word_1_757' title='bbox 1425 4965 1519 5020; x_wconf 89' lang='lat' dir='ltr'>pressa</span> <span class='ocrx_word' id='word_1_758' title='bbox 1538 4948 1593 5004; x_wconf 88' lang='lat' dir='ltr'>tale</span> <span class='ocrx_word' id='word_1_759' title='bbox 1616 4948 1684 5022; x_wconf 90' lang='lat' dir='ltr'>quid</span> <span class='ocrx_word' id='word_1_760' title='bbox 1701 4950 1806 5005; x_wconf 88' lang='lat' dir='ltr'>contin·</span> 
     </span>
     <span class='ocr_line' id='line_1_56' title="bbox 125 5036 1945 5113; baseline -0.004 -15"><span class='ocrx_word' id='word_1_761' title='bbox 125 5042 319 5111; x_wconf 70' lang='lat' dir='ltr'>enthusiasmos</span> <span class='ocrx_word' id='word_1_762' title='bbox 351 5048 380 5098; x_wconf 76' lang='grc' dir='ltr'>οι</span> <span class='ocrx_word' id='word_1_763' title='bbox 409 5042 546 5097; x_wconf 88' lang='lat' dir='ltr'>internam</span> <span class='ocrx_word' id='word_1_764' title='bbox 576 5042 748 5096; x_wconf 85' lang='lat' dir='ltr'>vocationem</span> <span class='ocrx_word' id='word_1_765' title='bbox 777 5038 950 5110; x_wconf 75' lang='lat' dir='ltr'>Jaclantibus</span> <span class='ocrx_word' id='word_1_766' title='bbox 977 5038 1132 5113; x_wconf 85' lang='lat' dir='ltr'>gat,debet</span> <span class='ocrx_word' id='word_1_767' title='bbox 1147 5036 1259 5109; x_wconf 89' lang='lat' dir='ltr'>quidem</span> <span class='ocrx_word' id='word_1_768' title='bbox 1273 5037 1445 5107; x_wconf 81' lang='lat' dir='ltr'>ecclcsiajus</span> <span class='ocrx_word' id='word_1_769' title='bbox 1460 5053 1549 5107; x_wconf 92' lang='lat' dir='ltr'>suum,</span> <span class='ocrx_word' id='word_1_770' title='bbox 1562 5041 1806 5109; x_wconf 84' lang='lat' dir='ltr'>quantumpotest,</span> <span class='ocrx_word' id='word_1_771' title='bbox 1819 5041 1945 5087; x_wconf 66' lang='lat' dir='ltr'>litt-m</span> 
     </span>
     <span class='ocr_line' id='line_1_57' title="bbox 124 5123 1807 5200; baseline -0.004 -15"><span class='ocrx_word' id='word_1_772' title='bbox 124 5128 171 5185; x_wconf 88' lang='lat' dir='ltr'>boc</span> <span class='ocrx_word' id='word_1_773' title='bbox 194 5130 307 5186; x_wconf 88' lang='lat' dir='ltr'>solenne</span> <span class='ocrx_word' id='word_1_774' title='bbox 330 5136 385 5199; x_wconf 87' lang='lat' dir='ltr'>est,</span> <span class='ocrx_word' id='word_1_775' title='bbox 416 5145 472 5200; x_wconf 92' lang='lat' dir='ltr'>qua</span> <span class='ocrx_word' id='word_1_776' title='bbox 497 5129 525 5183; x_wconf 93' lang='lat' dir='ltr'>in</span> <span class='ocrx_word' id='word_1_777' title='bbox 551 5135 628 5200; x_wconf 88' lang='lat' dir='ltr'>parte</span> <span class='ocrx_word' id='word_1_778' title='bbox 653 5128 797 5182; x_wconf 87' lang='lat' dir='ltr'>imitantur</span> <span class='ocrx_word' id='word_1_779' title='bbox 821 5126 951 5198; x_wconf 88' lang='lat' dir='ltr'>pristinos</span> <span class='ocrx_word' id='word_1_780' title='bbox 978 5142 1077 5198; x_wconf 86' lang='lat' dir='ltr'>urgere</span> <span class='ocrx_word' id='word_1_781' title='bbox 1095 5129 1123 5181; x_wconf 90' lang='lat' dir='ltr'>et</span> <span class='ocrx_word' id='word_1_782' title='bbox 1140 5125 1226 5194; x_wconf 88' lang='lat' dir='ltr'>tueri,</span> <span class='ocrx_word' id='word_1_783' title='bbox 1254 5123 1364 5178; x_wconf 88' lang='lat' dir='ltr'>interim</span> <span class='ocrx_word' id='word_1_784' title='bbox 1389 5123 1455 5194; x_wconf 89' lang='lat' dir='ltr'>quia</span> <span class='ocrx_word' id='word_1_785' title='bbox 1478 5124 1653 5196; x_wconf 86' lang='lat' dir='ltr'>magistratui</span> <span class='ocrx_word' id='word_1_786' title='bbox 1677 5124 1807 5179; x_wconf 74' lang='lat' dir='ltr'>taurinos</span> 
     </span>
     <span class='ocr_line' id='line_1_58' title="bbox 125 5210 1806 5287; baseline -0.001 -19"><span class='ocrx_word' id='word_1_787' title='bbox 125 5214 180 5269; x_wconf 88' lang='lat' dir='ltr'>illos</span> <span class='ocrx_word' id='word_1_788' title='bbox 197 5215 467 5287; x_wconf 89' lang='lat' dir='ltr'>pseudoprophetas,</span> <span class='ocrx_word' id='word_1_789' title='bbox 498 5215 533 5269; x_wconf 90' lang='lat' dir='ltr'>de</span> <span class='ocrx_word' id='word_1_790' title='bbox 556 5213 657 5286; x_wconf 90' lang='lat' dir='ltr'>quibus</span> <span class='ocrx_word' id='word_1_791' title='bbox 682 5219 706 5269; x_wconf 83' lang='lat'>2.</span> <span class='ocrx_word' id='word_1_792' title='bbox 727 5214 797 5268; x_wconf 79' lang='lat' dir='ltr'>Tim</span> <span class='ocrx_word' id='word_1_793' title='bbox 819 5219 849 5281; x_wconf 88' lang='grc'>3,</span> <span class='ocrx_word' id='word_1_794' title='bbox 874 5232 899 5267; x_wconf 83' lang='lat' dir='ltr'>v.</span> <span class='ocrx_word' id='word_1_795' title='bbox 921 5219 949 5269; x_wconf 71' lang='grc' dir='ltr'>ιιι</span> <span class='ocrx_word' id='word_1_796' title='bbox 978 5229 1045 5268; x_wconf 87' lang='lat' dir='ltr'>suae</span> <span class='ocrx_word' id='word_1_797' title='bbox 1062 5210 1207 5285; x_wconf 86' lang='lat' dir='ltr'>potestatis</span> <span class='ocrx_word' id='word_1_798' title='bbox 1225 5210 1368 5267; x_wconf 83' lang='lat' dir='ltr'>excedenti</span> <span class='ocrx_word' id='word_1_799' title='bbox 1387 5217 1415 5265; x_wconf 90' lang='lat' dir='ltr'>et</span> <span class='ocrx_word' id='word_1_800' title='bbox 1439 5211 1499 5267; x_wconf 87' lang='lat' dir='ltr'>sine</span> <span class='ocrx_word' id='word_1_801' title='bbox 1522 5227 1649 5282; x_wconf 82' lang='lat' dir='ltr'>expresso</span> <span class='ocrx_word' id='word_1_802' title='bbox 1673 5211 1806 5267; x_wconf 89' lang='lat' dir='ltr'>ecclesiae</span> 
     </span>
     <span class='ocr_line' id='line_1_59' title="bbox 124 5297 1807 5372; baseline -0.002 -16"><span class='ocrx_word' id='word_1_803' title='bbox 124 5304 166 5356; x_wconf 80' lang='lat' dir='ltr'>Ea</span> <span class='ocrx_word' id='word_1_804' title='bbox 182 5303 224 5356; x_wconf 81' lang='lat' dir='ltr'>bis</span> <span class='ocrx_word' id='word_1_805' title='bbox 241 5310 314 5370; x_wconf 85' lang='lat' dir='ltr'>eunt,</span> <span class='ocrx_word' id='word_1_806' title='bbox 333 5304 383 5371; x_wconf 84' lang='lat' dir='ltr'>qui</span> <span class='ocrx_word' id='word_1_807' title='bbox 396 5309 544 5372; x_wconf 85' lang='lat' dir='ltr'>penetrant</span> <span class='ocrx_word' id='word_1_808' title='bbox 556 5304 653 5356; x_wconf 86' lang='lat' dir='ltr'>domos</span> <span class='ocrx_word' id='word_1_809' title='bbox 670 5309 697 5355; x_wconf 92' lang='lat' dir='ltr'>et</span> <span class='ocrx_word' id='word_1_810' title='bbox 706 5303 832 5370; x_wconf 83' lang='lat' dir='ltr'>captiuas</span> <span class='ocrx_word' id='word_1_811' title='bbox 846 5304 951 5355; x_wconf 77' lang='lat' dir='ltr'>ductent</span> <span class='ocrx_word' id='word_1_812' title='bbox 978 5317 1112 5356; x_wconf 90' lang='lat' dir='ltr'>consensu</span> <span class='ocrx_word' id='word_1_813' title='bbox 1141 5304 1264 5369; x_wconf 86' lang='lat' dir='ltr'>pastores</span> <span class='ocrx_word' id='word_1_814' title='bbox 1300 5298 1485 5353; x_wconf 86' lang='lat' dir='ltr'>constituendi</span> <span class='ocrx_word' id='word_1_815' title='bbox 1506 5314 1539 5353; x_wconf 86' lang='lat' dir='ltr'>ac</span> <span class='ocrx_word' id='word_1_816' title='bbox 1569 5297 1727 5353; x_wconf 85' lang='lat' dir='ltr'>removendi</span> <span class='ocrx_word' id='word_1_817' title='bbox 1760 5298 1807 5368; x_wconf 92' lang='lat' dir='ltr'>jus</span> 
     </span>
     <span class='ocr_line' id='line_1_60' title="bbox 122 5384 1808 5458; baseline -0.002 -14"><span class='ocrx_word' id='word_1_818' title='bbox 122 5390 298 5444; x_wconf 59' lang='lat' dir='ltr'>naereses</span> <span class='ocrx_word' id='word_1_819' title='bbox 316 5396 449 5443; x_wconf 84' lang='lat' dir='ltr'>oneratas</span> <span class='ocrx_word' id='word_1_820' title='bbox 464 5390 595 5458; x_wconf 81' lang='lat' dir='ltr'>peccatis,</span> <span class='ocrx_word' id='word_1_821' title='bbox 614 5404 686 5458; x_wconf 80' lang='lat' dir='ltr'>quoe</span> <span class='ocrx_word' id='word_1_822' title='bbox 706 5389 845 5441; x_wconf 83' lang='lat' dir='ltr'>ducuntur</span> <span class='ocrx_word' id='word_1_823' title='bbox 861 5388 951 5441; x_wconf 81' lang='lat' dir='ltr'>coriis</span> <span class='ocrx_word' id='word_1_824' title='bbox 978 5387 1031 5441; x_wconf 88' lang='lat' dir='ltr'>sibi</span> <span class='ocrx_word' id='word_1_825' title='bbox 1049 5386 1099 5441; x_wconf 90' lang='lat' dir='ltr'>soli</span> <span class='ocrx_word' id='word_1_826' title='bbox 1118 5385 1259 5456; x_wconf 86' lang='lat' dir='ltr'>arroganti</span> <span class='ocrx_word' id='word_1_827' title='bbox 1282 5386 1408 5440; x_wconf 88' lang='lat' dir='ltr'>resistere</span> <span class='ocrx_word' id='word_1_828' title='bbox 1430 5386 1460 5441; x_wconf 91' lang='lat' dir='ltr'>in</span> <span class='ocrx_word' id='word_1_829' title='bbox 1486 5384 1538 5440; x_wconf 91' lang='lat' dir='ltr'>hoc</span> <span class='ocrx_word' id='word_1_830' title='bbox 1558 5401 1623 5439; x_wconf 88' lang='lat' dir='ltr'>essu</span> <span class='ocrx_word' id='word_1_831' title='bbox 1642 5400 1697 5439; x_wconf 90' lang='lat' dir='ltr'>non</span> <span class='ocrx_word' id='word_1_832' title='bbox 1717 5391 1808 5456; x_wconf 88' lang='lat' dir='ltr'>potest</span> 
     </span>
     <span class='ocr_line' id='line_1_61' title="bbox 123 5434 1807 5547; baseline -0.001 -18"><span class='ocrx_word' id='word_1_833' title='bbox 123 5477 275 5532; x_wconf 63' lang='lat' dir='ltr'>deciderim</span> <span class='ocrx_word' id='word_1_834' title='bbox 312 5476 366 5532; x_wconf 88' lang='lat' dir='ltr'>Sed</span> <span class='ocrx_word' id='word_1_835' title='bbox 384 5493 447 5531; x_wconf 87' lang='lat' dir='ltr'>cam</span> <span class='ocrx_word' id='word_1_836' title='bbox 464 5474 630 5547; x_wconf 88' lang='lat' dir='ltr'>praecipuae</span> <span class='ocrx_word' id='word_1_837' title='bbox 648 5479 739 5545; x_wconf 86' lang='lat' dir='ltr'>partes</span> <span class='ocrx_word' id='word_1_838' title='bbox 759 5474 788 5530; x_wconf 91' lang='lat' dir='ltr'>in</span> <span class='ocrx_word' id='word_1_839' title='bbox 807 5474 949 5529; x_wconf 68' lang='lat' dir='ltr'>vocatone</span> <span class='ocrx_word' id='word_1_840' title='bbox 962 5434 966 5516; x_wconf 60' lang='lat' dir='ltr'>i</span> <span class='ocrx_word' id='word_1_841' title='bbox 978 5475 1083 5546; x_wconf 87' lang='lat' dir='ltr'>absque</span> <span class='ocrx_word' id='word_1_842' title='bbox 1106 5471 1225 5528; x_wconf 80' lang='lat' dir='ltr'>evidenti</span> <span class='ocrx_word' id='word_1_843' title='bbox 1248 5471 1380 5543; x_wconf 89' lang='lat' dir='ltr'>periculo,</span> <span class='ocrx_word' id='word_1_844' title='bbox 1406 5488 1440 5526; x_wconf 90' lang='lat' dir='ltr'>ne</span> <span class='ocrx_word' id='word_1_845' title='bbox 1463 5488 1549 5542; x_wconf 89' lang='lat' dir='ltr'>purae</span> <span class='ocrx_word' id='word_1_846' title='bbox 1573 5470 1712 5542; x_wconf 89' lang='lat' dir='ltr'>religionis</span> <span class='ocrx_word' id='word_1_847' title='bbox 1732 5488 1807 5528; x_wconf 86' lang='lat' dir='ltr'>exer·</span> 
     </span>
    </p>

    <p class='ocr_par' dir='ltr' id='par_1_5' title="bbox 168 5571 1477 5630">
     <span class='ocr_line' id='line_1_62' title="bbox 168 5571 1477 5630; baseline 0 -15"><span class='ocrx_word' id='word_1_848' title='bbox 168 5571 334 5615; x_wconf 66' lang='lat' dir='ltr'>aerumnosi.</span> <span class='ocrx_word' id='word_1_849' title='bbox 360 5571 394 5615; x_wconf 75' lang='lat' dir='ltr'>ru</span> <span class='ocrx_word' id='word_1_850' title='bbox 641 5590 645 5601; x_wconf 92' lang='lat'>·</span> <span class='ocrx_word' id='word_1_851' title='bbox 1462 5580 1477 5630; x_wconf 70' lang='grc'>6</span> 
     </span>
    </p>
   </div>
   <div class='ocr_carea' id='block_1_3' title="bbox 0 0 2008 6022">
    <p class='ocr_par' dir='ltr' id='par_1_6' title="bbox 0 0 2008 6022">
     <span class='ocr_line' id='line_1_63' title="bbox 0 0 2008 6022; baseline 0 2"><span class='ocrx_word' id='word_1_852' title='bbox 0 0 2008 6022; x_wconf 95' lang='lat' dir='ltr'> </span> 
     </span>
    </p>
   </div>
  </div>
 </body>
</html>
