4020 6014
267 225 326 281 stt
498 199 502 205 ’
835 212 958 272 rocus
976 212 1179 271 uesanos
1197 213 1375 279 essaeus

217 418 220 422 .
266 373 343 441 prod
365 378 415 424 ant
434 371 516 424 rebus
533 372 659 439 repetitis
674 379 804 440 peretur,
829 380 877 425 ant
902 361 1095 424 denuntiatam
1122 370 1165 424 Ac
1184 370 1267 425 lande
1284 370 1448 441 dignissima
1466 377 1509 426 est
1524 370 1666 426 Aureliani
1687 367 1867 440 imperatoris
1886 364 1956 435 apud

216 457 217 460 ’
263 457 347 528 prins
376 457 412 510 sit
437 464 462 510 et
488 457 631 510 indictum.
681 458 758 510 Tune
783 457 873 511 solnm
899 457 966 510 utile
993 463 1033 508 est
1057 457 1097 509 ad
1123 457 1275 527 Vopiscum
1296 458 1439 526 mutantia,
1456 457 1503 529 qui
1516 458 1627 511 tribuno
1648 456 1769 509 militnm
1785 453 1891 507 vicario
1912 471 1957 505 suo

267 560 348 596 arma
374 560 551 606 concurrere,
580 541 670 613 inquit
695 541 887 607 Cassiodorus,
914 561 974 595 curn
1006 542 1097 596 lacurn
1123 543 1258 612 ejusmodi
1276 544 1324 598 dat
1343 545 1486 598 mandata:
1507 544 1542 597 Si
1558 546 1600 596 ois
1617 544 1744 596 tribunus
1763 558 1843 607 esse,
1861 541 1916 592 imo
1934 541 1958 591 si

268 629 839 698 apudadversarinmjnstitianonpotest
855 630 986 683 invenire.
1016 635 1039 682 2.
1058 627 1098 684 Ut
1122 629 1164 681 vis
1187 630 1289 696 viuere,
1307 647 1409 682 'manus
1428 630 1546 682 militum
1573 630 1690 683 contine.
1735 629 1828 681 Nemo
1853 626 1956 694 pullum

267 722 398 769 caveatur
410 732 512 783 eorum,
530 714 578 786 qui
592 731 648 768 nou
659 721 723 768 sunt
736 713 854 769 hostium
868 714 938 781 loco,
951 713 1096 784 oppressio
1109 666 1112 758 d
1124 715 1246 768 alienum
1265 717 1370 783 rapiet,
1387 733 1463 769 ooem
1483 732 1561 769 rsemo
1582 716 1742 784 continpat,
1766 731 1851 766 noum
1868 712 1957 763 nullm

269 820 303 854 ac
321 802 451 870 direptio.
497 801 564 854 Luc.
585 808 614 868 3,
640 819 664 852 v.
688 806 730 855 rt:
759 801 902 853 Neminem
925 800 1097 866 concutiatis,
1124 801 1245 867 assuat,
1263 809 1381 870 repetem
1399 819 1477 854 neruo
1496 803 1619 865 delerat,
1642 801 1747 866 oleum,
1768 800 1831 862 sal,
1858 799 1957 864 lipnum

269 889 342 942 nulli
359 889 529 941 calpornium
547 888 681 954 faciatis,
708 885 830 940 contenti
847 893 929 938 estote
949 884 1098 953 stipendiis
1125 904 1202 940 nemo
1222 889 1330 955 eaipot,
1352 906 1465 941 annom
1485 906 1537 940 seso
1556 889 1672 956 quisque
1689 894 1836 939 contentus
1853 886 1903 946 sit,
1926 887 1958 935 de

268 976 375 1041 uestris,
394 974 441 1029 ubi
457 973 637 1044 prohibentur
655 972 741 1027 omnis
755 972 865 1042 generis
884 971 1009 1039 injuriae,
1029 986 1097 1041 quas
1119 975 1235 1044 praeda
1246 974 1342 1040 itastis,
1360 992 1415 1027 non
1426 976 1461 1025 de
1475 974 1609 1040 lucrymis
1616 972 1840 1041 prouincialium
1852 971 1956 1024 naun.

269 1060 368 1115 milites
386 1060 488 1115 inferre
507 1060 597 1115 solent
615 1060 641 1112 vi
661 1066 709 1113 ant
727 1058 840 1118 fraude,
868 1056 896 1110 in
920 1073 1036 1127 persona
1056 1057 1098 1109 vel
1125 1058 1298 1128 Stipendium
1317 1060 1347 1112 in
1365 1059 1469 1128 balteo,
1490 1077 1546 1114 non
1564 1059 1593 1112 in
1609 1057 1713 1128 popina
1730 1057 1838 1112 habeat
1882 1056 1958 1111 1111

268 1147 296 1202 in
324 1147 410 1202 bonis.
453 1146 570 1211 Quando
596 1145 668 1201 enim
690 1144 833 1200 lohannes
858 1143 940 1206 dicit,
964 1145 1097 1196 neminem
1124 1153 1213 1199 cesset
1232 1144 1344 1200 beluina
1360 1146 1453 1197 rabies
1472 1153 1497 1198 11
1512 1145 1731 1211 immanisults'o,
1753 1159 1804 1198 nec
1823 1144 1958 1212 cumipse

268 1235 441 1296 concutiatis,
458 1232 722 1303 prohibetinjurias,
741 1231 986 1301 quaeamilitibus
1000 1236 1096 1299 aperta
1125 1236 1231 1293 natura,
1250 1231 1299 1285 sed
1317 1248 1378 1284 cum
1397 1230 1522 1285 hostibus
1541 1231 1644 1286 bellum
1663 1238 1784 1302 geratur.
1821 1230 1907 1284 Dent
1920 1235 1958 1295 lu,

268 1319 397 1373 violentia
419 1318 543 1389 personis
568 1318 737 1384 inferuntur,
773 1322 867 1387 utpote
890 1335 953 1371 cum
977 1316 1098 1370 caedunt
1126 1336 1149 1370 v.
1173 1325 1209 1371 ta.
1228 1317 1453 1387 prohibetDeus,
1473 1335 1507 1371 ne
1526 1318 1555 1370 iu
1572 1317 1830 1388 oppugnationibus
1850 1315 1956 1370 urbium

268 1406 391 1470 11111111,
404 1406 456 1459 nisi
469 1405 684 1460 omnia'abnnde
695 1406 762 1474 ipsis
774 1404 968 1474 suppeditent,
986 1403 1097 1474 quando
1124 1404 1306 1457 succiduntur
1328 1404 1444 1456 arbores
1465 1402 1536 1466 illae,
1557 1419 1628 1472 quac
1654 1403 1762 1457 fructus
1781 1397 1888 1470 serunt,
1911 1419 1958 1455 nec

268 1492 349 1560 dicit,
372 1492 476 1545 nemini
494 1492 664 1545 calumniam
682 1493 809 1556 iactatis,
827 1489 955 1561 prohibet
975 1489 1098 1559 iujurias,
1124 1489 1267 1544 securibus
1285 1506 1334 1559 per
1354 1490 1498 1544 cbcnitum
1512 1497 1633 1545 vastetur
1652 1491 1737 1562 regio,
1754 1492 1891 1558 pamniam
1909 1489 1957 1556 lip-

268 1594 337 1648 quas
357 1579 458 1632 milites
476 1576 621 1632 fraudibus
639 1583 667 1631 11
686 1579 824 1631 calumnia
836 1577 936 1630 inferre
953 1577 1049 1638 solent,
1067 1580 1099 1629 ut
1124 1594 1190 1628 num
1210 1586 1250 1629 est
1270 1585 1295 1628 et
1314 1594 1369 1629 nors
1389 1576 1483 1644 borno,
1503 1593 1552 1629 nec
1567 1585 1658 1645 potest
1676 1577 1842 1629 bellantium
1863 1584 1958 1629 contra

268 1680 330 1717 cnm
358 1664 466 1725 dicunt,
496 1662 614 1732 aliquem
641 1678 701 1717 esse
724 1662 892 1733 proditorem
917 1663 959 1715 sel
983 1661 1098 1728 hostem,
1125 1681 1174 1714 nm
1188 1677 1291 1729 eripere
1306 1659 1456 1715 nnmerum.
1487 1662 1702 1733 Xenophonlib.
1717 1668 1739 1717 1.
1756 1660 1958 1717 (1111111111-

268 1767 386 1819 eumque
404 1749 456 1803 hoc
479 1749 589 1803 nomine
608 1748 742 1817 spoliant,
767 1749 810 1802 vel
829 1748 971 1814 occidunt,
1001 1748 1042 1801 vel
1063 1747 1098 1800 ad
1125 1749 1184 1802 ciac
1208 1749 1244 1800 de
1272 1748 1408 1803 Anaxilao
1433 1748 1633 1818 Spartanorum
1657 1749 1728 1802 duee
1756 1748 1856 1815 refert,
1886 1748 1957 1817 quod

268 1836 366 1889 ducem
386 1843 413 1888 ct
431 1836 587 1904 praefectos
605 1834 748 1902 defenmt,
775 1835 900 1903 quamvis
924 1833 991 1887 nihil
1010 1833 1099 1886 minus
1125 1840 1270 1888 accusatus
1289 1835 1318 1887 in
1337 1834 1443 1904 judicio
1467 1836 1503 1888 de
1525 1834 1662 1904 Byzantio
1686 1834 1789 1904 oppido
1810 1833 1876 1888 fidei
1895 1850 1958 1886 snae

268 1922 305 1974 sit
323 1938 405 1992 quam
426 1921 514 1975 hostis
534 1921 577 1975 vel
594 1921 733 1990 proditor,
755 1921 866 1992 qnando
884 1920 958 1983 dicit,
979 1920 1101 1973 renitenti
1125 1921 1317 1975 commendato
1335 1928 1363 1974 et
1381 1919 1506 1974 hostibus
1518 1920 1555 1974 ob
1566 1919 1667 1975 samem
1681 1920 1799 1974 militum
1812 1920 1960 1991 praesidia·

269 2015 355 2061 estote
375 2009 524 2076 stipendiis
540 2009 647 2073 uestris,
666 2008 793 2077 prohibet
810 2007 935 2076 injurias,
954 2023 1024 2075 quas
1044 2022 1099 2058 non
1126 2007 1228 2060 riorum
1263 2007 1364 2061 tradito
1394 2007 1582 2077 responderit,
1612 2025 1641 2061 se
1673 2008 1839 2071 defendisse
1869 2009 1960 2060 urbem

270 2094 298 2146 in
317 2111 442 2163 persona,
462 2094 510 2147 sed
529 2094 558 2146 in
571 2092 649 2147 bonis
662 2093 761 2146 milites
779 2093 909 2159 inferunt,
930 2097 1024 2161 utpote
1037 2107 1099 2145 cam
1127 2095 1244 2159 tarnslin,
1262 2095 1350 2146 donee
1370 2112 1431 2170 curn
1449 2094 1574 2146 hostibus
1594 2094 1695 2147 bellum
1714 2102 1793 2162 esset,
1813 2103 1960 2162 postquam

270 2179 389 2248 rapiunt,
410 2180 587 2249 praedantur,
606 2179 720 2250 exigunt
738 2187 767 2233 et
784 2182 947 2248 extorquent
960 2178 1099 2232 undecim·
1127 2195 1192 2231 vero
1210 2179 1333 2248 vidisset,
1352 2180 1453 2233 bellurn
1471 2197 1529 2232 esse
1542 2198 1603 2232 cnm
1617 2190 1719 2232 natura
1731 2188 1759 2232 et
1771 2182 1852 2242 fanis
1866 2179 1961 2247 perire

270 2283 324 2337 que
342 2273 471 2336 possunt,
496 2264 678 2319 Bellarminus
703 2264 773 2318 libro
794 2269 817 2317 3.
838 2263 872 2317 de
884 2262 962 2317 laicis
980 2280 1041 2334 cap.
1061 2271 1099 2317 11.
1127 2282 1183 2326 eos,
1203 2266 1301 2332 quibas
1316 2266 1346 2317 in
1365 2266 1437 2319 bello
1447 2267 1621 2334 porcisolet,
1638 2267 1784 2334 jusdcasss
1798 2268 1880 2328 tinem
1892 2266 1961 2317 bello

272 2352 377 2406 Carent
405 2368 471 2423 ergo
498 2351 598 2405 milites
625 2359 680 2404 taur
700 2349 883 2421 praesidiarii,
908 2366 990 2419 quam
1012 2349 1100 2402 subsi-
1128 2351 1413 2421 imponendumque
1438 2352 1613 2407 excusatione
1633 2352 1729 2407 andita
1743 2352 1856 2421 judices
1872 2351 1960 2420 ipsum

271 2438 350 2492 diarii
368 2454 403 2492 ac
422 2438 557 2509 gregarii,
583 2456 617 2492 ue
643 2438 713 2506 illis,
737 2438 783 2508 qui
811 2438 853 2491 vel
872 2438 1016 2490 transitum
1035 2435 1100 2505 ipsis
1128 2436 1313 2491 absolverunt.
1357 2442 1381 2492 t.
1399 2435 1441 2490 Ns
1461 2437 1592 2491 adversus
1611 2437 1698 2492 victos
1722 2433 1885 2492 exerceatur
1903 2454 1961 2491 cru·

271 2543 321 2594 per
342 2542 421 2579 suam
441 2525 581 2595 regionem
602 2523 748 2593 praebent,
770 2523 814 2576 vel
836 2523 882 2592 qui
907 2521 973 2576 socii
992 2527 1102 2574 suntet
1128 2522 1226 2576 delites
1252 2531 1278 2575 11
1302 2533 1383 2575 atron
1410 2523 1565 2577 irssultatio.
1610 2524 1727 2589 Quando
1752 2524 1843 2578 hostis
1865 2540 1961 2593 pacem

271 2610 466 2677 confoederati,
487 2609 530 2662 vel
548 2608 740 2678 provinciales,
762 2625 877 2678 quorum
890 2607 1013 2662 defensio
1033 2607 1101 2676 ipsis
1126 2608 1196 2677 petit
1217 2616 1245 2662 et
1269 2609 1296 2661 in
1317 2609 1428 2663 victoris
1446 2615 1610 2679 potestatem
1628 2609 1774 2677 concedi,
1794 2609 1958 2664 sanandum

271 2696 463 2750 commendata
481 2704 538 2760 est,
563 2695 667 2765 rapinis
692 2710 725 2747 ac
754 2693 953 2764 direptionibus
972 2692 1028 2746 sint
1045 2710 1100 2746 mo·
1126 2701 1169 2747 est
1183 2696 1229 2764 jus
1242 2695 1397 2766 supplicum
1416 2713 1449 2749 ac
1465 2695 1665 2751 dediticiorum.
1696 2694 1781 2752 Dent.
1802 2703 1847 2758 20,
1866 2714 1892 2751 v.
1915 2702 1958 2751 ll:

274 2783 344 2850 lesti,
362 2796 490 2838 suenuus
504 2781 579 2835 canis
598 2779 762 2834 domesticos
781 2796 844 2833 suos
862 2786 962 2847 tuetur,
980 2778 1100 2849 peregri-
1129 2781 1163 2834 Si
1180 2783 1279 2835 ciuitas
1299 2800 1399 2851 pacem
1423 2784 1559 2851 receperit
1576 2792 1602 2836 11
1623 2786 1765 2854 aperuerit
1783 2784 1839 2836 tibi
1851 2791 1960 2852 portas,

271 2886 320 2923 nos
344 2885 408 2924 vero
435 2885 468 2922 ac
496 2869 589 2922 hostes
615 2867 711 2938 abigit.
756 2865 929 2937 “synesius
956 2865 990 2920 de
1015 2882 1100 2936 regno
1127 2876 1240 2922 cunctus
1259 2870 1385 2941 populus
1411 2871 1460 2938 pul
1480 2870 1509 2921 in
1526 2888 1560 2922 ea
1578 2878 1630 2937 est,
1655 2872 1755 2923 1111111
1773 2869 1827 2922 tibi
1842 2870 1894 2922 sub
1911 2869 1960 2920 tri-

271 2960 364 3024 1211
387 2955 528 3008 Militibus
547 2955 756 3023 imperandum,
773 2962 803 3006 ut
821 2954 925 3006 ciuibus
945 2960 969 3005 ct
987 2952 1100 3005 rusticis
1127 2956 1197 3011 brito.
1229 2973 1254 3010 v.
1275 2961 1314 3010 12.
1342 2956 1393 3010 Sin
1421 2957 1525 3017 foedus
1544 2957 1617 3009 inire
1646 2957 1767 3010 noluerit
1790 2965 1817 3008 et
1839 2955 1960 3023 coeperit

266 3049 391 3109 parcant
423 3042 585 3109 piissimeque
619 3040 727 3091 molesti
756 3040 825 3105 sint,
851 3056 943 3092 111111
973 3039 1100 3091 laborum
1126 3050 1225 3095 contra
1249 3050 1274 3094 11
1298 3043 1414 3106 bellum,
1439 3043 1613 3111 oppupnabs's
1635 3059 1705 3110 1111,
1730 3060 1757 3098 s.
1785 3048 1825 3097 13.
1846 3057 1959 3109 cumque
1972 3050 2009 3090 nt

272 3142 418 3191 memores,
440 3144 509 3196 quos
534 3127 659 3193 ipsorum
685 3125 781 3192 pratia
797 3132 986 3192 susceperunt.
1025 3126 1101 3178 illam
1126 3129 1280 3181 tradiderit
1300 3131 1439 3182 Dominus
1459 3131 1539 3182 Dens
1565 3138 1628 3182 tures
1652 3129 1734 3182 illam
1749 3131 1780 3181 in
1798 3146 1885 3182 manu
1904 3136 1961 3191 111,

271 3222 300 3266 ut
319 3213 441 3265 ciuitatis
459 3221 605 3282 terraeque
629 3214 776 3264 commoda
800 3217 910 3264 tueatur
928 3228 976 3264 rea
995 3220 1020 3263 et
1034 3230 1102 3279 pro-
1125 3217 1264 3283 perenties
1283 3234 1361 3269 omne
1379 3218 1455 3284 quod
1471 3217 1500 3267 in
1518 3233 1552 3268 ea
1569 3216 1679 3282 perieris
1700 3216 1851 3269 nsasmtlini
1866 3224 1915 3279 est,
1935 3216 1961 3267 ia

267 3309 377 3369 pnpnnt
395 3308 421 3354 et
439 3300 541 3353 milites
560 3300 716 3354 comeribit.
749 3298 843 3360 Quare
862 3298 1102 3367 quipersprinum
1129 3319 1177 3354 ore
1192 3302 1288 3368 eladii
1300 3319 1323 3356 v.
1340 3308 1379 3356 11.
1399 3302 1501 3370 absque
1520 3302 1721 3355 mulieribusst
1740 3303 1960 3367 infantibusetc.

272 3389 383 3456 quidem
402 3405 421 3439 a
441 3403 483 3439 me
502 3387 605 3440 bostem
628 3387 793 3455 propulsat,
818 3385 878 3452 ipse
901 3392 991 3437 autem
1012 3387 1102 3438 mode·
1129 3387 1234 3454 Quodsi
1258 3405 1325 3456 ergo
1348 3389 1376 3442 in
1401 3387 1531 3458 gentibus
1552 3387 1606 3442 illis
1632 3388 1714 3443 exitio
1738 3387 1848 3442 devotis
1871 3393 1960 3441 tamen

273 3483 334 3527 rate
354 3491 457 3526 meeum
476 3490 531 3526 reon
551 3474 624 3542 opit,
656 3473 680 3525 is
699 3491 717 3523 u
741 3488 809 3523 cone
829 3471 898 3522 milri
916 3489 970 3523 reon
988 3473 1102 3539 ‹lifferre
1128 3474 1247 3529 femineo
1265 3474 1341 3528 sextu
1362 3480 1390 3528 et
1407 3473 1529 3544 parvulis
1548 3472 1625 3528 Deus
1642 3473 1719 3542 parci
1738 3473 1841 3535 voluit,
1859 3481 1960 3544 quanta

272 3561 396 3622 uidetur,
421 3560 470 3628 qui
489 3560 571 3628 lupos
590 3566 744 3629 propterea
762 3557 924 3624 loupissime
943 3557 1045 3625 abipit,
1074 3565 1104 3609 ut
1130 3561 1218 3628 magis
1244 3561 1272 3614 iu
1302 3561 1380 3615 bellis
1405 3560 1624 3614 Christianorum
1653 3559 1720 3612 illud
1745 3560 1838 3612 locum
1862 3558 1960 3613 habere

271 3662 324 3714 per
351 3646 434 3698 olium
459 3662 568 3712 prepete
594 3644 813 3697 corrsrnodissime
839 3642 983 3695 dilaniare
1004 3644 1104 3711 possit,
1130 3646 1219 3701 debet.
1256 3646 1418 3699 Ambrosius
1433 3648 1555 3717 graviter
1573 3645 1750 3715 reprehendit
1771 3645 1960 3714 imperatorem

273 3750 335 3786 curn
348 3732 443 3802 potius
461 3733 490 3784 in
511 3732 654 3784 custodiae
670 3730 823 3781 nsercedem
838 3746 899 3781 enm
912 3728 984 3780 lacte
1001 3730 1105 3782 satiari
1129 3732 1323 3797 Theodosium,
1336 3733 1409 3802 qnod
1420 3749 1482 3786 cum
1490 3731 1587 3801 punire
1598 3731 1680 3786 vesset
1692 3729 1960 3795 Thessalonicenses,

275 3826 410 3887 mortens.
461 3818 639 3885 Quapropter
668 3822 803 3868 asserere
827 3832 886 3882 pes
917 3822 970 3877 ess,
1002 3815 1104 3868 milites
1130 3819 1189 3873 sine
1207 3818 1318 3872 delectu
1344 3817 1438 3872 obvios
1465 3835 1589 3888 quosque
1606 3817 1705 3873 umeri
1721 3818 1853 3887 jusserit,
1873 3815 1959 3870 Theo-

274 3907 315 3957 ito
327 3911 505 3979 comparptas
524 3919 597 3967 esse,
619 3910 648 3956 ut
675 3902 775 3955 inermi
788 3902 871 3970 plebe
891 3908 1022 3969 lorsquam
1040 3905 1103 3966 srn·
1129 3905 1240 3959 doretus
1253 3904 1300 3958 lib.
1310 3912 1332 3959 1.
1342 3904 1405 3958 hist.
1415 3903 1511 3958 eccles.
1524 3920 1546 3957 c.
1560 3910 1599 3960 11.
1613 3903 1790 3973 Augustinus
1798 3920 1841 3972 ep.
1858 3901 1959 3957 205.ad

273 3992 362 4044 tribus
387 3992 429 4043 uti
452 3991 537 4043 velint
561 3990 681 4058 solisque
701 3989 751 4055 iis,
778 4004 848 4055 qnae
865 3989 1016 4056 praefinita
1032 3996 1104 4046 soret.
1130 3991 1220 4046 Bauli.
1239 3991 1376 4045 comitem:
1405 3991 1449 4044 Ne
1473 3989 1583 4043 saevias
1607 3999 1655 4042 aut
1680 3990 1834 4042 insolescas
1852 3991 1881 4041 in
1898 4005 1959 4056 sup·

273 4077 423 4145 stipendiis
441 4077 560 4130 contenti
578 4076 683 4130 sint.**
712 4073 791 4127 Num.
807 4080 848 4141 20,
868 4089 893 4126 v.
908 4079 948 4128 11.
960 4073 1104 4128 lsraiilitee
1116 4022 1225 4148 dplices,
1242 4081 1294 4144 ped
1312 4077 1509 4131 misericordia
1528 4077 1557 4128 in
1569 4077 1655 4130 uictos
1672 4078 1862 4145 impendatur,
1881 4075 1960 4144 quale

273 4179 291 4215 a
309 4179 375 4234 rege
386 4161 474 4215 Edom
488 4167 612 4230 petentes
624 4166 768 4214 transitum
786 4159 907 4214 nuntiari
920 4159 973 4229 ipsi
991 4167 1103 4214 emant:
1130 4171 1169 4215 est
1191 4163 1267 4216 illud
1285 4166 1365 4232 opud
1380 4167 1504 4232 pettam:

274 4249 339 4301 Non
358 4250 456 4302 ibimus
470 4265 522 4317 per
539 4264 630 4315 apros,
649 4263 699 4299 nec
715 4263 770 4316 per
787 4247 890 4308 vineas,
909 4264 964 4299 non
984 4247 1104 4300 hibernus

274 4352 376 4404 apuam
395 4337 428 4387 de
446 4333 538 4404 puteis
555 4334 626 4400 tuis,
651 4333 703 4384 sed
727 4333 891 4400 praeliemur
915 4333 962 4385 uia
977 4333 1103 4400 publica,

272 4440 321 4475 nec
339 4421 533 4474 adsinistram
546 4419 727 4478 declinantes,
746 4435 795 4470 nec
808 4419 849 4470 ad
861 4419 995 4480 dextram,
1015 4421 1103 4472 donec
1165 4427 1222 4474 111.
1259 4426 1282 4474 3.
1301 4421 1460 4472 Prudentia
1478 4419 1603 4473 militaris
1621 4419 1755 4473 latissime
1771 4425 1851 4489 patet
1866 4437 1901 4474 ac
1919 4420 2006 4473 rix&

273 4516 448 4560 transeamus
468 4504 599 4559 terminos
617 4512 695 4572 tuos;
715 4522 739 4559 v.
755 4508 794 4558 19,
813 4521 865 4572 per
882 4504 978 4557 tritam
992 4504 1103 4572 praelie-
1129 4514 1221 4577 potest
1244 4507 1325 4561 certis
1351 4507 1505 4575 praeceptis
1524 4506 1642 4574 includi,
1665 4523 1716 4561 nec
1744 4515 1802 4559 tam
1821 4476 2008 4561 1111111111(ιυ

273 4612 334 4646 mur
352 4594 425 4646 eiam
437 4601 463 4646 et
480 4594 507 4645 si
524 4592 672 4644 biberimus
691 4608 781 4659 aquas
799 4599 871 4657 tuas,
889 4608 939 4642 nos
957 4599 983 4644 et
998 4607 1104 4659 pecora
1130 4598 1158 4646 et
1177 4592 1305 4660 lectione,
1330 4610 1413 4662 qnam
1434 4592 1516 4662 longo
1534 4609 1624 4647 rerum
1644 4610 1696 4647 usu
1716 4601 1744 4646 et
1764 4593 1960 4648 exercitatione

273 4688 386 4748 nostra,
408 4680 547 4746 dubietas,
570 4687 702 4747 enemim
719 4679 823 4745 justum
841 4685 888 4732 est.
941 4679 1052 4733 Denter.
1080 4684 1103 4741 2,
1130 4686 1312 4748 comparatur.
1350 4678 1378 4733 Si
1397 4679 1469 4732 enirn
1490 4678 1580 4744 ullibi,
1609 4685 1683 4732 certe
1703 4680 1730 4732 in
1752 4679 1834 4733 bellis
1853 4679 1960 4749 potissi-

274 4783 297 4821 v.
319 4770 367 4820 281
394 4765 475 4818 Cibus
498 4767 592 4818 emets‘s
615 4767 650 4817 ab
679 4765 720 4817 eis
745 4766 869 4836 pecunia
897 4773 921 4816 et
947 4766 1103 4832 comedetis,
1131 4784 1204 4819 mum
1229 4764 1376 4837 requiritur
1404 4763 1549 4818 consilium
1576 4771 1604 4819 et
1622 4766 1784 4835 prudentia,
1810 4767 1916 4837 quippe
1933 4767 1959 4818 iu

273 4870 375 4922 operam
390 4861 490 4906 erntam
501 4852 636 4905 haurietis
650 4861 673 4904 et
686 4852 791 4906 bibetis.
820 4849 939 4904 Pulchre
952 4848 1230 4922 Gregorinquuibus
1254 4851 1338 4904 serrsel
1364 4852 1500 4903 sturitasot
1523 4868 1641 4919 peceare
1666 4852 1743 4918 lieet,
1772 4861 1804 4905 ut
1828 4859 1871 4906 est
1889 4852 1961 4924 apud

273 4937 320 4992 lib.
339 4946 361 4992 o.
380 4954 401 4992 c.
423 4943 466 4991 12:
490 4939 556 4991 Non
576 4945 615 4990 est
634 4937 793 5006 probabile,
816 4936 942 4999 feliciter
964 4954 1010 4988 res
1036 4915 1280 5002 snaslStobaenm
1294 4955 1373 4990 serm.
1388 4945 1430 4992 52.
1447 4936 1517 4990 Hine
1535 4954 1583 4991 rex
1594 4937 1705 5007 sapiens
1723 4937 1815 5008 inquit
1826 4938 1908 4993 Prov.
1922 4943 1961 4997 211,

272 5031 398 5092 pasturas
416 5024 518 5077 milites
538 5040 592 5091 eos,
612 5025 661 5091 qui
678 5022 886 5074 maledictiones
910 5029 936 5073 et
962 5022 1103 5087 lacrprnas
1116 5042 1117 5047 ¹
1129 5041 1153 5076 v.
1177 5029 1211 5078 18.
1232 5028 1259 5077 11
1277 5029 1363 5090 121,
1382 5041 1406 5076 v.
1424 5030 1453 5078 ti:
1475 5022 1771 5087 Consilioperendum
1791 5032 1833 5076 est
1852 5024 1961 5088 bellum,

273 5111 303 5162 in
334 5110 407 5162 cuitu
434 5128 484 5162 suo
510 5117 620 5162 snmnrst
647 5111 687 5161 ad
713 5109 853 5161 uiaticum.
901 5104 1155 5179 **¹Aeoloioron‚et
1178 5109 1257 5160 salus
1282 5110 1349 5171 erit,
1380 5110 1427 5161 nbi
1454 5109 1539 5160 resulto
1565 5119 1627 5161 suut
1657 5108 1785 5164 cornilia-
1828 5110 1875 5163 Ad
1893 5110 1963 5164 hanc

274 5194 477 5269 σιρατεύματυς
492 5195 575 5249 οὐδὲν
589 5193 697 5266 dueta„
714 5196 846 5262 impuniti
858 5195 991 5246 exercitus
1007 5195 1103 5247 nullus
1114 5185 1117 5220 ⁹
1130 5195 1304 5264 prudentiam
1325 5195 1452 5250 bellicam
1464 5196 1585 5266 pertinet
1607 5203 1625 5248 1.
1642 5203 1705 5247 astte
1723 5195 1826 5248 bellum
1844 5198 1965 5250 oninium

273 5283 571 5346 summoueretur
590 5284 670 5351 apud
683 5282 808 5349 Xenopl.
824 5281 871 5335 lib.
882 5284 908 5334 2.
923 5282 1020 5350 esped.
1039 5280 1349 5347 cennosessanoron
1375 5291 1487 5333 relatura
1508 5283 1701 5352 praeparatio.
1747 5282 1831 5334 Felis
1858 5285 1966 5348 doum,

269 5389 298 5437 p.
319 5372 382 5423 2911.
411 5368 516 5423 Paulus
532 5368 761 5437 jurisconsultus:
788 5366 953 5438 Disciplina
970 5366 1201 5436 rnililaris'qnnc
1216 5367 1299 5434 praeis
1318 5374 1440 5434 tempore
1457 5369 1493 5418 de
1513 5367 1584 5419 lello
1604 5369 1723 5433 11111111,
1751 5383 1836 5437 quam
1856 5376 1965 5424 sentem

274 5456 409 5508 Rornanis
434 5455 577 5523 antiquior
602 5454 661 5518 suit
682 5455 746 5522 ipsa
770 5453 919 5506 liberorum
943 5454 1102 5507 caritate.**
1129 5454 1195 5508 tiam
1216 5452 1301 5522 lapidi
1323 5451 1438 5508 incisam
1458 5453 1580 5508 Venetiis
1607 5454 1634 5505 in
1657 5453 1795 5508 rabbus
1812 5471 1967 5512 armamen-

1235 4285 1357 4336 Parcere
1374 4284 1505 4351 srsbjectss
1524 4290 1549 4333 et
1568 4281 1710 4335 debellare
1729 4283 1873 4350 superbas.
