4006 6022
704 238 756 293 DE
776 238 998 298 MINISTERIO
1017 239 1318 343 accusatusutuo.
1798 255 1855 313 153
1932 192 1945 209 ⁸

163 402 216 443 eos.
237 403 293 444 nou
318 387 404 444 fuisse
427 388 490 460 jure
515 390 636 462 quodam
661 390 754 448 divino
771 393 933 465 simpliciter
950 394 1116 489 exquxoris
1141 396 1238 451 virum.
1279 398 1462 453 Bellurminus
1494 397 1595 468 repetit
1616 414 1693 453 suam
1719 399 1856 470 exceptio·

163 473 264 530 clusos.
298 474 387 547 Atqui
405 476 573 547 superiorem
595 477 670 533 illam
695 479 895 549 jurisdictionis
921 488 997 552 pote·
1024 498 1098 547 nem,
1126 485 1239 536 nomina
1253 485 1433 551 subserens
1455 486 1588 555 temporis
1606 487 1775 551 communie,
1799 503 1856 541 non

162 566 264 616 statem
280 562 344 632 jure
367 561 459 618 divino
480 563 616 634 episcopis
641 573 842 636 competentem
857 566 997 622 Pontificii
1026 569 1105 638 ipsas
1119 578 1285 639 potestates,
1314 571 1362 626 sed
1380 570 1431 625 hoc
1449 578 1491 627 est
1507 569 1537 625 τὸ
1564 571 1594 625 ἐν
1611 569 1682 643 ἀρχῇ
1694 571 1854 644 λαμβάνειν.

162 646 192 702 in
217 664 250 704 eo
280 648 325 704 vel
351 649 468 705 maxime
495 656 615 721 ponunt,
644 653 719 723 quod
744 653 890 725 episcopus
911 653 998 724 possit
1026 661 1049 711 t.
1081 657 1181 709 Petrus
1216 656 1338 711 omnium
1372 674 1506 713 consensu
1542 657 1597 713 fuit
1632 658 1792 729 episcopus,
1829 666 1887 714 etr.
1900 669 1933 708 ux

162 732 291 791 ordinare
309 735 456 802 ministros,
475 737 631 808 presbyteri
652 755 717 793 vero
734 739 861 804 minime,
883 759 945 795 cum
964 759 997 797 ex
1023 740 1136 812 quidem
1150 743 1233 812 juxta
1252 743 1411 798 Pontificios
1434 761 1563 800 summus·
1584 745 1739 815 episcopus.
1776 747 1816 800 At
1832 745 1856 800 is
1868 720 1889 818 i
1903 721 1961 814 paq

161 825 222 873 toto
239 821 336 877 codice
354 820 457 878 biblico
476 839 511 878 ne
529 840 601 894 apex
619 825 732 896 quidem
757 825 873 896 proferri
895 833 996 897 posset,
1016 833 1105 892 ,vocat
1123 845 1183 883 sese
1201 828 1395 900 presbyterum
1411 835 1432 886 l.
1450 830 1525 886 Petr.
1548 831 1857 900 5‚r.1:Presbpteros

162 921 219 974 quo
245 906 464 972 demonstretur,
492 909 660 965 immutabili
689 912 810 982 quadam
831 913 998 967 necessitate
1023 914 1096 967 inter
1111 933 1159 968 oos
1181 916 1317 971 adhortor
1333 915 1348 970 ὀ
1365 916 1614 990 συμπρεσβύτερος,
1631 933 1664 971 ac
1684 935 1709 974 r.
1737 923 1761 974 2.
1781 935 1856 988 pres·

162 1008 196 1046 ac
219 993 307 1064 ipsius
324 994 378 1051 Dei
405 994 580 1053 institutione
602 1004 765 1068 potestatem
792 999 937 1053 ordinandi
965 1017 997 1055 eo
1024 999 1136 1070 byteros
1159 1001 1220 1056 illos
1248 1014 1329 1058 vocat
1350 1004 1513 1072 episcopos:
1536 1004 1648 1073 poscite
1671 1021 1782 1073 prepem
1799 1005 1859 1058 Dei

162 1079 244 1136 modo
256 1086 413 1152 competere
426 1082 571 1153 episcopis,
594 1090 626 1139 ut
643 1083 664 1137 si
680 1085 804 1141 minister
820 1084 997 1156 abepiscopo
1024 1087 1245 1149 ἐπισκοποῦντες.
1281 1089 1422 1144 lohannes
1442 1090 1526 1144 etiam
1544 1088 1625 1160 epist
1645 1094 1675 1159 2,
1698 1108 1725 1147 v.
1746 1096 1770 1147 t:
1787 1096 1815 1147 ct
1832 1096 1857 1147 3.

160 1166 320 1237 ordinetur,
349 1169 409 1239 ejus
428 1168 538 1224 vocatio
556 1175 585 1225 et
602 1170 739 1225 ordinatio
764 1177 908 1226 censentur
926 1178 997 1236 rata,
1024 1189 1050 1225 r.
1072 1178 1094 1229 t.
1113 1181 1196 1229 vocat
1214 1192 1243 1231 se
1260 1177 1460 1245 presbyteram,
1479 1175 1551 1230 idem
1569 1181 1662 1231 tamen
1680 1175 1734 1231 fuit
1752 1178 1857 1248 episco

160 1251 204 1306 sin
224 1270 243 1308 a
270 1254 442 1325 presbytero,
469 1255 545 1327 quod
570 1262 636 1311 tuno
666 1257 744 1312 irrita
767 1275 861 1313 coram
882 1259 942 1313 Deo
969 1264 997 1312 et
1024 1277 1085 1329 pus.
1123 1259 1198 1333 Ergo
1218 1262 1302 1316 iidem
1320 1270 1386 1317 tunc
1405 1263 1482 1318 fuere
1499 1262 1635 1334 episcopi,
1659 1263 1707 1334 qui
1731 1269 1759 1318 et
1781 1280 1857 1334 pres·

161 1338 319 1396 trustrsnea
341 1341 377 1396 sit
394 1340 535 1398 habenda.
569 1341 682 1413 Excipit
703 1343 900 1414 Bellarminus,
919 1363 997 1414 pres·
1024 1344 1125 1415 hyteri.
1166 1346 1280 1418 Repetit
1305 1349 1488 1404 Bellarminus
1515 1366 1595 1404 suam
1618 1349 1764 1419 cramben,
1794 1352 1857 1407 solu

162 1425 265 1495 hyterii
291 1429 401 1482 nomine
431 1429 556 1499 intellipi
582 1431 673 1499 ipsum
699 1431 824 1500 officinm
855 1432 996 1486 Timotheo
1024 1434 1138 1487 nomine
1158 1441 1222 1488 tnnc
1239 1437 1330 1500 fuisse
1343 1437 1508 1490 communia.
1536 1436 1623 1508 Atqui
1643 1435 1746 1506 sijure
1763 1437 1856 1493 divino

160 1516 379 1585 demandatum,
407 1524 438 1570 ut
456 1517 493 1570 sit
509 1534 619 1587 sensim,
642 1534 697 1587 per
720 1518 923 1588 impositionem
939 1538 997 1573 mo·
1025 1518 1173 1576 distinctae
1203 1521 1321 1578 fuissent
1352 1522 1544 1593 episcoporum
1574 1529 1603 1579 et
1632 1525 1857 1594 presbyterorum

160 1620 248 1656 suum
266 1604 451 1673 presbyterii,
479 1604 513 1658 isi
534 1613 575 1659 est
600 1623 657 1675 qne
670 1607 896 1674 presbyteratum
920 1623 996 1660 acce·
1023 1611 1192 1676 potestates,
1217 1607 1260 1663 rel
1278 1625 1350 1662 unus
1369 1607 1470 1680 aliquis
1488 1608 1604 1679 proferri
1622 1617 1715 1681 posset
1732 1628 1766 1666 ex
1785 1610 1856 1666 Scri·

158 1691 239 1759 pisti.
276 1689 330 1747 Sed
349 1691 419 1746 haec
437 1692 571 1762 expositio
587 1699 629 1747 est
645 1692 716 1748 dura
739 1698 768 1748 et
794 1700 904 1762 coacta,
932 1711 996 1748 con·
1023 1693 1112 1761 pturis
1129 1694 1221 1762 locus,
1245 1693 1274 1747 in
1292 1711 1349 1765 quo
1366 1712 1467 1750 nomen
1485 1695 1607 1766 episcopi
1626 1712 1710 1752 sensu
1729 1696 1778 1751 illo
1794 1714 1856 1767 pro·

160 1776 277 1833 terimus
302 1777 375 1831 enim
403 1777 494 1832 locum
520 1777 683 1849 parallelum
713 1785 736 1836 t.
760 1779 832 1837 Tim.
860 1787 886 1849 t,
915 1798 940 1835 r.
967 1750 1083 1848 62lprio
1108 1784 1137 1834 et
1159 1779 1292 1850 peculiari
1318 1780 1506 1851 acciperetur,
1533 1784 1593 1851 jum
1623 1799 1688 1837 vero
1714 1782 1857 1854 Scriptum
1884 1844 1887 1848 ,

161 1863 322 1917 Rectissites
340 1866 445 1917 donum
465 1865 536 1932 Dei,
563 1867 640 1934 quod
663 1867 693 1918 in
713 1873 737 1918 te
754 1874 794 1919 est
812 1882 865 1935 per
883 1867 996 1935 impoti·
1025 1865 1130 1935 ubique
1156 1845 1347 1936 episcoporum
1373 1872 1403 1921 ct
1425 1867 1649 1938 presbyterorum
1675 1870 1787 1924 nomina
1805 1886 1856 1940 pro

161 1950 266 2003 tionem
285 1968 417 2004 munuum
434 1968 567 2004 mearum.
603 1950 840 2015 Quemadmodum
856 1952 997 2022 apostolus
1024 1952 1224 2026 ἰσοδυναμοῦσι
1253 1952 1339 2008 habet
1369 1971 1472 2026 easque
1496 1954 1615 2009 invicem
1644 1962 1790 2026 permutet.
1825 1955 1855 2011 Si

161 2034 202 2090 ibi
224 2035 313 2104 docet,
331 2055 390 2093 sese
408 2054 473 2093 suas
494 2054 592 2092 manus
609 2037 638 2092 iu
656 2037 831 2093 ordinatione
850 2038 996 2095 Timotheo
1019 2037 1084 2107 jure
1102 2038 1196 2093 divino
1216 2038 1365 2093 distinctae
1382 2039 1501 2095 fuissent
1518 2040 1710 2113 episcoporum
1733 2049 1762 2098 et
1780 2058 1855 2114 pres·

161 2123 339 2192 imposuisse,
370 2124 409 2179 ita
439 2140 548 2195 quoque
575 2124 672 2179 eadem
699 2123 792 2194 phrasi
823 2132 844 2181 l.
871 2125 942 2180 Tim.
970 2134 995 2192 t,
1023 2124 1184 2194 byterorum
1203 2130 1370 2196 potestates,
1385 2126 1521 2196 apostoli,
1538 2128 1586 2198 qui
1604 2128 1685 2183 toties
1704 2129 1739 2184 de
1756 2127 1856 2183 officiis

161 2226 188 2265 r.
209 2215 248 2264 14.
268 2209 357 2275 docet,
376 2211 556 2282 presbyteros
581 2228 639 2266 una
659 2227 752 2266 secum
769 2211 915 2268 Timotheo
939 2230 995 2268 ma·
1022 2211 1216 2266 ecclesiasticis
1226 2210 1410 2267 etvirtutibus
1421 2212 1605 2267 ministrorum
1615 2214 1854 2287 ecclesiaesgrmt,

161 2313 216 2351 uus
242 2296 414 2367 imposuisse.
459 2297 608 2353 Praeterea
636 2297 660 2351 si
693 2298 854 2354 Timotheus
882 2306 996 2372 accepto
1023 2297 1066 2352 vel
1086 2316 1141 2354 uuo
1156 2297 1277 2370 quodam
1289 2297 1318 2351 in
1330 2298 1391 2353 loco
1403 2297 1534 2354 distincte
1552 2299 1587 2355 ds
1599 2299 1720 2372 episcopi
1740 2308 1768 2357 et
1779 2318 1854 2372 pres·

162 2382 359 2455 prcsbyteratu
376 2385 436 2455 ipso
450 2385 514 2455 jure
533 2385 615 2439 etism
632 2384 687 2439 fuit
712 2384 872 2456 episcopus,
899 2388 995 2458 utique
1022 2384 1113 2455 byteri
1131 2390 1283 2455 potestate,
1309 2383 1408 2449 officio,
1427 2384 1576 2441 mantibus
1596 2392 1771 2453 tractassent,
1793 2390 1853 2459 jam

162 2471 235 2527 inter
258 2471 400 2543 episcopos
429 2479 457 2526 et
480 2471 656 2542 presbyteros
683 2471 775 2543 quoad
794 2472 995 2542 jurisdictionis
1021 2486 1087 2525 vero
1104 2471 1247 2542 Scriptura
1265 2470 1369 2541 ubique
1381 2472 1433 2525 snb
1447 2472 1759 2544 nomineepiscoporum
1777 2482 1853 2546 pots·

57 2571 97 2616 nt.
109 2573 148 2614 to.
160 2562 329 2628 potestatem
350 2561 409 2628 jure
430 2559 523 2613 divino
542 2559 648 2613 nullum
668 2559 720 2613 erit
732 2558 887 2614 discrimen.
913 2558 994 2613 Prius
1020 2562 1129 2626 statem,
1147 2556 1271 2612 officium
1291 2563 1319 2611 et
1336 2556 1451 2611 virtutes
1468 2558 1792 2640 etiamuprcsbyterornm
1806 2561 1852 2617 de·

161 2644 261 2699 asserit
278 2643 329 2698 hoe
347 2645 407 2700 loco
426 2645 618 2714 Bellarmiuus,
635 2645 771 2716 posterius
789 2645 875 2717 igitur
892 2662 994 2718 negare
1007 2651 1009 2663 '
1021 2642 1126 2700 scribit.
1164 2643 1194 2700 si
1216 2642 1334 2698 nominis
1359 2643 1495 2698 duntaxat
1520 2646 1675 2700 communio
1699 2647 1771 2702 inter
1795 2647 1852 2718 epi·

160 2730 378 2802 haudquaquam
402 2731 494 2788 debet.
532 2731 636 2787 Verum
659 2731 854 2802 praetermissa
879 2733 929 2786 illa
950 2750 993 2788 ex·
1021 2746 1119 2801 scopos
1138 2736 1166 2785 et
1183 2728 1360 2800 presbyteros
1378 2729 1485 2799 fuisset,
1506 2747 1578 2802 quae
1595 2731 1668 2786 foret
1678 2733 1854 2788 cohaerentia
1924 2788 1926 2792 .

159 2817 298 2887 positione
315 2817 500 2872 Bellarminus
520 2817 602 2870 aliam
623 2817 735 2887 profert,
757 2834 840 2888 quam
860 2818 928 2872 dicit
940 2819 993 2873 sibi
1021 2820 1113 2871 textus
1132 2815 1194 2871 Act
1216 2821 1263 2880 20,
1289 2835 1315 2871 v.
1335 2821 1377 2873 28.
1397 2815 1446 2870 ubi
1465 2817 1621 2887 presbyteri
1643 2817 1775 2888 Ephesini
1796 2835 1852 2874 mo·

159 2903 249 2958 videri
265 2903 408 2972 veriorem,
427 2903 502 2975 quod
521 2904 629 2957 retinet
647 2904 757 2958 nomine
765 2906 934 2974 presbyterii
952 2906 993 2958 in·
1021 2908 1122 2957 nentur
1139 2902 1175 2958 de
1193 2901 1339 2973 diligentia
1355 2901 1384 2956 in
1404 2901 1497 2958 officio
1515 2902 1688 2967 adhibenda,
1706 2911 1853 2976 propterea

159 2990 309 3057 tetiiputnr
330 2999 422 3044 coetus
452 2991 657 3059 episcoporum,
685 2991 735 3060 qni
761 3009 831 3046 noco
863 2991 1096 3089 episeopoiqnod
1115 2990 1240 3059 Spiritus
1256 2997 1369 3043 sanctus
1388 2991 1466 3062 ipsos
1478 2990 1608 3059 posuerit
1627 2991 1778 3061 episcopos.
1812 2991 1853 3047 ht

159 3078 423 3146 manusimponunt,
433 3078 516 3147 juxta
531 3077 765 3149 Chrysostomum,
780 3078 993 3145 Theodoretum‚
1020 3076 1043 3129 si
1070 3075 1187 3131 fuissent
1215 3076 1275 3130 sola
1298 3076 1418 3131 nominis
1449 3077 1695 3132 communicatione
1721 3078 1851 3150 epistopi,

158 3162 402 3234 Theophylactum
415 3171 444 3219 et
456 3163 655 3219 Oecumeninm
668 3165 697 3218 in
709 3164 762 3220 hoc
781 3164 850 3221 loco.
869 3166 993 3238 Respon·
1019 3179 1074 3218 non
1093 3163 1230 3234 potuisset
1247 3179 1280 3217 er
1298 3163 1375 3218 unda
1393 3163 1578 3234 appellatione
1596 3172 1788 3236 argumentum
1804 3164 1852 3220 sd·
1937 3219 1938 3223 ,

159 3251 272 3305 denus:
297 3250 369 3306 bene
388 3256 442 3319 est,
462 3251 510 3306 ille
527 3257 622 3306 coetus
641 3251 848 3321 episcoporum,
868 3253 916 3324 qui
937 3271 992 3309 ma·
1019 3249 1181 3305 hortationis
1202 3249 1315 3305 desumi.

158 3355 212 3393 uus
233 3337 386 3393 ordinando
404 3338 548 3407 imposuit,
578 3337 632 3392 fuit
660 3337 689 3390 in
706 3339 824 3394 ecclesia
842 3341 993 3411 apostolica
1055 3342 1110 3392 236.
1146 3336 1229 3390 Hanc
1247 3335 1412 3391 senteutiam
1432 3335 1489 3390 late
1509 3335 1653 3391 confirmat
1666 3336 1883 3408 Hieronymus2
1899 3340 1933 3380 ¹⁵¹

159 3430 256 3479 coetus
272 3424 511 3494 presbyterorum,
530 3430 557 3478 et
573 3423 620 3478 ille
639 3424 797 3494 episcopus,
821 3426 866 3480 cui
894 3443 992 3482 manus
1019 3424 1047 3476 iu
1077 3422 1159 3493 epist.
1186 3427 1228 3479 et.
1252 3423 1289 3476 ad
1311 3420 1480 3492 Evsgtium,
1506 3420 1554 3474 ubi
1578 3421 1670 3477 omnia
1692 3422 1750 3478 fere
1768 3396 1967 3495 argu-iiiiffl.

160 3527 179 3565 a
196 3511 370 3583 presbyterio
389 3511 466 3566 fuere
484 3511 643 3581 impositae,
660 3508 689 3563 in
709 3511 825 3566 ecclesia
842 3515 993 3582 apostolica
1019 3514 1111 3565 menta
1134 3509 1266 3564 hacteuus
1297 3508 1434 3579 producta
1460 3508 1667 3579 complectitur:
1696 3511 1850 3580 Apostolus
1862 3495 1917 3537 '¹¹¹⁸‘

159 3599 215 3653 fuit
233 3597 393 3668 presbyter,
419 3598 495 3670 quod
521 3598 610 3667 ipsum
636 3596 801 3652 confirmant
826 3598 927 3655 Graeci
951 3600 992 3655 illi
1019 3596 1130 3667 (inquit)
1154 3596 1303 3665 perspicue
1330 3597 1419 3659 docet,
1449 3596 1558 3648 eosdem
1578 3612 1636 3649 esse
1662 3598 1851 3666 presbyteros,

159 3686 337 3756 interpretes,
365 3702 434 3757 quos
461 3685 646 3742 Bellarminus
672 3685 795 3739 adducit
835 3687 908 3757 Ergo
936 3705 991 3742 non
1018 3701 1088 3751 quos
1106 3681 1260 3754 episcopos.
1299 3681 1416 3743 macris
1442 3683 1657 3736 summitatem!
1680 3685 1752 3737 andi
1777 3685 1851 3738 testi

160 3772 248 3827 solum
280 3789 380 3828 nomen
411 3772 618 3843 episcoporum,
655 3771 703 3827 sed
735 3772 818 3827 etiam
846 3773 992 3829 ordinandi
1019 3769 1148 3823 monium.
1183 3768 1294 3821 Paulus
1314 3775 1340 3820 et
1366 3767 1526 3821 Timotheus
1549 3769 1626 3822 servi
1650 3769 1721 3824 Jesu
1747 3770 1853 3828 Christi

159 3865 282 3931 potestas
306 3859 360 3913 tuit
378 3859 547 3930 presbyteris
567 3861 596 3913 iu
620 3858 738 3914 ecclesia
757 3859 910 3929 apostolica
926 3877 990 3916 con·
1018 3857 1144 3910 omniun
1162 3856 1282 3919 sanetis,
1308 3856 1438 3923 quisunt
1457 3854 1602 3924 Philippis
1628 3872 1689 3908 cnm
1711 3857 1850 3927 epiceopis

160 3962 246 4002 oessa.
281 3944 364 4001 Unde
384 3946 455 4000 enim
476 3945 678 4001 demonstrabit
697 3945 888 4015 Bellarminus,
903 3947 933 4001 in
951 3964 993 4002 or·
1019 3952 1044 3997 et
1066 3944 1202 3999 diaconis.
1246 3942 1293 3996 Vis
1320 3950 1347 3995 et
1374 3942 1457 3995 uliud
1479 3943 1656 4011 exemplum!
1684 3943 1715 3997 in
1732 3945 1850 3998 Actibus

159 4032 300 4088 dinatiorm
316 4031 451 4087 Timothei
469 4032 590 4102 episcopi
611 4049 704 4085 omnes
729 4033 812 4085 totius
825 4034 991 4102 provinciae
1018 4031 1210 4100 apostolorum
1227 4031 1268 4082 ad
1283 4029 1366 4082 tinius
1378 4027 1513 4082 ecclesiae
1525 4031 1687 4083 sncmdotes
1706 4030 1851 4099 apostolus

159 4121 306 4193 episcopos
324 4119 368 4173 vel
386 4126 458 4173 certe
477 4126 534 4172 tres
552 4120 696 4190 epriscepos
708 4119 834 4190 specifice
852 4126 878 4172 et
888 4121 992 4192 phrasi
1017 4117 1058 4171 ita
1077 4118 1218 4187 loquitur:
1236 4115 1380 4168 Attendite
1392 4115 1468 4168 vobis
1485 4123 1511 4168 et
1527 4124 1624 4169 cuncto
1641 4118 1729 4186 prepi,
1747 4117 1777 4169 in
1795 4135 1849 4187 qao

159 4207 309 4277 Pontificio
330 4206 371 4258 sic
391 4205 481 4258 dictos
504 4205 662 4258 conuenisse
688 4213 714 4258 et
737 4223 795 4257 unu
821 4223 882 4258 enim
901 4207 991 4261 Panlo
1017 4222 1065 4258 vos
1084 4206 1192 4268 fratres
1212 4202 1343 4272 spiritus·
1355 4218 1377 4254 e.
1398 4202 1495 4271 posuit
1513 4203 1670 4271 episcopos,
1688 4207 1728 4270 jut
1743 4203 1849 4271 repetis

158 4313 259 4348 munus
276 4294 305 4348 ei
321 4293 505 4362 imposuisset
523 4290 598 4363 quod
616 4297 709 4346 tamen
727 4290 854 4361 praetisa
871 4299 900 4347 et
911 4291 990 4348 abso·
1018 4290 1164 4344 ecclminm
1183 4289 1255 4357 Dei,
1280 4306 1364 4356 quum
1382 4287 1532 4353 acquisivit
1552 4305 1603 4342 suo
1623 4288 1769 4359 sanquine.
1805 4290 1849 4343 Ac
1862 4296 1917 4338 1111.
1931 4297 1964 4342 ot.

159 4382 220 4436 luta
237 4380 401 4436 necessitate
418 4380 448 4434 in
465 4378 586 4450 episcopi
600 4378 773 4433 ordinatione
790 4378 892 4450 requiri
910 4379 993 4435 docet
1018 4393 1052 4431 ne
1070 4378 1133 4446 quis
1152 4377 1322 4430 contentiose
1339 4375 1370 4427 in
1384 4393 1441 4428 una
1455 4374 1574 4428 ecclesia
1586 4376 1688 4445 plures
1702 4376 1849 4445 episcopos

57 4487 124 4527 anx
161 4465 208 4521 lib.
229 4473 255 4524 t.
276 4465 555 4531 demulceant.
583 4464 732 4529 Quantum.
756 4472 778 4522 6.
797 4465 851 4521 Tit.
874 4472 896 4533 1,
914 4485 941 4523 v.
961 4475 990 4521 5:
1016 4465 1107 4532 fnisse
1126 4464 1293 4531 secundet,
1317 4463 1418 4515 audiat
1439 4468 1465 4514 et
1489 4461 1573 4514 uliud
1596 4462 1796 4527 testimonium,
1819 4463 1849 4516 br

57 4539 105 4630 ,¹²⁵2
122 4539 140 4582 ¹·
163 4554 237 4608 Ideo.
263 4562 291 4607 te
317 4554 424 4622 reliqui
451 4551 567 4618 Cretae,
595 4560 627 4605 ut
658 4554 809 4607 constituas
831 4553 992 4623 oppidatim
1018 4568 1071 4620 quo
1089 4549 1317 4615 manifestissime
1337 4548 1550 4620 comprobetur,
1581 4551 1697 4601 eundem
1717 4565 1775 4602 esse
1793 4550 1850 4619 epi·

67 4620 74 4632 ’
157 4642 348 4711 presbytera,-
374 4659 399 4695 o.
425 4642 450 4695 6.
477 4639 584 4708 siquis
608 4646 648 4692 est
672 4639 731 4692 sine
749 4640 882 4709 erimine,
909 4642 992 4694 unins
1016 4654 1130 4705 scopum
1159 4643 1244 4704 utque
1269 4636 1472 4704 presbyterum.
1517 4636 1641 4704 Propter
1669 4635 1721 4688 hoc
1745 4635 1852 4705 reliqui

158 4729 254 4781 acoris
281 4728 400 4780 moritus
430 4732 482 4781 etc.
511 4744 537 4780 o.
565 4732 586 4780 7.
607 4734 716 4795 oportet
740 4727 812 4780 enim
831 4729 991 4798 episcopum
1017 4732 1042 4778 te
1062 4722 1170 4791 Cretae,
1191 4729 1223 4775 ut
1240 4738 1313 4792 quiae
1331 4721 1654 4789 deerantcorripereset
1668 4723 1850 4777 consensum

159 4815 429 4884 irreprehensibilem
452 4830 510 4866 esse
538 4814 608 4865 sicin
633 4814 691 4866 Dei
721 4829 903 4867 oeconomum.
948 4815 990 4868 Ex
1012 4810 1189 4879 presbyteros
1203 4825 1259 4879 per
1278 4809 1417 4876 ciuitates,
1435 4809 1506 4862 sicud
1526 4825 1576 4878 epo
1596 4809 1649 4862 tibi
1664 4811 1852 4875 munderici

158 4900 288 4956 hocloco
309 4900 500 4968 manifestum,
528 4898 638 4954 eosdem
656 4898 711 4952 dici
732 4904 760 4955 et
778 4899 865 4954 fuisse
885 4899 989 4971 episco-
1016 4897 1079 4966 quis
1102 4904 1143 4954 est
1166 4896 1226 4950 sine
1254 4895 1369 4950 crimine
1392 4901 1443 4950 ete.
1468 4902 1577 4964 oportet
1598 4896 1670 4950 enim
1689 4897 1849 4967 episcopum

156 5004 215 5059 poe,
233 4988 280 5060 qui
298 4987 463 5043 dicebantur
481 4992 509 5042 et
528 4992 607 5040 erant
625 4984 796 5056 presbytcri,
824 4985 893 5041 alias
912 4987 990 5042 nubs
1015 4987 1076 5039 sine
1093 4984 1208 5038 erimine
1226 5000 1292 5037 esse.
1329 4985 1368 5036 Et
1394 4984 1436 5037 ad
1455 4983 1642 5037 Timotheum.-
1667 4983 1739 5038 Noli
1761 4984 1849 5055 nepti-

156 5073 226 5130 toret
244 5075 274 5128 in
292 5078 371 5130 textu
391 5073 543 5145 apostolico
555 5073 696 5138 connexio,
714 5091 797 5146 quam
816 5079 906 5126 tamen
926 5090 989 5144 par·
1015 5086 1079 5142 pere
1097 5072 1228 5140 pretinm,
1247 5086 1319 5139 pree
1338 5070 1368 5122 in
1386 5076 1412 5122 te
1425 5077 1472 5137 est,
1491 5086 1561 5138 queue
1582 5072 1652 5124 duta
1671 5079 1712 5124 est
1730 5071 1783 5125 tibi
1793 5086 1850 5142 per

155 5161 240 5216 ticula
254 5162 424 5231 αἰτιολογικὴ
433 5160 487 5232 ydp
498 5160 601 5215 diserte
613 5161 700 5232 ponit.
726 5161 805 5226 Quae
819 5159 892 5215 enim
905 5159 987 5214 συνά-
1011 5159 1191 5230 prophetiam
1211 5163 1237 5210 et
1254 5171 1306 5225 per
1331 5155 1535 5223 impositionem
1558 5174 1689 5210 mannum
1703 5156 1847 5226 preshyte-

156 5266 221 5319 pno
240 5248 310 5303 haee
336 5247 427 5303 toret?
455 5246 501 5301 Illi
528 5246 712 5302 constituendi
738 5253 803 5301 sunt
825 5245 988 5317 presbyteri,
1015 5247 1062 5301 rii.
1101 5245 1160 5299 Sed
1178 5252 1204 5298 et
1220 5245 1323 5297 Petrus
1343 5243 1374 5295 in
1387 5242 1486 5311 prima
1504 5243 1638 5313 epistola,
1660 5244 1848 5315 presbyteros,

154 5335 202 5408 qui
220 5341 284 5390 suut
304 5335 363 5390 siue
383 5333 504 5398 crimine,
522 5332 603 5387 unius
616 5333 708 5387 uxoris
719 5332 779 5396 viri,
800 5333 865 5404 quia
885 5333 988 5403 episco·
1016 5333 1120 5403 inquit,
1145 5331 1195 5401 qui
1212 5330 1242 5384 in
1260 5330 1336 5384 sobre
1353 5336 1430 5398 sunt,
1452 5347 1556 5402 precor
1574 5346 1624 5398 epo
1643 5333 1849 5401 compresbyter

155 5440 236 5493 pum,
254 5424 335 5493 eujus
354 5420 491 5490 officium,
508 5426 647 5491 potestas,
662 5417 819 5488 jurisdictio
838 5426 866 5475 et
884 5419 988 5492 gradus
1017 5427 1070 5475 etc.
1105 5418 1192 5486 sepite
1221 5416 1367 5470 ecelesiam
1395 5417 1456 5470 Dei
1486 5426 1512 5471 et
1538 5417 1667 5486 inspicite
1693 5424 1746 5475 etc.
1772 5420 1849 5488 quod

154 5507 248 5563 differt
266 5525 282 5562 a
301 5507 471 5579 presbytero,
490 5513 599 5580 oportet
615 5522 674 5562 esse
690 5504 749 5561 siue
767 5504 888 5576 crimine,
906 5507 988 5563 unius
1019 5507 1131 5576 qrsidem
1152 5502 1484 5572 Graecesipniticnntius
1507 5503 1610 5559 dicitnr
1626 5502 1848 5574 ἐπισκοποῦντες,
