4020 6014
588 150 642 206 Dii
659 146 883 210 nmtmnmo
900 147 1209 212 emmanuelem
1553 188 1560 195 -
1695 172 1754 231 113

48 321 139 377 scapo
165 305 362 378 imponendas,
393 320 430 362 ns
456 309 635 377 peecatorum
668 306 820 362 alienorum
842 306 893 360 fiat
919 307 1117 362 ecclesiasticis
1133 309 1333 379 sanctionibus,
1355 311 1405 381 qui
1421 312 1645 369 ordinandorum
1660 317 1754 387 mtam,

49 391 201 464 particeps,
219 391 357 463 quidquid
375 390 448 447 enim
477 390 637 461 hujusmodi
654 391 741 462 inepti
759 393 893 448 ecelesiae
918 409 1017 463 penus,
1035 395 1176 464 patriam,
1197 402 1330 464 ιιιιοιιια,
1358 395 1570 468 institutionem,
1597 400 1687 454 locum
1707 402 1756 455 ubi

51 478 173 533 minbtri
185 478 364 550 postmodnm
381 476 554 549 delinquunt,
575 478 635 548 ejus
656 479 801 548 cnlpaant
819 484 893 534 certe
919 481 1031 534 educati
1052 489 1129 549 sunt,
1157 481 1184 533 si
1209 482 1265 534 sint
1285 483 1351 535 bene
1372 483 1491 548 literati,
1517 486 1544 538 si
1565 487 1698 540 instructi
1724 486 1755 540 in

51 578 120 634 pm
138 565 240 635 culpas
257 563 460 635 promotoribns
486 565 646 634 imputatur.
683 564 847 620 Ambrosius
864 565 893 616 in
919 567 979 634 lepe
997 567 1064 637 Dei,
1083 575 1147 620 ante
1165 569 1261 621 omnia
1272 551 1424 637 dilipente'r
1436 571 1609 640 inuestipent,
1627 574 1655 624 si
1672 575 1755 637 aden

51 663 154 703 comm.
171 650 247 704 illius
265 649 319 703 loei
337 650 378 703 sie
399 649 509 703 scribit:
531 649 589 703 Sub
601 651 748 703 testatione
760 668 803 719 ea,
822 665 892 719 qrtae
920 653 1088 705 catholicam
1117 653 1247 715 fiirmiter
1277 662 1389 708 teneant
1419 664 1445 708 et
1469 657 1561 710 uerbis
1582 658 1756 726 simplicibus

53 737 98 788 ad
114 737 324 790 ordinationem
342 737 462 788 mandat
480 736 631 802 custodiri,
648 736 803 805 praecipit,
822 735 893 788 nibil
920 754 1046 790 asserere
1062 747 1172 807 queant.
1208 741 1272 809 Ipsi
1291 749 1398 809 autem,
1427 743 1527 811 quibus
1545 761 1616 796 cura
1634 745 1883 798 commit-matta

53 822 120 881 fieri
149 823 211 874 sine
234 821 434 890 praejudicio,
460 837 495 873 ne
519 822 611 885 facile
640 822 746 890 aliquis
772 821 894 890 accipiat
921 824 1003 891 titur,
1032 841 1130 878 casem
1155 827 1269 893 debent,
1295 844 1329 880 ne
1354 836 1403 881 aut
1431 830 1543 892 favoris
1568 832 1679 899 pratia,
1708 839 1757 884 aut
1819 884 1824 895 ,

53 907 278 960 eeclesiasticam
296 908 476 974 dipnitatem,
495 909 552 960 nisi
563 908 644 977 prius
664 910 700 961 de
716 909 776 961 uita
796 916 822 960 et
838 924 894 960 mo·
920 911 1108 979 cujuscunque
1119 913 1241 965 muneris
1253 913 1409 980 cupiditate
1421 915 1510 968 illecti
1526 932 1546 967 a
1558 933 1623 971 vero
1641 917 1758 985 dmient,

52 993 134 1045 ribus
153 994 212 1045 sisse
229 994 319 1055 fuerit
338 993 525 1062 disputatum,
548 1001 579 1046 ut
597 996 700 1063 dipnus
719 995 894 1064 approbatus
921 1004 951 1048 ut
974 997 1120 1064 indipnum
1146 1006 1171 1050 et
1195 999 1287 1051 minus
1307 1000 1437 1053 idoneum
1462 1002 1503 1053 ad
1524 1019 1622 1054 saeros
1647 1005 1757 1070 padus

53 1078 186 1132 ms'nister
208 1087 259 1132 aut
279 1081 414 1132 saccrdos
437 1079 635 1148 const-ituatur,
661 1087 692 1132 ut
718 1097 774 1133 non
786 1086 895 1147 postea,
920 1082 1113 1151 mssmpiendos
1143 1083 1268 1152 epiceopi
1303 1085 1432 1138 manibus
1467 1087 1623 1156 applicent,
1656 1088 1760 1156 quodsi

53 1165 84 1217 si
91 1165 323 1233 reprehensibilis
336 1165 475 1230 uideatur,
487 1165 631 1233 poenieat
643 1166 719 1228 forte
735 1165 894 1234 principem
922 1168 1007 1219 aliter
1021 1167 1162 1235 fecerint,
1190 1177 1216 1222 et
1242 1170 1292 1223 ille
1317 1171 1367 1238 qui
1391 1171 1507 1239 indipne
1534 1173 1689 1236 arraserit,
1720 1173 1757 1225 ab

51 1251 161 1322 populi
178 1268 234 1303 non
253 1253 296 1303 ad
317 1251 456 1319 liquidum
473 1253 692 1320 praejudicasse
718 1252 788 1319 quid
810 1266 896 1303 mere·
922 1254 1012 1306 altari
1021 1254 1214 1322 removebitur,
1235 1263 1260 1307 et
1278 1256 1327 1310 illi
1337 1257 1389 1325 qui
1407 1258 1510 1309 donum
1524 1257 1648 1326 Spiritum
1667 1258 1760 1311 sancti

53 1344 144 1404 retur,
161 1338 805 1406 qssemimprobabiliterordinauit,necillum,
818 1338 896 1391 cuius
921 1342 1042 1392 vendere
1065 1341 1160 1394 conati
1181 1349 1259 1410 sunt,
1288 1358 1383 1395 coram
1412 1345 1475 1397 Deo
1492 1345 1558 1412 jam
1581 1345 1760 1397 condemnati

52 1431 174 1492 peccam
201 1425 244 1475 ad
267 1424 453 1490 suspicionem
478 1424 602 1492 ueniunt,
627 1425 831 1487 ordinandum,
862 1437 896 1474 ne
923 1425 1114 1478 ecclesiactica
1146 1428 1284 1497 diqnitate
1318 1427 1470 1495 carebunt;
1504 1429 1591 1497 ipitur
1617 1446 1672 1498 per
1702 1437 1759 1482 tres

55 1509 277 1562 commaculetur
301 1510 450 1563 ordinator
477 1510 553 1562 dria
581 1516 608 1562 et
628 1510 738 1562 delictis
759 1509 827 1562 eius.
864 1507 898 1560 Si
923 1513 1068 1565 continuos
1082 1512 1143 1566 dies
1158 1513 1311 1582 dilipenter
1322 1516 1522 1580 examinentur,
1535 1515 1613 1567 etsie
1624 1515 1758 1568 sabbalo

57 1611 125 1663 erpo
153 1596 267 1650 omnino
293 1596 412 1649 latentia
441 1603 505 1648 mint
532 1595 650 1661 delicta,
685 1595 815 1647 immunis
843 1593 896 1646 erit
924 1597 975 1665 qui
992 1598 1107 1666 probati
1130 1606 1207 1666 sunt,
1237 1599 1369 1668 episcopo
1393 1607 1639 1668 repraesententur
1644 1621 1656 1664 ,·
1682 1601 1759 1654 alias

56 1691 162 1750 rector,
192 1683 260 1751 quia
285 1683 456 1735 conscientia
485 1683 545 1735 eius
568 1681 660 1735 libera
693 1688 746 1743 est,
774 1678 896 1747 asspicio
924 1691 1016 1736 eutem
1039 1684 1099 1737 sine
1121 1685 1288 1739 clericorum
1314 1685 1446 1739 uidelicet
1469 1686 1588 1739 consilio
1613 1694 1638 1739 et
1656 1687 1761 1755 populi

57 1769 135 1821 enim
154 1768 296 1836 trepidum
320 1767 401 1829 facit.
438 1769 539 1820 Peocat
565 1769 651 1834 enim,
675 1767 702 1820 si
719 1783 776 1819 non
792 1766 897 1835 probel
924 1767 1079 1823 testimonio
1106 1771 1214 1823 nullum
1246 1771 1393 1840 episcopus
1426 1773 1561 1825 ordinare
1587 1780 1759 1840 praesumat.

57 1856 145 1908 etsie
170 1855 300 1920 ordinat,
325 1853 424 1906 melior
449 1853 521 1905 enim
549 1853 649 1905 ceteris
674 1852 753 1904 debet
770 1850 897 1919 probari,
923 1853 1047 1909 Examen
1066 1854 1135 1908 illud
1151 1856 1175 1908 si
1196 1855 1339 1910 omittatur
1356 1855 1401 1911 vel
1424 1857 1600 1927 negligenter
1616 1863 1759 1926 amtemr,

57 1941 111 2010 qui
130 1940 310 1993 ordinandae
338 1946 386 1991 est.
426 1939 491 1990 Non
509 1939 631 2005 Wfftssiir
660 1938 687 1989 si
704 1939 763 1991 sine
781 1937 898 1990 crimine
924 1939 1034 1994 evenire
1049 1939 1119 1994 solet
1151 1939 1235 2005 illud,
1272 1941 1307 1995 de
1342 1957 1397 2010 quo
1430 1943 1554 2012 gratita
1582 1943 1760 2013 conqueritur

58 2026 112 2091 sit,
133 2026 202 2093 quia
218 2025 319 2077 merita
345 2025 405 2076 eires
434 2025 532 2077 debera
546 2023 664 2091 praeire
683 2023 816 2077 bammum
833 2039 895 2091 ope-
923 2025 1113 2082 Nazianzenus
1134 2025 1279 2097 apologia:
1305 2026 1402 2080 Illotis
1425 2028 1553 2081 manibus
1571 2047 1606 2082 ac
1630 2030 1759 2083 memmis

57 2128 135 2175 nem,
153 2118 184 2162 ut
199 2110 302 2179 piqnus
320 2109 455 2162 habeatur
476 2111 518 2162 nd
535 2110 749 2164 ordinationem.
768 2108 896 2179 Requiri-
918 2113 1056 2180 profanis
1082 2112 1283 2165 commissimus
1309 2128 1339 2165 se
1365 2113 1447 2166 rebus
1465 2114 1597 2184 inperunt
1625 2117 1758 2183 pradum·

58 2203 109 2251 tur
127 2196 214 2267 igitur
232 2197 384 2270 δοκιμασία
395 2196 452 2250 sive
470 2212 585 2251 examen
605 2196 718 2265 aliquod
732 2194 897 2250 ordinationi
925 2213 976 2267 qus
994 2198 1050 2251 sibi
1067 2199 1215 2250 vendicant
1236 2197 1315 2250 laud
1331 2215 1424 2266 secus,
1443 2216 1528 2267 quam
1546 2200 1575 2252 si
1592 2199 1664 2253 lune
1682 2200 1759 2254 ordi-

58 2282 298 2353 praemittendum
317 2282 400 2352 juxta
423 2282 621 2352 praescriptum
645 2281 763 2351 apostoli
785 2287 807 2335 1.
825 2280 896 2335 Tim.
924 2300 986 2337 nem
998 2301 1054 2337 non
1062 2284 1173 2337 uirtutis
1185 2283 1337 2352 exemplar,
1350 2286 1403 2337 sed
1409 2284 1601 2352 principatum
1613 2287 1761 2353 quendam,

60 2373 93 2437 ³,
119 2387 146 2423 v.
169 2375 214 2423 10:
245 2357 321 2422 οὗτοι
345 2367 490 2436 (διάκονοι)
510 2371 760 2441 δοκιμαζέσθωσαν
778 2371 899 2437 πρῶτον,
925 2369 955 2421 in
979 2386 1059 2438 quem
1080 2370 1221 2437 inquirere
1239 2388 1295 2423 non
1320 2370 1422 2437 liceat,
1452 2386 1511 2423 esse
1525 2378 1633 2440 putent.
1669 2371 1761 2425 ”Im-

61 2449 123 2509 εἶτα
141 2455 366 2518 διακονείτωσαν,
379 2456 534 2523 probentur
550 2455 674 2524 primum
693 2462 719 2507 et
731 2461 794 2506 turm
811 2453 898 2505 susci·
925 2461 1012 2524 perat.
1030 2455 1100 2512 Nor.
1124 2461 1179 2510 123.
1202 2472 1224 2509 c.
1247 2461 1292 2510 12:
1314 2455 1439 2508 Clericos
1458 2474 1513 2510 non
1531 2456 1616 2510 aliter
1629 2456 1763 2510 ordinari

57 2543 147 2612 piant
179 2542 363 2595 diaconorum
391 2558 499 2593 mrcnsss.
550 2538 718 2593 Hincmarns
748 2538 898 2593 Remorum
922 2541 1121 2609 permittimur,
1153 2541 1212 2594 nisi
1240 2541 1341 2593 literas
1370 2542 1462 2594 sciant
1492 2548 1518 2594 et
1542 2550 1648 2596 rectam
1674 2544 1762 2612 fidem

61 2628 213 2698 epiecopus
224 2627 281 2682 tale
294 2627 372 2683 dedit
383 2626 560 2697 rescriptum:
581 2626 724 2679 Adducite
740 2626 899 2678 creminan·
924 2626 1062 2694 vitamque
1086 2626 1206 2680 babeant
1234 2627 1376 2679 honestam
1409 2635 1435 2680 et
1463 2644 1550 2696 neque
1581 2629 1762 2682 cannabinum

62 2717 147 2783 dum,
173 2715 241 2782 quia
267 2721 297 2766 ul
320 2714 403 2783 lonpe
429 2721 561 2766 antenor
580 2714 685 2766 dictum
704 2719 760 2775 est,
785 2729 842 2764 non
860 2718 900 2764 est
925 2729 1013 2781 neque
1034 2713 1181 2765 naturales
1205 2712 1355 2764 habuerint
1380 2720 1429 2764 aut
1455 2712 1574 2766 babeant
1598 2714 1688 2781 filios,
1711 2716 1764 2767 sed

60 2801 155 2866 facile
175 2801 371 2869 dimittendus,
397 2801 444 2852 cui
462 2807 501 2853 est
512 2797 662 2868 proximus
680 2798 899 2851 committendas.
926 2807 1002 2851 caste
1014 2799 1144 2865 uiuentes,
1164 2805 1214 2850 aut
1231 2814 1345 2851 urorem
1365 2797 1522 2864 lepitimam
1540 2798 1716 2853 laberiano.
1739 2803 1761 2853 1.

65 2887 124 2951 Qui
142 2889 215 2942 enim
234 2888 295 2941 loco
314 2888 391 2941 docti
410 2887 524 2940 ordinat
543 2888 693 2954 indoctum,
711 2884 736 2935 is
748 2884 822 2948 facit
839 2899 900 2936 eum
927 2883 981 2937 dist
1001 2889 1049 2938 36:
1079 2883 1237 2936 Illiteratos
1257 2882 1353 2936 nullos
1368 2889 1534 2951 praesumat
1555 2884 1596 2935 ad
1612 2883 1762 2937 clericatus
1807 2930 1811 2938 .

62 2975 241 3043 maqistrum
260 2975 311 3042 qui
322 2973 435 3026 debebat
449 2988 508 3025 esse
521 2972 687 3042 discipulas,
706 2976 731 3022 et
744 2971 826 3038 offert
842 2985 901 3022 coe·
927 2970 1053 3023 ordinem
1072 2969 1282 3037 promovere.**
1324 2967 1432 3023 Similia
1458 2971 1568 3022 exstant
1592 2967 1668 3039 apud
1693 2985 1759 3024 eun-

63 3079 127 3114 cum
146 3059 264 3115 animal.
928 3057 990 3110 dem
1009 3055 1038 3109 in
1061 3054 1192 3110 monodia
1217 3055 1245 3107 in
1270 3053 1381 3109 laudem
1402 3053 1514 3119 Basilii,
1543 3054 1618 3124 apud
1643 3053 1763 3125 Chryso·

103 3152 161 3201 161.
199 3146 298 3198 Exstat
317 3142 459 3197 decretum
479 3141 588 3195 concilii
609 3139 835 3210 carthaginensis
852 3138 901 3193 IV.
927 3148 1046 3195 stannum
1063 3139 1111 3194 lib.
1139 3147 1161 3196 1.
1181 3139 1216 3194 de
1241 3139 1348 3194 sacerd.
1375 3137 1545 3210 Cyprianum
1572 3157 1651 3195 serm.
1677 3148 1701 3195 t.
1727 3142 1763 3196 de

65 3232 101 3287 de
121 3231 246 3287 examine
271 3229 457 3282 ministrorum
482 3227 584 3281 citatur
607 3243 630 3280 e.
667 3225 720 3289 Qui
748 3224 902 3295 episcopus.
927 3227 1020 3297 lapsis,
1040 3225 1238 3297 Angustimum
1257 3225 1337 3295 epist.
1359 3230 1414 3280 118.
1433 3224 1634 3296 Hieronymum
1654 3225 1682 3279 in
1701 3240 1760 3294 esp.

66 3318 131 3375 dist.
151 3322 197 3372 23:
233 3315 290 3378 Qui
308 3315 454 3383 episcopus
469 3313 655 3367 'ordinandus
680 3319 728 3378 est,
751 3319 834 3363 antea
859 3325 902 3361 ex·
931 3321 952 3369 1.
972 3312 1028 3366 Tit.
1049 3317 1101 3367 etc.

66 3405 220 3471 ominetur,
245 3402 273 3454 si
294 3408 398 3453 natura
424 3400 461 3453 sit
485 3401 624 3469 predam,
651 3399 678 3451 si
704 3396 849 3459 docibilis,
877 3395 905 3447 si
966 3403 1022 3454 168,
1058 3399 1092 3451 In
1117 3397 1169 3452 hoe
1196 3396 1321 3451 examine
1343 3394 1491 3466 diligenter
1514 3394 1709 3466 inquirendum
1732 3393 1761 3449 in
1773 3396 1867 3440 staua

67 3490 193 3547 moribus
205 3493 383 3556 temperatus,
402 3487 429 3539 si
439 3487 497 3540 cita
509 3493 610 3553 castus,
629 3486 656 3538 si
666 3486 784 3554 sabaea,
803 3485 830 3538 si
838 3501 903 3553 per·
929 3483 1076 3538 ordinandi
1088 3482 1245 3552 qualitates,
1258 3499 1293 3535 an
1307 3481 1415 3536 scilicet
1426 3479 1552 3549 ἱκανόιης
1566 3480 1603 3534 ad
1616 3479 1761 3534 ministerii
1774 3447 1895 3492 “mm''

68 3577 144 3644 cipit,
164 3578 190 3627 ei
209 3590 316 3643 semper
333 3573 392 3625 ersis
410 3572 530 3641 nepotiis
550 3589 663 3639 cavens,
688 3573 715 3624 si
731 3571 859 3634 humilis,
878 3572 904 3624 si
929 3569 1106 3626 ecelesiastici
1126 3575 1219 3639 partes
1233 3568 1285 3622 rite
1303 3567 1444 3622 obeundas
1456 3566 1611 3622 necessario
1630 3565 1763 3636 requisita

68 3662 204 3733 affabilis,
222 3663 248 3714 si
260 3660 429 3726 misericors,
443 3660 470 3711 si
479 3658 614 3726 literalem,
633 3659 659 3711 si
670 3657 700 3711 in
712 3659 773 3726 lepe
784 3657 905 3710 Domini
929 3658 957 3709 in
977 3656 1038 3726 ipso
1058 3655 1138 3710 adsit.
1161 3660 1183 3709 2.
1203 3654 1275 3710 Tim.
1293 3659 1322 3722 2,
1344 3669 1371 3706 v,
1393 3659 1421 3708 2:
1447 3653 1508 3721 Ea,
1533 3668 1606 3720 quae
1626 3653 1764 3706 audivisti

67 3748 234 3815 instructus,
261 3745 336 3800 siin
358 3745 571 3813 Scripturarum
591 3745 717 3798 sensibus
734 3751 833 3797 cardus
858 3744 902 3796 cel
930 3759 948 3794 a
975 3758 1015 3794 me
1033 3758 1086 3810 per
1105 3741 1207 3794 mullos
1230 3747 1324 3807 testes,
1348 3739 1510 3792 commenda
1528 3738 1658 3803 fidelibus
1676 3738 1763 3792 lomi·

68 3843 180 3903 mutus,
203 3833 230 3885 si
250 3832 281 3885 'in
307 3831 483 3899 dopmatibus
510 3830 708 3884 ecclesiasticis
725 3831 904 3898 exercitatus,
930 3827 1024 3896 nibus,
1044 3830 1141 3886 οἵτινες
1160 3827 1264 3892 ἱκανοί,
1283 3824 1333 3893 qui
1351 3824 1450 3877 idonei
1466 3831 1560 3892 erunt,
1584 3825 1668 3877 etiam
1689 3824 1763 3879 alios

69 3930 94 3975 et
112 3929 178 3976 ante
198 3919 294 3972 omnia
313 3918 341 3972 si
352 3918 427 3987 fidei
443 3918 609 3971 documenta
627 3918 716 3971 uerbis
730 3917 904 3987 simplicibus
931 3916 1039 3968 docere.
1082 3912 1111 3968 si
1134 3911 1229 3979 dicas,
1257 3910 1354 3981 negari
1381 3909 1418 3964 ab
1445 3908 1583 3980 apostolo,
1606 3926 1764 3980 quenquam

69 4013 177 4062 οιιιναι
196 4009 247 4061 etc.
266 4010 362 4074 postea
380 4009 577 4057 enumerantur
593 4003 744 4073 praecipua
762 4002 904 4058 doctrinae
930 4016 990 4055 esse
1015 3999 1052 4053 ad
1079 4002 1186 4051 tanturn
1214 4013 1248 4051 ae
1272 4002 1330 4050 tam
1354 3994 1471 4050 arduum
1498 4012 1598 4049 munus
1626 3994 1765 4063 idoneum,

69 4091 193 4149 coelestis
213 4091 306 4161 capita
323 4106 356 4145 eo
375 4096 500 4160 tempore
520 4089 549 4142 in
568 4089 685 4144 ecclesia
703 4089 821 4144 maxime
840 4106 904 4143 con·
931 4093 954 4141 2.
971 4087 1031 4140 Cor.
1054 4090 1078 4153 2,
1096 4100 1122 4139 v.
1144 4089 1183 4139 16.
1204 4082 1366 4152 respondeo,
1383 4080 1595 4152 explicationem
1613 4081 1704 4151 eapite
1724 4096 1765 4134 se·

69 4189 200 4243 herema,
214 4177 249 4231 de
270 4176 370 4248 quibus
383 4174 553 4231 ordinandus
567 4175 715 4229 examinari
727 4175 904 4245 praecipitur.
931 4176 1034 4242 quente
1061 4169 1154 4223 statim
1181 4167 1259 4222 addi:
1292 4166 1420 4234 ἱκανότης
1444 4164 1524 4234 ἡμῶν
1556 4166 1585 4218 ἐκ
1614 4166 1664 4219 τοῦ
1689 4167 1766 4234 θεοῦ,

69 4265 170 4322 concil.
191 4261 307 4316 Laudic.
320 4278 343 4315 c.
365 4263 405 4316 12.
417 4267 446 4314 et
463 4261 566 4316 citetur
579 4278 603 4315 e.
635 4260 842 4331 Episcopidist.
858 4267 904 4315 24:
932 4264 956 4312 2.
976 4257 1038 4312 Cor.
1057 4261 1087 4311 3.
1112 4272 1136 4307 v.
1157 4259 1180 4307 5.
1220 4252 1345 4307 Pertinet
1369 4269 1434 4307 vero
1455 4252 1493 4306 ad
1519 4250 1595 4306 illam
1622 4249 1765 4316 lucubrare

72 4349 210 4425 Episcopi
220 4346 335 4417 judicio
350 4346 630 4414 rnetropolitancrum
648 4355 784 4400 eteorum
801 4347 904 4416 pruco-
936 4351 956 4399 1.
970 4340 1157 4402 confessionis
1169 4339 1327 4392 sinceritas.
1352 4338 1552 4409 inquirendum
1564 4337 1650 4407 igitur
1661 4334 1766 4397 sedulo,

66 4455 184 4511 pauni,
216 4435 266 4503 qui
299 4433 481 4486 circumcirca
512 4443 589 4501 sunt,
615 4440 834 4503 promoreantur
866 4433 907 4483 ad
932 4447 968 4484 an
985 4426 1154 4483 ordinandus
1172 4425 1209 4479 sit
1227 4423 1392 4479 confessioni
1406 4440 1488 4479 verse
1504 4421 1687 4478 doctrinaein
1704 4433 1766 4490 pro·

71 4522 289 4577 ecelesiasticam
309 4516 486 4587 dipnitatem,
510 4519 534 4572 ii
549 4519 693 4583 videlieet,
719 4518 768 4588 qui
780 4518 906 4586 plurimo
933 4515 1050 4587 pheticis
1070 4521 1097 4568 et
1115 4510 1275 4582 apostolicis
1298 4509 1582 4581 scriptispropositae
1599 4508 1672 4561 etin
1689 4504 1766 4559 libris

71 4618 193 4679 tempore
213 4607 374 4675 probantur
403 4613 460 4658 tam
487 4607 569 4659 uerbo
594 4607 676 4676 fidei,
710 4622 794 4672 mam
816 4610 907 4657 rectae
934 4598 1091 4672 symbolicis
1121 4597 1256 4667 repetitae
1281 4595 1387 4650 sineere
1415 4595 1553 4650 addictus.
1602 4591 1671 4646 Cum
1695 4589 1767 4645 enim

70 4693 293 4750 acremotionis
315 4690 448 4760 eaemplo.
485 4691 534 4746 Ivo
560 4689 738 4747 carnotensis
761 4689 809 4744 lib.
831 4695 854 4743 3.
873 4688 908 4743 de
934 4684 1095 4757 primarium
1115 4698 1147 4736 aa
1165 4681 1320 4752 principale
1338 4680 1457 4751 pastoris
1475 4679 1597 4734 officium
1614 4675 1651 4729 sit
1668 4689 1767 4744 puram

34 4846 38 4851 ,
69 4796 194 4838 conseer.
218 4776 302 4847 episc.
328 4794 361 4831 ex
381 4776 478 4832 concil.
500 4778 687 4847 Nannetensi,
712 4783 741 4831 et
765 4776 865 4831 citatur
884 4790 907 4827 e.
935 4779 963 4828 et
989 4772 1176 4839 incorruptam
1200 4767 1356 4823 doctrinam
1383 4765 1487 4837 populo
1514 4762 1579 4817 fidei
1603 4775 1670 4814 suae
1694 4775 1768 4814 eom·

68 4866 195 4932 Quando.
216 4863 279 4917 dist.
300 4863 377 4919 ead:
400 4862 518 4924 Quando
540 4866 688 4937 episcopus
701 4861 907 4916 ordinationem
934 4853 1284 4927 missoproponere,b1nl.
1304 4859 1328 4917 2,
1348 4870 1374 4906 r.
1393 4858 1417 4905 ’1.
1438 4849 1536 4904 Matth.
1555 4854 1593 4911 13,
1610 4866 1635 4900 r.
1656 4852 1697 4903 52.
1715 4850 1768 4901 ete.

66 4954 167 5014 facere
187 4951 327 5020 disponit,
352 4966 446 5002 omnes
465 4950 515 5018 qui
534 4951 703 5004 adsacrum
721 4948 908 5002 ministerium
920 4952 922 5003 ἱ
935 4946 997 4999 ideo
1016 4942 1128 4998 omnino
1145 4939 1302 5012 requiritur,
1318 4943 1351 4992 ut
1371 4952 1388 4990 a
1405 4934 1535 4990 fanaticis
1554 4933 1730 5006 opinionibus
1742 4937 1770 4987 et

67 5040 206 5093 accedere
223 5036 376 5098 noluerint,
404 5037 483 5099 feria
508 5042 611 5104 quarta
636 5043 700 5088 ante
720 5036 812 5104 ipsam
831 5032 908 5088 ordi·
936 5029 1083 5086 haereticis
1109 5026 1247 5083 erroribus
1272 5021 1400 5079 immunis
1424 5020 1474 5109 sit,
1502 5020 1550 5091 qui
1574 5019 1639 5074 huic
1663 5016 1771 5072 muneri

67 5125 212 5178 nationem
230 5123 353 5176 uocandi
369 5130 433 5175 sunt
456 5122 497 5174 ad
514 5119 654 5172 ciuitatem
673 5137 814 5175 unacum
830 5137 910 5190 pres·
936 5114 1155 5189 praeficiendus,
1181 5129 1216 5167 ne
1243 5125 1348 5182 pascua
1376 5105 1516 5160 Dominici
1545 5105 1639 5178 gregis
1664 5118 1770 5158 veneno

68 5211 189 5278 bylem's,
213 5209 264 5278 qui
281 5225 328 5261 eos
354 5214 569 5279 repraesentare
590 5203 701 5268 debent,
727 5212 753 5257 et
771 5213 836 5258 tune
854 5206 910 5274 epi-
936 5203 1075 5259 haeretico
1102 5198 1208 5255 inficiat
1231 5196 1268 5251 ad
1301 5199 1445 5250 aeternum
1472 5192 1642 5248 oricularum
1669 5188 1771 5243 Christi

67 5312 171 5364 scopus
190 5312 209 5346 a
228 5292 317 5347 latere
336 5311 387 5346 suo
407 5293 509 5362 elipere
524 5291 603 5343 debat
620 5290 781 5342 sacerdotes
800 5296 826 5342 et
837 5291 911 5344 alios
938 5289 1074 5362 sangnine
1092 5285 1277 5340 redemtamm
1297 5277 1447 5350 perniciem
1466 5285 1494 5333 et
1512 5277 1633 5332 exitium.
1666 5277 1691 5330 2.
1713 5275 1772 5326 Do·

64 5383 224 5454 prudentes
242 5379 319 5433 ciros
336 5396 441 5447 oneras
460 5376 574 5430 divinae
593 5374 681 5442 lepis,
699 5374 863 5428 cremnos
881 5376 911 5428 in
940 5377 1023 5432 cendi
1040 5372 1201 5428 dexteritas.
1233 5366 1303 5421 Cum
1323 5365 1394 5418 enim
1415 5364 1571 5434 episcopus,
1587 5360 1639 5415 hoe
1652 5364 1694 5412 est
1713 5358 1772 5428 qni·

120 5472 225 5519 Gsrhsrdi
238 5473 286 5515 lesi.
307 5471 341 5515 Π
1428 5474 1442 5522 8
