4020 6014
671 339 722 394 DE
738 333 990 394 unumunurn
1008 335 1196 392 POLI'I'ICO.
1718 341 1776 397 507

80 503 161 552 cutor
185 512 239 549 non
260 503 373 566 peccat,
407 496 453 566 qui
479 495 560 549 morti
588 496 779 565 adjudicatum
806 490 916 547 occidit.
948 505 1141 544 aerumnarum
1171 492 1200 544 in
1233 490 1358 544 militiam
1390 490 1503 543 abeunt.
1547 487 1659 542 Interim
1688 495 1780 540 tamen

82 583 150 653 quia
168 582 331 653 obsequitur
349 581 491 651 superiori,
506 582 586 651 cujus
606 581 768 636 sententiam
787 580 817 633 in
834 575 919 630 dubio
947 578 1145 632 mercenariam
1168 577 1295 631 militiam
1319 583 1430 647 penitus
1454 576 1551 630 tollere
1575 580 1624 628 aut
1650 574 1781 627 damnare

82 670 223 723 discutere
249 684 303 721 non
329 673 448 723 tenetur.
492 668 666 737 Augustinus
690 667 739 722 lib.
761 669 920 721 utcontra
947 680 1001 716 uon
1015 669 1138 731 possunt,
1149 663 1315 717 scunarium
1330 663 1403 716 enim
1414 660 1572 724 ostendunt,
1595 665 1614 712 l.
1631 660 1782 727 Baptistae

82 756 217 809 Faustum
242 771 266 808 c.
292 745 340 808 lb:
368 756 413 807 Ne
437 754 514 806 illud
537 756 648 821 pridem
677 751 817 819 (bellum),
843 750 921 817 quod
947 749 1140 801 testimoninm.
1174 749 1277 803 Milites
1295 748 1351 809 illi,
1370 746 1471 818 quibus
1492 747 1633 802 lohannes
1655 743 1784 812 Baptista

83 842 205 894 bremens
223 841 378 911 cupiditate
397 840 514 907 peritur,
533 856 589 891 non
605 839 695 891 solnm
712 834 922 902 incorruptibili
949 833 1111 902 respondet,
1138 836 1258 887 contenti
1276 843 1360 888 estote
1382 834 1533 905 stipendiis
1550 832 1650 885 cestris
1669 830 1737 883 Luc.
1758 836 1781 895 3,

85 930 162 993 Deo,
190 928 241 978 sed
269 943 318 978 nee
349 927 455 978 sanctis
477 926 541 992 ejas
564 925 657 977 obesse
684 923 798 991 aliquid
819 927 921 988 polest,
948 937 972 974 v.
996 927 1033 975 14,
1053 920 1234 974 mercenarios
1251 919 1337 973 fuisse
1356 925 1462 974 certum
1488 926 1543 987 est,
1569 919 1631 971 illos
1654 923 1783 970 tamena

83 1015 183 1083 quilius
196 1013 292 1081 potius
316 1015 358 1066 uel
382 1015 565 1065 ecercenrlam
581 1011 751 1082 patientium
771 1016 796 1061 ct
815 1009 856 1060 ad
873 1007 920 1058 liu·
949 1011 1024 1057 statu
1042 1022 1092 1058 suo
1112 1005 1223 1059 minime
1234 1010 1356 1071 revocat,
1375 1005 1424 1058 sed
1434 1011 1507 1059 recte
1527 1004 1637 1057 vivendi
1657 1000 1782 1072 regulam

84 1099 254 1151 milisendam
280 1100 404 1151 oninium
433 1099 635 1164 ferendamque
660 1104 810 1163 proterviam
837 1093 921 1146 desci-
948 1090 1002 1143 illis
1021 1090 1192 1159 praescribit.
1221 1094 1247 1142 2.
1266 1092 1399 1159 Apostoli
1415 1092 1521 1143 dictum
1544 1096 1564 1144 1.
1583 1089 1645 1142 Cor.
1665 1093 1689 1154 9,
1705 1104 1731 1138 v.
1752 1092 1782 1141 7:
1796 1113 1850 1157 nv,
1863 1110 1909 1154 pu·

81 1186 192 1254 plenam
221 1185 306 1237 stiam
333 1187 470 1252 prodesse
499 1184 638 1235 invenitur
665 1189 716 1235 etc.
766 1181 832 1237 Oam
854 1195 921 1245 erpo
951 1176 1018 1238 Quis
1035 1194 1156 1244 unquam
1183 1177 1287 1229 malim
1311 1177 1369 1228 meis
1391 1176 1562 1244 stipendiis.²
1588 1174 1636 1228 ubi
1657 1171 1782 1225 militiam

84 1272 129 1323 nir
143 1271 249 1337 justus,
269 1271 296 1322 si
306 1275 386 1336 sorte
403 1271 453 1321 snb
470 1286 534 1335 repe
555 1269 665 1322 lumine
679 1268 763 1320 aiem
782 1265 921 1330 sacrilego
948 1263 1144 1316 mercenariam
1172 1280 1235 1315 eum
1265 1261 1436 1333 agricultura
1463 1270 1491 1316 et
1522 1277 1638 1332 gregum
1670 1265 1785 1327 pastura

86 1356 193 1421 militm
212 1363 285 1408 recte
294 1356 388 1425 possit
401 1355 454 1408 illo
461 1355 574 1421 jubente
594 1354 699 1406 bellare
717 1353 822 1404 civicae
839 1350 922 1420 pacis
948 1348 1108 1418 conjungit,
1132 1365 1203 1418 quae
1227 1365 1282 1401 non
1306 1355 1370 1401 sunt
1394 1365 1437 1402 res
1458 1364 1508 1401 suo
1530 1361 1630 1417 genere
1648 1344 1737 1397 malae
1757 1347 1784 1398 at

87 1442 213 1492 ordinem
237 1458 367 1506 samana,
394 1440 442 1491 cui
466 1442 543 1507 quod
558 1440 688 1507 jrsbctur,
713 1438 756 1489 vel
780 1454 835 1487 non
863 1450 921 1488 esse
948 1434 1131 1488 damnandae.
1184 1437 1211 1488 3.
1239 1435 1403 1487 Priscorum
1436 1433 1598 1501 exemplum.
1643 1429 1709 1485 lud.
1746 1434 1786 1489 lt,

88 1534 186 1579 contre
213 1527 270 1579 Dei
290 1534 473 1595 praeceptum
497 1533 601 1577 ceruam
620 1531 673 1591 cst,
698 1523 742 1577 vel
765 1530 858 1575 atrum
875 1521 921 1586 sit,
948 1538 974 1571 v.
999 1525 1021 1574 6.
1041 1518 1208 1574 Galaaditae
1226 1520 1261 1573 ad
1282 1518 1433 1588 lepbtbam
1454 1518 1565 1572 dicunt:
1599 1516 1709 1569 Veniet
1727 1520 1785 1566 esto

87 1621 190 1664 certum
210 1629 265 1665 non
286 1619 340 1675 est,
366 1612 407 1664 ila
424 1619 454 1663 ut
466 1611 597 1677 sortasse
622 1626 700 1662 reum
720 1626 811 1676 repam
823 1607 923 1674 saciat
948 1606 1083 1674 princeps
1112 1614 1207 1658 noster
1236 1614 1262 1658 et
1291 1623 1388 1674 pupne
1419 1613 1518 1658 contra
1551 1604 1626 1666 lilios
1657 1603 1784 1654 Ammon.

88 1698 223 1766 iniquitas
235 1698 404 1765 imperandi,
417 1698 588 1749 innocentem
600 1704 692 1748 cenem
707 1694 823 1747 induem
836 1701 923 1745 caten·
952 1696 975 1744 2.
993 1690 1062 1760 Reg.
1083 1696 1114 1757 3,
1138 1708 1162 1743 v.
1191 1698 1215 1747 7.
1242 1707 1289 1744 rex
1311 1689 1398 1743 Israiil
1417 1689 1512 1743 loram
1533 1688 1618 1741 mittit
1637 1687 1672 1741 ad
1693 1702 1785 1756 regem

89 1786 139 1837 ciat
157 1785 232 1836 ratio
252 1784 400 1836 serviendi.
952 1775 1028 1830 luda
1047 1775 1231 1846 losopbatum
1249 1777 1360 1830 dicens:
1384 1776 1452 1828 Veni
1464 1792 1568 1827 mecum
1589 1776 1630 1826 ad
1644 1772 1784 1841 proelium

123 1875 182 1924 loo.
217 1867 366 1932 Quaeritur
392 1871 417 1925 4.
442 1869 489 1921 An
514 1876 588 1920 recte
598 1868 733 1934 fociant,
751 1865 801 1934 qui
815 1883 835 1916 a
848 1870 925 1932 pote·
952 1870 1154 1927 controrepem
1169 1864 1553 1930 lsoub,quirecessitame;
1569 1860 1617 1930 qui
1631 1858 1786 1927 respondit:

39 1936 45 2003 f
91 1956 210 2010 statibus
226 1956 352 2006 mercede
369 1956 409 2006 ecl
427 1954 558 2005 militium
575 1971 604 2006 sc
622 1952 742 2006 conduci
756 1951 927 2019 patiuntur?
952 1950 1138 2016 educendum,
1168 1949 1240 2000 sieut
1269 1965 1319 2016 epo
1338 1966 1413 2014 snm,
1439 1948 1480 2000 sic
1506 1954 1536 1999 tu
1563 1963 1602 1999 es.
1648 1946 1685 1997 Et
1712 1944 1786 2013 quod

90 2041 263 2094 ”Danaeus
289 2040 318 2092 in
341 2047 409 2093 orat.
435 2039 514 2093 Dom.
545 2039 673 2108 explicet.
698 2056 724 2107 p.
750 2043 808 2091 236.
833 2034 925 2095 refert,
951 2033 1064 2102 proprie
1081 2032 1136 2086 buc
1159 2033 1289 2102 congruit
1318 2039 1341 2087 2.
1358 2032 1449 2087 Paral.
1474 2038 1521 2095 25,
1549 2049 1574 2084 v.
1600 2038 1623 2086 6,
1659 2029 1787 2083 Amasias

91 2125 284 2180 Poseidonium
296 2125 394 2178 invita
404 2124 554 2196 Augustini
569 2124 697 2190 scribere,
714 2138 775 2175 crim
784 2139 926 2188 nunqnam
952 2136 998 2173 rex
1018 2119 1096 2174 luda
1114 2121 1240 2172 mercede
1258 2119 1389 2172 conducit
1407 2120 1443 2172 de
1460 2119 1556 2172 [mail
1571 2125 1675 2170 centum
1694 2116 1787 2168 millia

90 2229 186 2265 orosae
206 2228 262 2280 pro
284 2211 359 2274 iliis,
384 2213 435 2279 qui
451 2210 654 2263 mercenariam
674 2218 699 2261 et
716 2208 926 2276 qrmestucriam
952 2207 1127 2258 robustorum
1147 2212 1254 2256 eentum
1277 2205 1360 2257 lcilrru
1379 2205 1507 2273 arpenti5
1533 2204 1597 2257 binc
1612 2201 1787 2272 Augustinus

89 2298 220 2350 militiam
245 2305 325 2350 estro
345 2299 472 2365 patriam
496 2304 630 2349 exurent.
676 2293 731 2348 Sed
750 2294 777 2345 in
799 2292 925 2346 Possido-
953 2307 1004 2344 ser.
1028 2297 1066 2346 19.
1085 2290 1120 2343 de
1139 2290 1216 2365 verb.
1236 2290 1331 2346 Dom.:
1349 2292 1415 2344 Non
1432 2291 1573 2358 militare,
1595 2292 1647 2342 ssd
1667 2296 1787 2356 propter

90 2383 136 2434 nic
155 2382 223 2435 illud
245 2400 299 2436 non
319 2382 491 2436 occurristi*
525 2380 710 2436 Meroanarios
731 2379 832 2432 milites
851 2378 926 2447 peni·
949 2379 1090 2448 praedam
1110 2378 1235 2430 militare
1255 2386 1295 2430 est
1309 2384 1472 2446 peccatum,
1496 2376 1561 2429 ideo
1580 2377 1703 2443 quadam
1720 2392 1787 2443 pro·

93 2479 137 2522 tus
156 2468 284 2521 videntur
304 2469 434 2521 damuare
447 2467 477 2520 Ρ.
494 2467 599 2537 Martyr
618 2466 698 2520 class.
716 2472 741 2520 4.
761 2465 811 2518 loc.
830 2480 926 2517 comm.
951 2464 1077 2516 videntia
1094 2463 1229 2515 militibus
1247 2462 1391 2530 stipendia
1409 2463 1559 2515 commitata
1578 2469 1650 2525 ment,
1669 2477 1702 2512 ne
1721 2461 1788 2512 dum

88 2570 113 2609 e.
128 2559 165 2606 lo.
177 2571 251 2609 uum.
264 2561 303 2607 13.
313 2554 415 2607 ll*item
426 2554 497 2606 class
518 2561 540 2607 t.
553 2553 621 2605 loco.
639 2559 676 2606 17.
686 2567 760 2604 num.
771 2557 794 2605 8.
809 2567 836 2619 p.
853 2553 925 2625 1746.
951 2557 1057 2602 sumtus
1070 2549 1226 2617 quaeriue,
1238 2550 1353 2617 muccla
1366 2555 1520 2616 prestetur.
1544 2552 1569 2600 4.
1585 2547 1682 2601 Simile
1699 2548 1787 2615 quod·

89 2639 222 2693 Erasmus
241 2639 371 2693 Roterod.
389 2639 442 2692 sub
470 2640 552 2709 adag.
580 2638 689 2692 Bellum
708 2636 925 2707 haudquaquam
953 2638 1020 2688 dam
1044 2642 1201 2701 eopnntum.
1248 2635 1327 2688 Sicut
1352 2634 1568 2703 jurisconsultus
1596 2634 1632 2687 ad
1664 2633 1787 2687 ordinem

88 2725 273 2795 lacrymosum
290 2732 319 2780 et
338 2725 414 2778 haud
429 2725 577 2778 annuntias
590 2722 736 2779 bellant*
757 2722 926 2776 etBueanus
949 2721 1118 2790 judiciorum
1143 2721 1391 2774 administrandum
1417 2737 1528 2790 operam
1548 2737 1623 2774 suam
1643 2719 1742 2773 oiicrre
1762 2725 1789 2773 et

87 2812 117 2865 in
137 2811 202 2864 inst.
223 2811 275 2864 loc.
295 2816 328 2865 49
355 2829 382 2880 p.
404 2816 461 2865 788.
511 2818 530 2864 Ι.
552 2809 636 2863 Tales
654 2809 756 2862 milites
775 2807 927 2877 conjiciunt
953 2807 1083 2861 addicere
1102 2811 1195 2875 potest
1212 2797 1400 2875 magistratui,
1424 2805 1469 2859 cui
1494 2823 1549 2859 non
1567 2811 1611 2859 est
1627 2804 1786 2873 subjectum

88 2913 118 2950 se
137 2896 166 2949 in
187 2895 300 2965 pedicas
320 2894 379 2948 sine
397 2912 489 2951 causa.
528 2895 598 2950 Nam
627 2894 650 2946 si
669 2894 773 2948 bellum
792 2893 926 2961 injustum
954 2893 993 2946 ita
1004 2908 1116 2963 quoque
1129 2892 1195 2961 quia
1206 2897 1316 2961 oportet
1327 2891 1397 2945 tales
1411 2906 1482 2958 esse,
1501 2890 1548 2960 qui
1561 2890 1617 2945 sint
1630 2879 1666 2943 ad
1682 2888 1787 2958 proclia

89 2982 139 3049 sit,
157 2981 281 3036 excusari
302 2999 355 3036 non
374 2987 506 3050 possunt,
526 2999 588 3033 cunr
607 2997 662 3033 non
682 2979 858 3045 obedientia,
877 2978 925 3031 sed
954 2978 1055 3032 eruditi
1077 2984 1098 3031 l.
1111 2977 1238 3044 Patala,
1258 2994 1284 3031 v.
1310 2982 1347 3032 18.
1366 2993 1400 3030 ae
1416 2977 1509 3030 norint
1527 2976 1609 3030 armis
1628 2976 1785 3030 violentiam

89 3066 244 3137 cupiditate
264 3068 417 3133 ducentum
436 3073 460 3120 2.
473 3066 525 3120 nisi
540 3066 585 3119 isti
597 3066 637 3120 ita
648 3064 731 3120 facile
751 3070 927 3118 accurrerent
955 3063 1088 3132 repellere
1109 3070 1137 3117 et
1156 3079 1253 3133 pacem
1272 3062 1355 3131 tueri,
1375 3079 1447 3133 quae
1465 3062 1601 3117 militandi
1622 3061 1722 3130 peritia
1741 3061 1786 3114 do·

89 3153 127 3207 ad
145 3159 288 3221 tympana,
306 3153 394 3207 multa
411 3152 486 3206 bella
504 3169 555 3206 nec
574 3153 614 3205 ita
633 3158 736 3205 temere
756 3150 926 3220 susciperen-
952 3166 1019 3202 num
1037 3148 1091 3203 Dei
1112 3156 1161 3210 est,
1181 3156 1211 3202 ut
1229 3148 1355 3217 superius
1375 3147 1558 3214 ostendimus,
1579 3148 1642 3202 ideo
1661 3148 1684 3200 si
1704 3164 1788 3201 causa

89 3247 142 3299 tur,
160 3255 211 3291 nee
230 3239 270 3291 ita
282 3239 329 3291 diu
348 3239 579 3308 producerentur3
600 3244 624 3295 3.
645 3238 727 3291 iidem
744 3236 876 3304 efficiunt,
895 3243 928 3289 ut
954 3234 1019 3288 belli
1047 3233 1084 3287 sit
1109 3237 1188 3305 justa
1211 3239 1240 3288 et
1263 3234 1400 3304 legitima,
1430 3234 1499 3288 tales
1523 3234 1596 3287 bona
1619 3233 1788 3287 conscientia

88 3325 178 3394 patria
205 3340 256 3376 sna
283 3323 355 3376 male
386 3323 483 3377 audiat
509 3329 537 3378 at
571 3323 680 3377 laboret
714 3323 778 3376 odio
810 3321 927 3375 aliarum
953 3320 1091 3390 stipendio
1115 3322 1213 3376 mereri
1238 3328 1361 3390 possunt.
1399 3320 1558 3375 Notandum
1576 3325 1684 3386 tamen,
1712 3319 1788 3388 quod

89 3410 223 3480 gentium,
244 3424 356 3463 necesse
376 3409 449 3462 enim
469 3415 519 3471 est,
538 3414 570 3461 ut
587 3408 678 3463 laeam
699 3408 806 3474 doleat,
828 3414 851 3462 4.
865 3423 926 3476 pro·
954 3406 1113 3461 mercenarii
1131 3406 1171 3459 illi
1195 3406 1295 3461 milites
1320 3411 1385 3460 ante
1406 3405 1498 3459 omnia
1518 3412 1646 3458 accurate
1664 3404 1787 3459 cortside·

89 3494 148 3565 digi
178 3501 243 3547 sunt
262 3494 336 3547 ritae
361 3510 441 3556 suae,
467 3511 550 3564 quam
577 3494 723 3564 oportebat
750 3508 926 3552 conservare,
953 3509 1015 3547 rare
1039 3492 1172 3559 debeant,
1196 3508 1233 3546 an
1259 3491 1363 3545 bellum
1385 3491 1484 3560 axilla
1503 3497 1591 3559 parte,
1610 3490 1655 3545 oui
1676 3507 1788 3560 operam

90 3589 116 3635 5.
135 3580 296 3649 relinquunt
313 3581 473 3634 vocationes
491 3596 570 3647 suas,
591 3595 697 3647 uxores,
718 3579 830 3647 liberos,
847 3578 926 3631 fami·
954 3595 1031 3631 suam
1061 3578 1191 3633 addicere
1219 3577 1358 3648 cogitant,
1388 3577 1425 3630 ait
1447 3578 1569 3647 justum,
1597 3594 1687 3647 neque
1715 3577 1787 3631 enim

89 3666 142 3719 lias
165 3671 194 3720 et
221 3671 320 3719 curant
347 3665 451 3734 ebena,
480 3673 504 3720 a.
528 3664 694 3720 exhauriunt
720 3665 790 3718 vires
820 3664 927 3733 patriae
954 3663 1014 3718 illos
1043 3663 1158 3734 perinde
1187 3670 1218 3718 ut
1246 3663 1371 3717 subditos
1405 3669 1518 3717 excusat
1546 3663 1575 3715 iu
1607 3663 1692 3717 dubio
1724 3663 1787 3717 obe·

91 3766 167 3817 suae,
185 3768 274 3821 nsque
288 3751 360 3805 enim
373 3751 506 3806 credibile
519 3757 568 3816 est,
581 3766 627 3804 eos
640 3767 742 3816 omnes,
755 3749 803 3820 qui
817 3755 926 3818 exeunt,
954 3750 1066 3816 dieutia,
1084 3767 1146 3804 cum
1164 3767 1220 3803 non
1237 3750 1293 3804 sint
1309 3750 1346 3804 ad
1366 3749 1538 3804 militandum
1558 3750 1691 3820 obligati,
1717 3750 1789 3803 sicut

89 3837 181 3892 redire
200 3836 328 3903 domum3
354 3843 377 3890 7.
398 3853 442 3890 res
460 3842 503 3890 est
522 3835 635 3906 pessimi
655 3834 781 3905 exempli,
801 3835 927 3889 vendunt
953 3835 1066 3890 subditi.

89 3922 162 3977 enim
182 3922 386 3992 quodammodo
404 3923 489 3976 vitam
514 3938 605 3983 susm,
629 3938 685 3975 non
706 3921 846 3990 justitiae,
873 3921 922 3973 scd
987 3928 1045 3976 401.
1087 3922 1214 3976 Alterum
1238 3923 1308 3992 justi
1338 3929 1366 3977 et
1390 3922 1507 3993 legitimi
1533 3923 1597 3978 belli
1623 3924 1913 3994 requisitumrcnm

88 4008 225 4078 pecuniae
245 4024 337 4063 eausa.
372 4008 413 4061 At
424 4008 599 4062 Abrahamus
619 4023 636 4060 a
653 4023 719 4077 rege
737 4006 926 4074 Sodomorum,
953 4014 1106 4061 estcuasae
1114 4008 1233 4075 justitia
1250 4016 1276 4061 ct
1296 4009 1430 4077 sequias.
1460 4009 1700 4074 Quemadmodum
1712 4009 1785 4063 enim
1799 3983 1911 4074 ’,Ἧζίιίι

89 4098 135 4148 cui
164 4101 304 4149 strenuam
336 4100 488 4147 cavaverat
512 4109 639 4162 operam,
670 4093 774 4147 nullam
806 4092 926 4161 praedae
952 4093 1129 4164 magistratus
1153 4110 1208 4147 non
1231 4100 1324 4163 potest
1346 4101 1443 4149 conus
1466 4096 1579 4165 quosvis
1597 4095 1720 4165 privatos
1743 4111 1784 4148 ar·
1796 4086 1869 4176 {2¹:¹22

90 4185 198 4250 partem
210 4179 449 4249 acciperemus,
467 4185 490 4234 t.
505 4179 621 4233 laedunt
638 4196 692 4242 eos,
711 4196 729 4232 a
743 4178 845 4247 quibus
856 4195 926 4232 nun·
954 4179 1035 4233 bitrio
1055 4179 1180 4249 gladium
1198 4181 1342 4251 stringere,
1361 4182 1409 4236 sed
1426 4182 1558 4236 accedere
1576 4186 1685 4252 oportet
1701 4197 1787 4251 grave
1800 4189 1913 4234 senatu·-

89 4283 175 4336 quam
200 4266 267 4320 laesi
293 4266 415 4332 fuerant,
444 4265 519 4335 quod
550 4281 674 4319 summae
698 4272 741 4319 est
765 4265 926 4335 injustitiae,
954 4265 1095 4336 quoddam
1123 4265 1254 4319 delictum
1280 4266 1395 4338 capitali
1422 4267 1556 4337 supplicio
1589 4268 1720 4337 dignum,
1746 4267 1788 4320 sic

90 4351 182 4406 miseri
206 4352 260 4418 illi,
283 4368 400 4421 quorum
426 4368 508 4422 agros
531 4358 559 4405 et
584 4351 689 4421 oppida
712 4357 823 4406 vastant
842 4358 926 4421 atque
954 4350 1132 4421 magistratus
1151 4368 1205 4404 uon
1224 4352 1309 4407 babet
1326 4357 1490 4422 potestatem
1508 4353 1606 4424 quovis
1623 4358 1746 4422 tempore
1762 4359 1790 4408 et

89 4437 225 4508 spoliant,
260 4438 379 4492 clamare
412 4443 542 4507 possent:
566 4437 632 4507 quid
664 4453 714 4491 nos
749 4436 860 4491 allicitis
884 4438 927 4491 his
956 4444 1053 4491 eontra
1071 4437 1182 4508 quosvis
1202 4437 1305 4492 bellum
1326 4438 1474 4505 indicendi,
1494 4437 1543 4493 sed
1560 4437 1692 4493 accedere
1709 4455 1788 4508 opor-

92 4524 222 4593 injuriis?
240 4524 308 4594 quid
327 4542 379 4578 nos
398 4525 433 4579 de
444 4525 523 4577 vobis
537 4541 632 4577 sumus
644 4524 755 4577 meriti?
775 4532 799 4578 9.
812 4524 929 4579 redeunt
955 4529 997 4577 tet
1029 4523 1149 4590 justam,
1186 4523 1339 4593 legitimam
1377 4540 1410 4578 ac
1446 4522 1631 4577 sufficientem
1669 4541 1790 4579 causam.

90 4610 201 4664 domum
220 4611 308 4664 multo
327 4610 494 4677 deteriores,
513 4627 597 4679 quam
617 4627 679 4664 cum
699 4608 825 4673 exierint,
844 4627 926 4680 quae·
955 4608 1195 4673 Quemadmodum
1207 4616 1307 4678 peccat
1322 4609 1408 4678 judex
1421 4610 1504 4663 morti
1515 4608 1704 4680 adjudicando
1717 4627 1789 4679 eum,

91 4711 202 4765 cunque
227 4695 299 4749 enim
324 4696 421 4749 vident
444 4697 473 4748 in
495 4694 557 4749 aliis
577 4695 735 4750 nationibus
755 4693 881 4764 nequiter
899 4703 928 4750 et
956 4697 1035 4764 cujus
1055 4710 1140 4749 causa
1153 4695 1274 4748 nondum
1293 4694 1361 4749 satis
1373 4700 1415 4750 est
1433 4694 1559 4748 discum
1578 4701 1605 4749 et
1624 4697 1789 4764 examinata,

90 4780 237 4834 libidinose
255 4780 331 4850 geri,
350 4781 501 4847 imitantur,
520 4787 548 4834 et
566 4781 613 4835 ubi
630 4780 776 4848 redierint,
800 4779 927 4834 inficiunt
955 4780 995 4833 sic
1024 4787 1124 4850 peccat
1154 4781 1333 4852 magistratus
1365 4779 1469 4834 bellum
1505 4780 1643 4845 indicens,
1677 4783 1788 4854 quando

89 4865 209 4935 patriam
235 4882 328 4932 suam;
361 4873 397 4920 lu.
423 4883 472 4935 pro
500 4867 588 4935 pretio
614 4867 737 4921 fundunt
763 4866 925 4934 sanguinem
955 4882 1041 4919 causa
1060 4867 1151 4920 adhuc
1172 4866 1258 4921 dubia
1277 4871 1318 4920 est
1345 4872 1374 4920 et
1393 4865 1576 4936 insufficiens,
1601 4870 1787 4922 cembellum

65 4950 245 5018 ,innoxium
270 4968 351 5034 quoq
361 4950 438 5004 Deus
466 4953 653 5006 exsecratione
678 4958 706 5007 et
724 4951 806 5005 exitio
827 4950 926 5021 dignos
955 4959 995 5004 est
1023 4960 1102 5004 actus
1134 4952 1266 5019 justitiae
1296 4959 1322 5004 et
1357 4969 1478 5007 memmae
1507 4955 1616 5020 prodas
1647 4956 1787 5007 uindictae

90 5035 252 5107 pronuntiat
274 5035 358 5091 Dent.
384 5042 432 5099 27,
456 5056 481 5088 ν.
510 5044 550 5091 25.
595 5037 674 5092 Haec
698 5037 811 5107 quidem
836 5037 941 5116 omnin,
953 5038 1090 5106 publicae.
1139 5036 1256 5102 Quando
1281 5053 1348 5109 ergo
1376 5054 1455 5109 reges
1473 5029 1613 5103 audiunt,
1642 5056 1734 5094 veram
1761 5047 1790 5097 et

90 5130 164 5176 recte
182 5127 361 5190 opponuntur
379 5121 532 5176 temerariis
550 5121 605 5176 illis
624 5122 775 5186 militibus,
797 5121 844 5192 qui
864 5121 928 5175 abs·
939 5123 942 5176 l
951 5124 1057 5193 justam
1075 5123 1200 5177 militiam
1213 5124 1273 5178 Deo
1291 5124 1411 5194 probari,
1430 5141 1607 5196 nequaquam
1627 5126 1789 5192 existiment,

92 5223 146 5278 que
160 5206 218 5260 ulla
237 5222 383 5260 causarum
402 5213 431 5261 et
443 5207 711 5262 circumstantiarum
730 5208 845 5277 praevia
863 5224 926 5262 con·
955 5209 1042 5264 libera
1063 5209 1182 5280 ipsorum
1195 5209 1351 5279 cupiditati,
1371 5210 1480 5265 libidini
1493 5228 1526 5265 ac
1538 5210 1699 5265 iracundiae
1711 5211 1790 5273 frena

90 5291 256 5346 sideratione
277 5292 391 5362 quaevis
411 5299 504 5345 castra
521 5310 570 5361 spe
588 5294 708 5362 praedae
728 5302 755 5348 et
773 5293 928 5362 cupiditate
956 5293 1041 5348 laxari
1061 5313 1095 5349 ac
1112 5295 1280 5349 liberrimam
1298 5302 1464 5364 potestatem
1483 5295 1611 5351 movendi
1630 5296 1706 5350 bella
1722 5297 1790 5367 ipsis

90 5377 160 5431 lucri
175 5376 259 5431 illecti
272 5383 434 5447 sequuntur,
456 5376 537 5447 quive
550 5379 721 5433 vocationem
735 5397 822 5443 suam,
844 5395 927 5448 quam
955 5381 1076 5443 concedi,
1095 5381 1144 5433 sed
1164 5379 1270 5434 solicite
1290 5381 1449 5449 expendent
1467 5381 1699 5450 prudentissimae
1712 5383 1790 5437 femi·

89 5462 183 5518 aDeo
199 5461 311 5532 babent,
329 5462 448 5532 turpiter
467 5464 599 5518 deserunt
618 5470 646 5517 et
663 5464 766 5519 relictis
784 5465 925 5532 uxoribus,
954 5483 1007 5520 nae
1019 5464 1165 5536 Abigaiilis
1178 5464 1266 5519 rerba
1277 5466 1313 5519 ad
1326 5465 1463 5520 Davidem
1485 5468 1664 5537 pronuntiata
1679 5468 1790 5524 l.'Sam.

89 5549 198 5613 liberis,
229 5547 352 5605 artificiis
372 5555 432 5603 ete.
467 5565 501 5603 ex
531 5549 705 5620 impatientis
734 5551 860 5606 laborum
893 5555 923 5606 et
957 5557 998 5616 25,
1016 5569 1041 5607 ι’.
1063 5556 1109 5607 28:
1135 5551 1207 5615 Quia
1221 5551 1337 5624 proelia
1354 5552 1477 5606 Domini
1491 5554 1663 5624 proeliaris,
1680 5554 1792 5608 melitio
