4020 6014
210 304 249 363 62
796 296 919 358 Locus
936 295 1141 370 uersutus
1157 296 1322 358 TERTIUS

211 453 395 511 minishorum
410 453 1044 526 nondebeatfieriabsqueecclesiaesuffragio,
1071 453 1188 522 apostoli
1214 460 1328 525 propter
1353 462 1442 520 certus
1467 461 1496 511 et
1517 454 1669 526 peculiares
1694 470 1793 515 causas
1810 452 1906 510 locum

212 539 421 612 quisperpetua
432 540 1044 612 illaapostolorumpraxissuppeditatgene·
1071 537 1219 596 dedissent
1267 540 1323 595 Sed
1355 541 1411 597 tale
1442 542 1509 612 quid
1539 540 1568 596 in
1598 541 1688 596 verbis
1722 539 1817 597 Lucae
1846 555 1906 594 non

185 624 1044 698 ·rslsuregulsminsimilibusnegousmsritoobserrandsn
1069 625 1195 682 occurrit.
1240 626 1440 698 ConJungimus
1471 633 1564 683 autem
1594 645 1658 683 cum
1690 628 1743 682 hoc
1777 627 1906 696 exemplo

212 720 237 770 t.
255 713 406 784 Excipiunt
424 713 481 783 alii,
499 714 672 768 eocatimrem
683 714 825 768 Matthiae
843 715 934 779 masse
953 720 1044 768 extro-
1068 711 1193 783 regulam
1220 713 1399 783 apostolicam
1425 722 1447 770 1.
1472 714 1592 771 Timoth.
1617 721 1647 783 3,
1673 732 1699 768 r.
1726 720 1754 768 7:
1785 715 1905 783 Oportet

210 799 398 864 ordinariam,
415 799 480 854 idco
499 817 554 854 uos
569 816 653 869 posse
667 817 699 853 cc
711 800 763 854 boc
777 800 900 869 ecemplo
912 799 1044 869 probari,
1069 799 1229 868 episcopum
1245 800 1347 853 labere
1370 801 1469 854 bouum
1492 802 1677 854 testimouium
1702 802 1737 855 ab
1755 800 1829 868 illes,
1852 800 1906 868 oui

211 886 287 956 quood
303 885 470 956 saffrapium
493 893 518 939 et
543 901 693 940 conseatur
719 886 851 940 ecclessiae
869 886 900 939 in
918 886 1044 939 mediata
1065 885 1144 954 soris
1160 893 1233 940 sant.
1270 885 1348 941 Idem
1372 887 1407 942 de
1426 887 1550 942 diaconis
1575 887 1650 942 hisce
1669 886 1800 949 dicimus,
1826 884 1903 956 quod

210 971 355 1027 uoemiorre
371 973 504 1025 accedere
526 972 636 1028 debeat
671 971 898 1043 Respondemus:
916 971 1043 1026 concedi·
1069 970 1221 1040 oportuerit
1232 970 1312 1041 ipsos
1330 972 1432 1028 habere
1451 974 1556 1028 bonum
1567 973 1753 1029 testimonium
1764 972 1802 1027 ab
1814 971 1903 1027 eccle·

211 1074 272 1111 mus
293 1056 469 1121 antecedens,
488 1057 692 1129 sednegsmus,
711 1057 835 1129 legitime
848 1077 881 1114 ex
902 1074 934 1113 eo
948 1056 1043 1112 inferri
1069 1056 1126 1126 sia,
1154 1073 1220 1129 ergo
1247 1075 1303 1113 non
1328 1076 1362 1113 ex
1387 1060 1577 1129 concessione,
1605 1060 1653 1114 sed
1680 1076 1713 1114 ex
1736 1057 1904 1113 necessitate

210 1159 389 1214 coaequans,
408 1142 475 1214 quin
492 1143 585 1214 potius
604 1143 743 1199 contrario
760 1144 843 1198 modo
860 1143 1043 1215 procedimus.
1069 1158 1218 1198 consensus
1231 1150 1260 1199 et
1267 1144 1406 1215 judicium
1418 1145 1549 1201 ecclesiae
1563 1144 1618 1199 fuit
1628 1146 1806 1215 postulatum,
1820 1144 1903 1198 nimi·

211 1227 241 1285 si
259 1245 277 1283 a
295 1228 431 1284 Matthiae
447 1229 599 1296 vocatione,
619 1247 692 1300 quae
710 1237 802 1284 tamen
819 1230 874 1284 tuit
893 1229 1043 1284 extraordi·
1069 1244 1129 1282 rum
1157 1237 1188 1283 ut
1211 1237 1351 1286 constaret
1375 1232 1409 1286 de
1436 1232 1590 1287 testimonio
1613 1232 1700 1302 ipsius
1718 1232 1792 1284 circa
1807 1245 1902 1299 perso·

210 1315 289 1376 rada
311 1323 340 1371 et
364 1316 495 1371 divinitus
520 1334 571 1387 per
589 1325 689 1373 sortem
705 1317 899 1388 comprobata,
918 1315 1045 1370 nonfuit
1069 1331 1119 1369 nas
1145 1315 1182 1369 ad
1208 1315 1383 1372 diaconatum
1410 1318 1561 1389 eligendas.
1597 1318 1748 1373 Praeterea
1769 1316 1818 1370 illa
1836 1332 1902 1370 con·

211 1401 353 1464 malaeum
370 1403 505 1458 ecclesiae
523 1403 696 1473 suffragium,
715 1402 801 1457 multo
814 1402 905 1457 minus
917 1400 952 1456 ab
971 1402 1043 1456 ordi·
1070 1402 1157 1456 cessio
1175 1402 1361 1472 apostolorum
1378 1411 1427 1458 aut
1444 1405 1498 1458 fuit
1512 1405 1569 1474 juri
1588 1403 1680 1457 divino
1699 1418 1833 1473 congrua,
1850 1407 1904 1455 aut

211 1488 333 1545 uariaac
346 1488 468 1544 mediata
485 1488 670 1544 ministrorum
691 1489 835 1543 vocatione
849 1488 919 1542 illud
934 1487 1044 1543 excludi
1070 1489 1214 1544 contraria
1259 1489 1401 1545 Posterius
1430 1491 1485 1545 dici
1513 1490 1623 1560 nequit,
1648 1488 1717 1543 alias
1745 1488 1818 1543 enim
1843 1505 1904 1542 non

212 1573 320 1644 poterit.
357 1573 559 1630 Connexionem
578 1573 688 1638 firmant
700 1575 825 1644 exempla
834 1574 954 1646 reliqua,
972 1589 1043 1645 quae
1069 1573 1168 1628 suisset
1194 1575 1229 1628 ab
1254 1576 1386 1646 apostolis
1413 1577 1496 1631 facta.
1542 1573 1572 1631 Si
1599 1575 1688 1647 prius,
1717 1592 1784 1645 ergo
1809 1573 1904 1628 adhuc

212 1676 275 1716 mox
292 1659 520 1715 enumerabimus.
1069 1659 1152 1715 hodie
1172 1660 1256 1716 debet
1277 1662 1368 1717 locum
1389 1662 1498 1717 habere.
1536 1662 1566 1716 Si
1585 1661 1659 1717 enim
1676 1661 1727 1715 hoc
1746 1662 1902 1731 exemplum

246 1751 287 1803 92.
324 1752 347 1802 2.
368 1746 432 1802 Ast.
452 1753 482 1816 6,
505 1765 531 1800 r.
551 1752 576 1800 3.
596 1764 658 1801 cum
676 1747 785 1803 diaconi
805 1745 926 1816 eligendi
943 1749 1042 1808 essent,
1069 1746 1250 1815 apostolicum
1268 1753 1311 1803 est
1327 1748 1450 1803 divinum
1476 1756 1503 1803 et
1521 1747 1581 1803 Deo
1600 1748 1727 1818 placens,
1750 1753 1810 1802 tuto
1829 1746 1902 1801 illud

167 1829 311 1889 Petrus
335 1832 404 1888 dicit
426 1833 463 1888 ad
490 1841 574 1888 totam
601 1833 799 1904 discipulorum
823 1831 1042 1887 multitudinem:
1068 1833 1217 1902 sequimur.
1260 1835 1290 1888 Si
1322 1841 1517 1890 concesserunt
1545 1835 1575 1888 id
1605 1834 1736 1904 apostoli,
1763 1851 1813 1888 cur
1843 1851 1901 1888 non

184 1918 367 1988 'Dispicite¹
385 1920 512 1989 fratres,
540 1921 615 1974 viros
634 1937 666 1974 et
696 1920 772 1973 cobis
799 1920 864 1972 barri
892 1917 1045 1972 testimonii
1068 1919 1194 1973 coneedit
1211 1918 1284 1973 idem
1297 1920 1439 1991 pontifex?
1469 1921 1596 1992 Denique
1613 1921 1635 1974 si
1652 1920 1901 1992 fuissetquaedam

212 2013 328 2075 reptem,
349 2006 451 2075 plenos
482 2006 593 2075 Spiritu
611 2013 708 2060 sancto
740 2012 766 2059 et
795 2005 948 2073 sapientia,
974 2020 1043 2071 quor
1068 2004 1221 2073 concessio,
1248 2022 1266 2059 a
1288 2007 1346 2061 solo
1372 2006 1455 2061 Petro
1478 2006 1577 2063 fuisset
1604 2006 1742 2078 profecta,
1775 2007 1799 2061 is
1825 2007 1899 2061 euim

211 2092 411 2151 contueamur
440 2109 526 2161 super
556 2093 607 2147 boc
636 2109 714 2161 opus.
741 2109 767 2145 v.
796 2096 820 2145 5.
864 2092 903 2144 Et
932 2089 1042 2158 placuit
1065 2092 1146 2160 juxta
1171 2090 1338 2162 hypothesin
1356 2092 1563 2148 Pontificiorum
1587 2099 1647 2148 erat
1670 2110 1792 2148 summus
1808 2080 1900 2163 ponti·

210 2195 301 2233 sermo
314 2195 408 2232 eorum
419 2180 472 2232 toti
483 2177 665 2245 multitudini,
679 2178 863 2245 eteleperuut,
879 2178 1042 2243 ἐξελέξαντο,
1067 2176 1128 2243 sex,
1155 2193 1238 2248 penes
1266 2195 1348 2248 quem
1370 2180 1458 2234 solum
1482 2194 1542 2234 erat
1565 2185 1689 2250 potestas
1712 2178 1901 2248 dispensandi,

213 2263 384 2334 Stephanum
408 2274 436 2319 et
457 2265 624 2334 Philippum
648 2272 699 2320 etc.
723 2282 749 2317 v.
768 2271 792 2321 o.
816 2265 866 2317 hos
884 2271 1042 2318 statuerunt
1067 2263 1245 2327 concedendi,
1257 2265 1452 2320 statuendietc.
1466 2283 1549 2336 quam
1556 2282 1728 2321 successores
1739 2265 1860 2336 ejussibi
1870 2265 1900 2319 in

210 2359 276 2407 cute
293 2359 466 2422 conspectum
478 2353 670 2421 apostolorum
688 2359 714 2404 ct
726 2359 839 2406 crorum
852 2352 1042 2419 imposuerunt
1068 2348 1186 2403 solidum
1198 2348 1290 2404 adhuc
1303 2350 1459 2406 vendicant.
1483 2350 1548 2405 lem
1560 2367 1625 2406 vero
1637 2369 1692 2405 non
1704 2351 1779 2406 solus
1790 2350 1900 2421 Petrus,

183 2449 187 2457 ·
210 2437 252 2492 eis
269 2454 379 2506 mamus,-
397 2436 447 2491 ubi
463 2437 592 2505 observa,
620 2441 643 2491 1.
663 2437 774 2492 Petrum
792 2443 820 2491 et
838 2434 977 2506 apostolos
997 2451 1043 2488 ne·
1068 2435 1116 2490 sed
1142 2434 1226 2489 etiem
1251 2434 1350 2508 reliqui
1374 2437 1492 2506 apostoli
1511 2437 1644 2493 ecclesiae
1663 2437 1827 2510 suffragium
1847 2439 1900 2493 hoc

209 2523 316 2596 gotium
339 2523 374 2578 de
395 2523 518 2578 diaconis
542 2522 741 2578 constituendis
766 2523 873 2578 deferre
899 2520 934 2575 ad
955 2526 1041 2574 totam
1069 2521 1130 2577 loco
1151 2522 1304 2593 requirunt.
1340 2521 1414 2592 Ergo
1433 2539 1487 2575 non
1506 2522 1671 2577 describitur
1688 2524 1797 2594 papalis
1816 2542 1900 2596 quae·

210 2610 368 2677 ecclesiam3
399 2616 424 2664 2.
453 2608 596 2665 ecclesiam
628 2609 783 2679 approbare
812 2608 863 2662 hoc
898 2606 1041 2662 consilium
1068 2608 1132 2662 dam
1156 2608 1296 2663 concessio
1322 2625 1340 2662 a
1367 2610 1426 2662 solo
1454 2609 1537 2664 Petro
1562 2609 1693 2679 profecta
1738 2614 1764 2664 3.
1794 2613 1900 2666 Εοοιιοι

211 2697 411 2768 apostolorum:
435 2701 458 2751 3.
481 2695 641 2751 electionem
669 2695 848 2752 diaconorum
873 2712 929 2749 non
947 2693 1005 2748 fieri
1025 2710 1042 2747 a
1066 2693 1138 2747 bunc
1161 2713 1217 2747 nou
1243 2711 1302 2747 esse
1326 2697 1366 2746 ad
1385 2696 1577 2764 propositum,
1603 2714 1665 2749 oum
1691 2713 1747 2751 nou
1772 2706 1842 2767 aput
1866 2701 1900 2752 dc

210 2782 277 2839 solis
293 2781 434 2853 apostolis,
454 2781 504 2837 sed
525 2787 619 2837 stota
633 2781 763 2852 ecclesia;
788 2789 812 2837 4.
831 2798 886 2836 non
904 2779 1042 2851 apostolos
1067 2780 1199 2833 electione
1222 2788 1386 2847 postorum,
1416 2783 1469 2834 ced
1497 2783 1693 2850 diaconorum,
1722 2783 1771 2851 qui
1799 2787 1899 2839 marisia

209 2867 294 2932 soloe,
319 2867 369 2922 sed
389 2867 473 2923 ctiam
493 2867 613 2922 seniores
638 2867 749 2923 nomine
766 2866 899 2923 ecclesiae
918 2866 1042 2936 reliquae
1065 2866 1345 2935 praeficiendieraut.
1363 2866 1586 2937 Respondemus:
1598 2867 1901 2940 demusexhypothesi‚

210 2971 308 3019 manus
334 2954 388 3008 illis
412 2954 564 3024 imponere,
590 2954 664 3025 quod
692 2959 859 3024 postremum
887 2950 1039 3006 membrum
1068 2952 1197 3007 diaconos
1205 2951 1540 3007 mensisduntasetsuisse
1548 2953 1899 3023 praesectos‚nihilinterim

209 3041 392 3112 probabiliter
415 3039 571 3111 colligimus
596 3057 629 3095 ex
655 3045 677 3096 l.
695 3039 766 3094 'lim
791 3046 820 3104 4,
850 3056 875 3092 v.
897 3044 943 3093 14:
970 3037 1042 3091 Noli
1069 3037 1180 3092 decedit
1197 3044 1308 3092 nostrae
1326 3038 1486 3094 sententiae.
1524 3037 1552 3094 Si
1572 3039 1644 3094 enim
1661 3039 1690 3094 in
1709 3040 1833 3096 diaconis
1852 3043 1899 3098 eli·

210 3127 351 3199 ataliperc
375 3126 498 3194 qratiam
518 3141 574 3194 per
598 3125 799 3196 impositionem
817 3142 947 3177 manuum
960 3140 1040 3192 pres·
1067 3124 1173 3195 gendie,
1191 3142 1308 3196 quorum
1329 3123 1451 3180 officium
1468 3126 1543 3180 circa
1566 3127 1656 3180 victus
1675 3127 1897 3185 distributionem

211 3214 312 3284 hyterii
335 3213 388 3267 tibi
409 3215 519 3280 ἀοιαπι,
544 3211 591 3267 ubi
615 3210 779 3282 presbyterii
804 3210 914 3265 nomine
941 3209 1040 3264 intelli·
1067 3217 1095 3266 et
1109 3211 1232 3281 corporis
1245 3212 1473 3267 sustentationem
1485 3213 1635 3283 praecipue
1648 3222 1813 3284 occupatum
1830 3226 1896 3279 erat,

211 3306 315 3373 guntur
332 3315 388 3355 uon
405 3297 493 3353 solum
514 3296 568 3366 illi,
593 3297 640 3368 qui
662 3297 692 3350 in
711 3296 796 3352 verbo
821 3296 963 3368 laborant,
992 3295 1040 3350 sed
1067 3296 1162 3367 populi
1181 3297 1343 3370 suffragium
1361 3315 1416 3355 uon
1433 3298 1487 3353 fuit
1504 3298 1659 3364 exclusum,
1684 3306 1788 3370 quanto
1806 3303 1897 3357 minus

87 3406 199 3452 unum,
212 3385 294 3442 etiam
324 3384 445 3440 seniores
474 3384 607 3439 ecclesiae
634 3384 756 3455 reliquae
787 3384 874 3439 vicem
905 3387 1040 3455 gerentes.
1068 3385 1245 3439 avocatione
1266 3392 1422 3454 pastorum,
1441 3385 1477 3438 ad
1495 3402 1562 3456 quos
1580 3385 1732 3440 animarum
1752 3405 1820 3443 curs
1837 3406 1897 3460 pcr-

212 3471 289 3529 Idem
321 3472 407 3543 igitur
437 3471 466 3524 in
497 3470 674 3524 diaconorum
704 3469 837 3524 electione
866 3470 1041 3524 observatum
1069 3470 1155 3534 tinet,
1188 3470 1297 3525 excludi
1325 3471 1395 3524 illud
1425 3471 1515 3527 debet.
1559 3471 1597 3525 Et
1618 3470 1794 3528 confirmatur
1816 3492 1897 3546 argu·

211 3558 296 3615 fuisse
315 3556 462 3612 redsimile
481 3563 529 3612 est.
566 3555 621 3611 Sed
639 3555 847 3610 sivelmaxime
866 3555 1041 3624 coucedatur,
1067 3564 1188 3612 mentum
1212 3574 1246 3611 ex
1269 3575 1317 3625 eo,
1347 3558 1420 3629 quod
1449 3557 1477 3610 in
1502 3557 1669 3629 presbyteris
1698 3559 1897 3616 constituendis

211 3644 283 3701 solos
313 3644 451 3715 apostolos
482 3659 579 3696 manus
609 3642 773 3712 imposuisse
801 3641 937 3710 diaconis,
973 3642 1041 3696 nihil
1068 3645 1130 3699 Act.
1154 3650 1198 3712 14,
1227 3662 1252 3696 v.
1277 3649 1318 3699 23.
1342 3643 1416 3698 idern
1442 3661 1587 3714 processus
1612 3643 1647 3698 ab
1666 3644 1797 3714 apostolis
1815 3646 1900 3702 fuerit

211 3738 305 3787 tamen
329 3745 363 3783 ex
387 3744 420 3783 eo
446 3727 558 3782 decedit
581 3735 675 3782 nostro
697 3736 874 3799 argumento,
903 3728 968 3799 quia
992 3746 1041 3798 per
1067 3730 1235 3785 observatus.
1262 3727 1316 3786 Sed
1331 3729 1431 3784 falsum
1444 3739 1494 3796 est,
1506 3731 1637 3785 diaconos
1650 3730 1750 3785 mensis
1763 3731 1899 3788 duntaxat

210 3816 282 3872 hanc
305 3831 435 3870 manuum
459 3812 660 3882 impositionem
686 3813 768 3867 simul
792 3813 875 3869 etiam
900 3814 1040 3868 testificati
1067 3816 1219 3885 praefectos
1237 3815 1337 3882 fuisse,
1365 3815 1535 3871 ostendimus
1555 3816 1626 3871 euim
1644 3817 1769 3887 superius
1787 3834 1821 3872 ex
1839 3818 1898 3874 Ste-

210 3909 289 3970 suut,
314 3919 344 3956 se
365 3899 438 3953 hanc
455 3897 632 3952 diaconorum
659 3899 821 3954 electionem
839 3918 889 3970 per
907 3899 1040 3971 suffragia
1066 3901 1149 3971 pheni
1168 3907 1195 3956 et
1213 3901 1335 3971 Philippi
1356 3901 1494 3970 exemplo,
1522 3902 1597 3971 ipsos
1616 3901 1699 3957 etiam
1722 3903 1839 3960 docendi
1859 3906 1898 3960 oi-

209 3987 342 4046 ecclesiae
357 3987 460 4042 factam
477 3983 579 4039 habers
598 3990 693 4038 ratam
729 3984 840 4056 Excipit
859 3986 1039 4041 Bellarminus
1065 3987 1127 4041 licio
1144 3987 1229 4042 fuisse
1248 3987 1365 4042 iunctos

210 4080 235 4134 1.
260 4076 296 4129 ab
319 4075 370 4129 lroc
389 4074 513 4142 exemplo
531 4091 586 4128 non
608 4074 742 4142 probari,
770 4074 803 4126 id
827 4091 885 4127 esec
911 4076 945 4127 dc
969 4075 1039 4143 jure
1100 4079 1142 4129 93.
1161 4079 1185 4129 3.
1206 4074 1301 4128 Actor
1326 4080 1372 4137 lt,
1400 4092 1424 4126 v.
1446 4079 1487 4129 23.
1516 4073 1643 4143 Apostoli
1656 4074 2003 4147 χιιροιονήσανιιςθᾶοιῑ

210 4161 314 4219 divino.
340 4159 564 4230 Respondemus:
576 4175 769 4230 conjungimus
780 4160 902 4215 cumhoc
915 4161 1054 4231 exemplo
1064 4177 1115 4228 per
1132 4161 1273 4230 suffrapia
1288 4161 1394 4230 populi
1410 4161 1610 4214 constituerant
1632 4179 1686 4231 per
1709 4164 1839 4233 stupratus
1856 4183 1896 4219 cc·
1910 4134 2008 4238 siffin-

210 4250 293 4307 etiam
316 4247 429 4318 reliqua.
468 4246 616 4301 Praeterea
646 4247 801 4317 exemplum
827 4247 896 4302 illud
917 4257 965 4303 aut
981 4204 1167 4323 juriiclcsius
1180 4247 1365 4315 presbyteros.
1402 4246 1512 4316 Excipit
1530 4244 1715 4304 Bellarminus
1728 4243 2006 4332 perpotentiam&

210 4334 303 4391 divino
331 4333 474 4403 congruit,
500 4338 550 4386 aut
567 4331 656 4387 eidem
681 4333 844 4388 adversatur
867 4334 1039 4432 (ἀδιάᾳορον
1066 4333 1124 4386 tria
1142 4332 1316 4402 siyuificarc:
1337 4337 1360 4384 i
1379 4332 1482 4400 stipere
1499 4349 1552 4401 per
1570 4336 1724 4404 suffr-apim
1749 4340 1776 4388 2.
1794 4336 1897 4404 cliperc

210 4438 270 4479 esse
288 4437 321 4474 ac
340 4418 455 4491 proinde
474 4418 584 4472 tertium
603 4417 648 4472 hic
668 4418 727 4472 dari
746 4419 800 4474 dici
822 4437 876 4474 non
894 4421 991 4491 potest
992 4462 998 4486 ,
1017 4423 1039 4475 si
1067 4436 1227 4488 quocunque
1244 4419 1277 4471 id
1292 4419 1343 4481 fiat
1362 4419 1460 4486 νοοιίο,
1485 4420 1513 4472 3.
1535 4420 1670 4474 ordinare
1690 4438 1745 4490 prr
1767 4439 1898 4476 mnrium

210 4505 282 4565 enim
297 4506 362 4577 jure
389 4504 483 4558 divino
501 4502 687 4559 ministrorum
703 4505 811 4560 vocatio
829 4505 866 4560 ad
884 4507 955 4562 solos
974 4525 1039 4578 apo·
1066 4505 1275 4574 impositionem.
1313 4503 1348 4558 Si
1364 4504 1486 4556 secundo
1504 4512 1529 4556 et
1549 4506 1630 4559 tertio
1656 4508 1738 4559 modo
1763 4508 1807 4560 bic
1825 4508 1898 4562 ocei-

210 4592 296 4649 stolos
318 4610 352 4648 ex
370 4590 518 4664 hypothesi
536 4589 752 4645 Bellarminiana
769 4591 958 4662 pertinuisset,
982 4611 1038 4648 non
1061 4593 1175 4661 pictur,
1201 4597 1392 4659 arpumcntum
1411 4605 1469 4641 esee
1487 4590 1615 4644 solutum.
1654 4591 1688 4644 Si
1700 4593 1808 4661 primo,
1833 4603 1898 4648 tuuc

207 4677 347 4735 debebant
372 4679 401 4732 in
420 4677 578 4733 societatem
601 4684 630 4731 et
658 4677 930 4731 communicationem
956 4679 1038 4749 hujus
1065 4681 1231 4744 notandum,
1249 4678 1326 4746 qood
1342 4676 1477 4746 siprriftcet
1495 4677 1597 4745 cliqere
1615 4697 1670 4730 rrorr
1687 4697 1740 4748 per
1757 4681 1898 4751 suffrapia

205 4765 277 4838 juris
296 4764 441 4819 admittere
464 4764 608 4820 ecclesiam
625 4762 777 4834 reliquam).
813 4763 867 4818 Sed
881 4782 937 4819 nou
948 4773 1040 4835 potest
1065 4766 1099 4818 ab
1125 4766 1193 4818 alies
1217 4766 1294 4832 dota,
1317 4764 1368 4816 sed
1391 4765 1527 4833 suffrupio
1551 4765 1683 4835 proprio.
1724 4766 1770 4819 De
1798 4766 1899 4821 iisdem

209 4852 244 4907 de
261 4851 313 4906 hoc
331 4852 517 4921 apostolorum
534 4850 610 4905 facto
624 4850 687 4920 dici,
706 4850 781 4922 quod
804 4850 964 4906 adversetur
981 4852 1038 4922 juri
1066 4853 1138 4906 caim
1148 4852 1254 4905 dicitur
1265 4851 1348 4919 quod,
1363 4848 1605 4921 praemasticantes
1617 4852 1809 4905 constituerint
1816 4870 1897 4921 pres·

209 4937 308 5005 divino.
343 4938 418 5008 Ergo
437 4937 566 5009 congruit
584 4954 648 4991 cum
663 4938 727 5007 jure
742 4936 843 5004 divino,
863 4945 890 4992 et
909 4953 960 5007 per
976 4954 1038 4993 con·
1065 4940 1181 5007 hyteroa
1201 4939 1237 4990 de
1253 4935 1351 5005 quitus
1363 4945 1466 5004 postea
1484 4939 1611 5003 additur,
1629 4939 1707 5007 quod
1724 4940 1899 4991 commcnda-

209 5041 325 5099 sequens
349 5023 385 5077 ab
410 5023 462 5078 hoc
487 5022 612 5093 exemplo
641 5023 677 5077 ad
698 5023 746 5092 jus
771 5022 893 5077 divinm
916 5024 1038 5095 legitime
1063 5026 1152 5078 verint
1171 5024 1237 5076 illos
1257 5025 1333 5087 Deo,
1363 5023 1392 5074 in
1420 5041 1499 5092 prtem
1523 5023 1716 5088 crediderant,
1744 5040 1815 5093 quoe
1839 5024 1899 5078 sine

209 5109 374 5182 proceditur.
413 5112 440 5163 2.
460 5110 499 5162 Id
519 5124 576 5161 csse
602 5109 733 5162 tributum
747 5109 857 5178 populo
877 5127 909 5162 ca·
929 5128 1037 5166 concea—
1065 5109 1256 5165 controuersia
1285 5109 1327 5160 ad
1350 5110 1492 5179 apostolos
1513 5118 1620 5162 tautum
1637 5110 1807 5174 reseruntur.
1844 5110 1897 5165 Re·

209 5196 287 5250 sioae
317 5195 515 5268 apostolorum.
566 5193 787 5266 Respondemus:
815 5212 870 5249 non
900 5198 1038 5252 concessio
1065 5196 1244 5268 spondemus:
1267 5202 1449 5268 χειροτονεῖν,
1469 5203 1500 5248 ut
1517 5194 1633 5248 ratioet
1606 5195 1789 5266 etymologiae
1809 5195 1899 5266 docet,

209 5280 305 5361 aliqua
329 5280 475 5353 peculiaris
504 5278 549 5333 hic
577 5280 756 5345 describitur,
783 5281 832 5335 sed
859 5264 1175 5353 praeseptumlproprie
1201 5279 1340 5351 significat
1368 5299 1418 5352 per
1448 5280 1582 5351 suffragia
1615 5282 1732 5352 eligere,
1758 5287 1800 5336 est
1826 5282 1898 5338 enim
1912 5278 2005 5322 ¹¹¹²

210 5364 407 5443 apostolicum·
442 5366 583 5435 Dispicite
611 5384 643 5420 ee
675 5369 752 5421 cobis
783 5367 930 5440 (inquiunt)
962 5354 1143 5453 cirosyquasi
1157 5386 1254 5438 γειρος
1267 5370 1419 5424 ιείιειννοΙ
1432 5367 1592 5435 eversura,
1612 5384 1708 5422 manus
1723 5368 1837 5425 tendere
1850 5386 1899 5425 seu

209 5455 280 5510 dorso
303 5454 456 5509 testimonio
482 5460 603 5508 ornatos.
645 5453 674 5510 si
702 5453 801 5511 fuisset
821 5453 955 5526 quaedam
976 5472 1039 5509 oon·
1050 5454 1259 5508 lattollerem
1237 5471 1346 5526 signum
1355 5453 1663 5526 suffragrr(undeet1am
1674 5453 1773 5508 Lxx
1765 5460 1900 5525 interpre

210 5541 311 5611 cessio,
327 5539 521 5612 praecessisset
539 5538 707 5611 reliquorum
725 5537 848 5596 fidelium
865 5538 970 5610 petitio,
993 5539 1038 5594 cni
1065 5545 1107 5595 tes
1120 5538 1184 5598 Esa.
1199 5544 1239 5610 ts,
1256 5559 1281 5599 v.
1297 5548 1321 5599 9.
1339 5546 1447 5614 ponunt
1459 5545 1631 5623 χειροτονεῖν
1648 5543 1801 5617 ριοδᾍῖιξ
1825 5528 1898 5622 ubit}
