4020 6014
255 256 315 314 446
830 247 952 307 Iocus
970 243 1172 304 VIOFs‘lfflUS
1190 243 1368 310 QUARTUS

324 403 349 456 0
368 402 504 458 Oanmire
520 411 631 474 potens,
647 419 741 457 seruos
760 402 865 471 erpelle
885 401 1007 469 Lutlseri
1113 400 1178 454 tolli
1189 416 1288 468 posse,
1313 399 1360 454 ait.
1394 398 1431 452 Et
1448 398 1500 452 bac
1519 396 1625 455 radone
1641 395 1784 452 conciliari
1803 410 1890 465 posse
1907 393 1945 446 ui·

357 489 443 556 Ense,
460 497 532 555 rota,
547 496 644 559 panto,
663 489 788 556 funibus,
805 490 868 556 igne
887 488 975 542 neca!
1113 485 1213 540 dentur
1230 486 1285 541 duo
1298 484 1412 540 consilia
1429 483 1574 552 contrariu,
1593 498 1665 553 quae
1676 486 1787 538 usone
1799 480 1943 536 decedet

507 625 513 638 ,
1111 570 1314 637 Bidembaohii,
1333 587 1450 642 quorum
1468 587 1554 624 unum
1573 575 1615 624 est
1633 568 1739 623 Brentii
1755 566 1862 629 mitius,
1880 565 1945 620 slte-

255 625 327 678 unde
353 624 481 680 Castorum
505 644 533 679 m
554 627 625 695 apol.
653 635 749 680 contra
767 624 878 679 Gomar.
903 629 974 694 part.
994 629 1018 677 3.
1037 621 1100 712 ἰοὶ.Ι
1112 674 1172 710 mm
1210 657 1317 713 Urbani
1354 655 1434 727 Regii
1470 656 1587 726 rigidius
1620 671 1723 710 numer·
1765 660 1787 709 l·
1822 658 1853 707 e,
1884 653 1945 706 2„

256 715 313 765 5⁴8.
349 709 518 766 calvinianis
541 711 649 780 objicit,
679 710 753 781 quod
770 713 889 777 frustra
914 726 1085 779 conqueran·
1098 749 1099 801 ,
1113 742 1287 798 emmim
1326 750 1395 812 pm·
1443 749 1466 798 2·
1510 759 1596 798 mm·
1645 740 1744 795 concil,
1788 738 1945 793 ‘pridem

234 804 302 848 .tnr
327 799 362 849 de
381 798 531 865 tyrannide
557 797 784 860 Pontificiorum,
812 815 874 849 cum
896 796 1007 865 ipsimet
1025 810 1101 893 cen,
1113 847 1177 900 pag·
1197 835 1244 884 93:
1277 829 1451 882 sanctionem
1470 832 1510 882 ad
1526 830 1624 896 fidem,
1642 844 1714 897 ΜΘ
1728 843 1783 895 1⁹⁶?
1803 833 1946 879 mmm

254 891 347 951 ’Μ’
391 884 554 982 ΡἿΨΜΜ
582 900 641 981 ⁶⁸f⁰
671 883 853 981 ⁰⁰⁰,ide'fdm’
884 899 1000 978 qum'f‘
1031 898 1167 967 ”⁰⁷²'uim
1186 923 1211 967 et
1229 916 1392 984 corporales
1406 932 1516 982 poenae
1536 916 1581 981 fit,
1608 914 1726 968 ecelesia
1744 910 1855 965 Christi
1871 913 1946 979 igno·

251 985 360 1036 paucos
379 969 525 1038 religiones
542 976 638 1038 pratea
658 970 819 1022 accederent.
857 967 1041 1022 Bellarminus
1069 964 1085 1020 l.
1099 940 1174 1063 irat,
1192 1017 1264 1068 qm
1282 1008 1387 1053 ,amum
1405 999 1487 1052 ,aba
1503 1000 1631 1069 stadium
1652 998 1786 1068 spirim
1824 997 1947 1050 Pomm

257 1060 280 1108 3.
305 1054 340 1107 de
365 1053 443 1111 Rom.
468 1053 565 1125 pontif.
590 1071 650 1125 cap.
679 1061 703 1110 7.
735 1053 846 1123 scribit,
877 1052 1086 1122 inquisitionem
1113 1086 1295 1153 mamam·
1313 1085 1472 1153 corporali,
1484 1085 1599 1153 dadi„
1618 1102 1637 1136 a
1654 1086 1718 1137 D„
1737 1084 1947 1138 mmmm,

256 1139 459 1193 asceticarum
469 1141 733 1210 papisticamapud
750 1139 934 1193 Celsinianos
952 1156 1008 1191 non
1023 1154 1087 1206 per-
1114 1178 1168 1237 m,
1188 1187 1256 1238 quo,
1278 1172 1304 1223 m·
1321 1170 1386 1238 piu,
1406 1178 1463 1238 a„
1480 1172 1522 1223 m·
1534 1178 1627 1238 Pom,
1646 1186 1680 1222 ac
1701 1170 1793 1236 dem,
1816 1169 1891 1221 m,
1909 1170 1949 1220 ad

255 1226 429 1290 secutionem,
447 1228 499 1279 sed
509 1227 610 1280 bellum
625 1227 705 1280 ciuile
721 1228 817 1295 potius
834 1226 981 1295 appellari
994 1240 1088 1294 posse,
1113 1257 1226 1324 reliqua
1243 1256 1366 1322 mm,
1383 1255 1424 1308 ,aa
1442 1257 1525 1309 amm
1543 1259 1584 1309 ad
1596 1255 1742 1324 publicas,
1770 1263 1903 1309 exteram
1924 1260 1948 1305 ά

131 1311 242 1356 XIV-1⁸⁹·
256 1312 395 1380 siquidem
417 1313 499 1379 jacta
527 1313 684 1365 doctrinam
710 1312 864 1380 Augustini
888 1313 969 1381 epist.
986 1313 1029 1365 80.
1048 1311 1089 1361 ad
1114 1341 1240 1395 nomm,
1258 1342 1458 1411 mmmmm,
1482 1342 1635 1410 praecipue
1652 1341 1680 1394 ,g
1701 1341 1945 1394 ,01152500000330

258 1397 426 1466 Hesychium
450 1398 479 1450 in
498 1399 691 1466 persecutione
717 1398 885 1450 Antichristi
908 1397 978 1451 solis
1004 1395 1089 1448 eccle·
1114 1428 1162 1497 mg,
1199 1429 1343 1483 ,mmm

257 1485 317 1536 siae
340 1484 409 1547 tiliis
428 1486 530 1549 futura
553 1485 590 1536 sit
610 1484 769 1548 tribulatio,
796 1501 851 1536 non
875 1491 966 1536 autem
991 1499 1086 1536 eorum

255 1571 477 1639 pergamam
1151 1519 1210 1571 318.
1245 1513 1366 1567 Primam
1384 1519 1606 1584 argumentorum
1631 1512 1746 1566 classem
1770 1511 1892 1582 petimus
1917 1528 1949 1564 er
1963 1501 2006 1590 ξιξ

1118 1599 1280 1668 Scriptura,
1317 1600 1467 1654 secundam
1496 1615 1530 1652 ee
1559 1598 1728 1665 rationibus,
1770 1596 1883 1652 tertiam
1917 1608 2006 1649 erasa

133 1695 187 1738 nv.
201 1695 246 1740 ¹⁹⁰·
293 1695 351 1745 317.
391 1688 549 1760 Antequam
580 1706 645 1743 vero
676 1688 827 1743 sententiae
854 1691 965 1742 noshse
991 1686 1090 1741 funda·
1116 1687 1272 1739 testimonio
1294 1687 1427 1740 eccleciae
1449 1685 1627 1754 primitivae,
1659 1689 1785 1754 quartam
1817 1700 1852 1736 eu
1878 1683 1949 1753 ipsis
1963 1661 2006 1745 {⁸21¹

259 1783 352 1829 menta
369 1791 565 1845 proponamus,
582 1775 671 1845 primo
690 1773 811 1829 omnium
830 1781 906 1828 recte
923 1772 1086 1827 formandus
1116 1773 1297 1828 adversariis.
1345 1772 1423 1838 Quae
1450 1788 1484 1826 ex
1510 1771 1653 1841 Scriptura
1677 1769 1887 1839 producuntur,
1915 1762 2006 1849 eaffl

259 1862 311 1917 erit
329 1862 498 1932 quaestionis
515 1867 612 1917 status.
636 1867 656 1916 l.
671 1861 734 1917 Non
749 1867 791 1916 est
809 1860 862 1915 hoo
881 1860 942 1915 loco
955 1858 1089 1930 quaestio,
1115 1858 1159 1914 rel
1178 1876 1210 1913 ex
1229 1858 1263 1915 V.
1283 1857 1326 1913 vel
1346 1857 1380 1913 N.
1407 1857 1441 1912 T.
1461 1862 1525 1910 sunt
1541 1856 1637 1925 petita.
1672 1855 1715 1908 Ex
1731 1855 1765 1910 V.
1790 1855 1824 1910 T.
1846 1854 1948 1924 produ-

258 1966 296 2002 an
319 1949 500 2015 magistratui
524 1948 606 2009 liccat
624 1948 781 2000 haereticos
802 1953 927 2000 coircere
946 1952 976 2000 et
994 1946 1023 1998 in
1042 1962 1088 1999 eos
1115 1945 1201 1998 cimus
1222 1944 1352 1998 vaticinia
1370 1942 1530 2014 prophetica
1563 1942 1598 1995 de
1627 1940 1830 2013 propagatione
1848 1940 1948 1995 doctm-

259 2034 485 2089 snimadvertere.
527 2033 596 2087 Cum
621 2032 693 2088 enim
717 2033 844 2103 superius
875 2032 1089 2087 demonstratum
1116 2047 1168 2086 nae
1184 2030 1311 2085 coelestis
1334 2029 1363 2082 in
1383 2030 1462 2085 Novo
1488 2026 1666 2082 Testamenta
1688 2027 1796 2098 absque
1813 2027 1902 2082 caede
1921 2034 1949 2080 et

259 2121 308 2189 sit,
337 2136 432 2174 curam
459 2118 600 2189 religionis
626 2119 663 2172 ad
688 2117 874 2173 Christianum
897 2117 1089 2188 magistratum
1117 2116 1251 2187 sanguine
1268 2115 1370 2170 statura.
1387 2114 1462 2169 Esai.
1483 2120 1507 2183 2,
1526 2133 1552 2167 v.
1575 2121 1603 2170 t:
1629 2114 1780 2167 Judicabit
1807 2111 1947 2181 (Messias)
1962 2115 2006 2155 nv.

260 2211 336 2260 certa
355 2205 463 2260 ratione
481 2205 633 2274 pertinere,
660 2204 757 2274 utique
785 2205 868 2258 etiam
885 2211 1018 2274 tanquam
1037 2202 1090 2256 Dei
1116 2203 1188 2256 inter
1204 2210 1296 2269 pentes
1316 2210 1341 2255 et
1355 2208 1454 2270 arpuet
1469 2200 1591 2269 populos
1607 2201 1721 2259 multos,
1741 2207 1767 2252 et
1787 2208 1946 2253 convertent

259 2290 378 2345 vicarius
396 2296 424 2345 et
441 2289 584 2360 utriusque
603 2289 731 2359 decalogi
749 2290 860 2344 tabulae
881 2297 974 2344 custos
993 2304 1090 2342 curare
1116 2290 1230 2357 alodios
1247 2305 1312 2342 euos
1331 2289 1361 2341 in
1377 2303 1500 2341 somnes
1525 2293 1551 2338 et
1567 2286 1682 2340 lanceas
1705 2303 1772 2339 suas
1800 2285 1830 2339 in
1841 2287 1949 2353 falces,

261 2383 351 2448 potest
376 2393 410 2430 ac
432 2375 530 2443 debet,
559 2381 591 2428 ut
612 2375 747 2430 sincerum
767 2375 854 2430 divini
880 2376 970 2430 cultus
988 2374 1089 2430 exerci-
1116 2393 1171 2429 non
1193 2366 1388 2442 leoabit'qens
1411 2379 1509 2427 contra
1535 2380 1642 2440 pentem
1667 2372 1796 2438 alodium
1819 2389 1901 2425 mum
1925 2380 1949 2424 et

260 2463 330 2517 tium
349 2463 459 2533 vigeat,
488 2478 540 2516 nec
556 2478 607 2531 per
627 2460 881 2531 pseudoprophetas
899 2468 1090 2531 corrumpatur
1116 2480 1171 2516 non
1188 2461 1295 2514 docuit
1312 2460 1391 2514 ultra
1410 2458 1519 2512 hedum.
1553 2456 1629 2512 Esai.
1658 2463 1701 2522 lt,
1721 2475 1748 2512 v.
1768 2462 1803 2512 o:
1828 2457 1948 2511 Habito-

261 2549 305 2603 vel
324 2548 526 2603 intervertatur.
561 2546 645 2601 Absit
669 2547 751 2611 enim,
772 2554 804 2602 ut
822 2546 1021 2604 haeretieorum
1042 2563 1089 2616 pa·
1117 2549 1154 2600 bit
1173 2549 1254 2618 lupen
1274 2565 1335 2600 cum
1353 2562 1427 2615 agno
1442 2553 1467 2598 et
1480 2547 1594 2614 pardus
1612 2561 1672 2598 cum
1684 2544 1776 2597 haedo
1795 2544 1949 2605 mcuhahit,

261 2634 407 2688 trocininm
425 2634 572 2703 suscipere,
590 2637 685 2688 oontm
697 2650 761 2689 vero
777 2632 954 2705 magistratus
965 2638 994 2688 et
1011 2633 1089 2688 mini·
1117 2653 1141 2691 v.
1170 2641 1192 2690 7.
1212 2634 1316 2687 adulas
1342 2641 1367 2686 et
1393 2633 1438 2686 leo
1465 2639 1490 2684 et
1515 2631 1574 2685 cuis
1592 2630 1674 2684 nna
1695 2629 1896 2699 morabunnsr,
1925 2638 1950 2682 et

262 2720 337 2776 sterii
370 2718 550 2774 ecclesiastici
583 2718 611 2772 in
641 2719 800 2774 ooiiroendis
828 2719 972 2775 haereticis
999 2719 1089 2774 officio
1114 2739 1185 2790 puer
1200 2720 1339 2789 paruulus
1359 2719 1436 2772 ducit
1457 2734 1502 2772 eos
1521 2723 1573 2771 eto.
1595 2734 1619 2770 v.
1650 2723 1674 2772 9.
1694 2735 1751 2770 uon
1768 2716 1950 2781 malefaciant

261 2807 414 2878 quidquam
432 2804 576 2860 detrahere
595 2805 716 2860 velimus.
753 2810 777 2860 2.
800 2805 858 2862 Nec
882 2806 1007 2877 quaestio
1028 2823 1089 2875 pro·
1116 2825 1166 2861 nec
1184 2811 1361 2875 corrumpent
1378 2805 1408 2858 in
1424 2805 1552 2858 unverre
1572 2811 1661 2856 monte
1688 2803 1847 2855 sanctitatis
1863 2819 1949 2868 uuae,

261 2893 319 2963 prie
338 2880 381 2946 <ist
398 2894 434 2946 de
454 2893 586 2957 seduno,
608 2893 655 2962 qui
674 2910 691 2946 a
707 2891 784 2946 falsis
802 2890 961 2946 doctoribus
976 2891 1090 2944 circum·
1118 2896 1185 2963 quia
1202 2893 1312 2962 repleta
1335 2900 1375 2945 est
1395 2898 1472 2944 terro
1489 2891 1608 2943 scicntia
1621 2890 1748 2952 Domini,
1764 2889 1838 2941 sicut
1856 2906 1948 2957 aquae

261 2979 337 3033 renti
355 2984 384 3033 et
400 2978 429 3032 in
448 2994 570 3032 errorum
590 2978 653 3031 avia
670 2977 851 3047 praecipitati.
875 2977 919 3031 Illi
937 2978 1009 3032 enim
1027 2994 1089 3031 curn
1118 2982 1270 3051 mutemus
1298 2995 1384 3032 mare.
1421 2977 1484 3032 Esa
1514 2983 1559 3044 65,
1584 2995 1608 3032 v.
1632 2980 1673 3031 25.
1700 2975 1774 3029 idem
1803 2975 1946 3045 repetitur.

261 3083 317 3120 non
335 3063 489 3119 voluntarie
508 3070 536 3117 et
556 3063 687 3127 scienter,
708 3063 757 3118 sed
777 3080 811 3117 ex
828 3064 984 3134 ignorantia
1002 3071 1030 3119 et
1049 3064 1089 3116 in·
1117 3065 1231 3121 Zachar.
1253 3072 1281 3133 9,
1308 3083 1332 3118 v.
1356 3069 1399 3118 10:
1432 3063 1582 3117 Succidere
1596 3062 1710 3129 faciem
1735 3062 1892 3130 quadripes
1906 3064 1947 3123 ⁴dc

262 3149 391 3205 firmitate
410 3156 515 3217 ament,
535 3148 773 3205 commiseratione
790 3149 882 3219 potius
903 3166 985 3219 quam
1002 3165 1091 3219 poena
1118 3152 1259 3222 lenmm
1284 3158 1311 3205 et
1336 3166 1421 3219 equos
1449 3151 1484 3202 de
1512 3149 1686 3216 Jerusalem,
1716 3155 1743 3199 et
1768 3149 1947 3201 succidentur

262 3253 295 3291 sc
310 3236 436 3307 gravime
456 3234 693 3290 animadversione
710 3235 789 3307 digni
804 3234 996 3306 judicandi.**
1025 3234 1090 3305 Ipse
1117 3256 1200 3292 armes
1218 3236 1312 3291 dedici
1331 3243 1357 3290 et
1375 3236 1505 3305 loquetur
1519 3251 1618 3304 pacem
1636 3234 1770 3305 gentihus.
1805 3233 1883 3290 Haec
1901 3251 1946 3289 ra

264 3320 444 3377 Rosenbuseh
458 3321 487 3374 in
499 3319 605 3391 replica
617 3327 714 3375 contra
725 3319 851 3375 Oeiandr.
864 3339 890 3391 p.
909 3325 963 3376 128.
984 3321 1092 3378 scribit:
1117 3324 1213 3379 ticinis
1231 3323 1398 3393 pecualiter
1419 3322 1529 3393 quidem
1546 3322 1696 3393 loquuntur
1717 3321 1752 3377 de
1768 3337 1840 3391 pace
1858 3322 1945 3377 eccle

262 3409 331 3466 tlon
357 3408 403 3478 [ott
428 3419 480 3461 nus
504 3405 545 3461 tie
565 3405 720 3476 bilaritatem,
751 3408 838 3477 uelde
865 3406 993 3475 datntlidy
1012 3407 1092 3476 lietu
1118 3410 1175 3465 siae
1203 3416 1232 3464 et
1256 3408 1403 3463 concordia
1432 3408 1534 3463 civium
1562 3407 1730 3478 reipublicae
1759 3406 1946 3475 Christianam

262 3494 326 3564 fieb,
347 3491 400 3548 aab
419 3491 485 3562 nieht
505 3491 551 3557 bie,
574 3491 659 3562 melche
678 3491 707 3547 iu
727 3493 769 3547 bet
789 3492 893 3561 aranu
911 3495 1019 3562 gebottn
1039 3494 1092 3548 nuh
1118 3497 1227 3551 interim
1251 3495 1332 3549 simul
1355 3495 1385 3547 in
1416 3496 1507 3562 specie
1529 3493 1675 3548 includunt
1709 3493 1822 3548 modum
1847 3510 1946 3565 propa·

263 3593 383 3649 agogen,
402 3578 447 3648 [ld
467 3577 534 3647 nisit
550 3578 638 3648 letali
656 3578 799 3647 ttiolttiten
823 3579 934 3643 linceo,
961 3581 1014 3635 unt
1035 3581 1092 3650 both
1118 3582 1203 3654 gandi
1223 3581 1378 3650 ecclesiam,
1395 3579 1524 3634 nimirum
1542 3578 1647 3649 absque
1665 3578 1824 3649 profusione
1835 3582 1946 3652 sangui·

264 3667 311 3720 ten
340 3665 443 3734 &aden
470 3663 557 3733 tleiiig
585 3663 770 3732 memacterion
798 3664 911 3721 Nitens
939 3667 1008 3736 sint,
1040 3676 1092 3722 non
1118 3670 1169 3725 nis.
1205 3666 1391 3738 opponuntur
1412 3665 1485 3721 enim
1502 3665 1570 3721 haec
1588 3665 1948 3735 ratuniapraxiinecole·

265 3752 344 3805 bento
364 3749 446 3821 baben
463 3749 511 3804 tuit
527 3749 556 3806 in
576 3751 669 3820 unless
686 3750 841 3820 pipililtlttn
859 3752 973 3820 uentu,
992 3752 1040 3822 tui
1058 3752 1093 3820 ste
1119 3755 1161 3809 sis
1180 3752 1214 3809 V.
1235 3752 1268 3806 T.
1289 3751 1421 3807 divinitus
1439 3751 1606 3806 constitutae
1623 3757 1651 3806 et
1667 3751 1793 3806 usitatae.
1820 3752 1852 3810 In
1864 3753 1900 3809 V.
1914 3753 1949 3810 T.

264 3836 330 3906 nieht
349 3837 393 3904 itit
410 3835 492 3903 debet
505 3850 536 3904 qu
555 3837 642 3905 inlitu
663 3837 764 3907 unic*
798 3836 853 3893 Sed
872 3837 996 3909 quaestio
1015 3853 1093 3908 prae·
1119 3840 1147 3894 vi
1173 3847 1284 3895 externa
1308 3843 1337 3893 et
1362 3837 1496 3908 corporali
1514 3837 1611 3909 religio
1632 3837 1851 3909 propagabatur,
1877 3839 1950 3894 falsa

264 3921 344 3991 cipue
361 3929 403 3976 est
421 3921 457 3975 de
474 3920 673 3990 seductoribus,
691 3923 739 3992 qui
753 3939 858 3977 errores
873 3922 1094 3978 fundamentales
1120 3934 1148 3980 et
1166 3923 1339 3980 idololatrica
1363 3924 1492 3995 dogmata
1518 3928 1679 3994 spargentes
1703 3923 1949 3993 interficiebantur,

264 4009 293 4062 in
312 4006 430 4063 ecclesia
446 4016 581 4079 spargunt
604 4024 706 4079 eosque
729 4007 909 4079 pertinaciter
929 4007 1091 4074 defendant,
1119 4019 1217 4082 gentes
1233 4010 1395 4064 Cananaeae
1419 4008 1608 4065 idololatricae
1631 4008 1877 4080 exscindebantur3
1899 4012 1949 4067 sed

264 4109 333 4164 quos
351 4109 369 4146 a
385 4092 548 4162 magistratu
567 4093 732 4148 co'e'rcendos
752 4099 781 4148 et
797 4093 966 4164 puniendos,
990 4111 1093 4166 nequa·
1120 4097 1156 4153 de
1169 4096 1201 4153 N.
1214 4096 1247 4151 T.
1260 4094 1413 4166 prophetae
1431 4095 1624 4162 vaticinantur,
1645 4095 1719 4166 quod
1739 4095 1845 4168 absque
1862 4098 1950 4152 caede

264 4194 348 4249 quam
365 4193 430 4232 vero
449 4176 546 4232 ultimo
558 4176 695 4248 supplicio
709 4176 871 4232 afficiendos
890 4195 950 4233 esse
966 4179 1091 4236 dicimus.
1120 4190 1148 4240 et
1165 4182 1301 4253 sanguine
1321 4181 1418 4252 religio
1436 4180 1593 4236 Christiana
1610 4180 1646 4235 sit
1664 4182 1859 4253 propaganda,
1883 4183 1950 4238 inde

265 4270 289 4320 3.
306 4264 366 4319 Nec
385 4264 510 4336 quaestio
527 4269 570 4318 est
587 4265 623 4316 de
640 4271 763 4333 tempore
789 4263 819 4320 V.
841 4265 871 4319 Τ.
895 4281 932 4318 an
957 4265 986 4317 in
1006 4265 1041 4320 V.
1060 4266 1093 4323 T.
1120 4286 1182 4323 cum
1200 4265 1327 4337 discipuli
1345 4267 1415 4321 Luc.
1435 4273 1459 4335 9,
1477 4285 1502 4320 v.
1521 4273 1562 4323 54.
1600 4266 1785 4322 Samaritanos
1803 4269 1869 4338 igne
1888 4286 1950 4324 coe-

264 4350 373 4405 liouerit
404 4347 559 4405 interficere
590 4348 756 4418 haereticos,
785 4348 834 4404 sed
865 4350 901 4404 de
930 4352 1094 4422 magistratu
1119 4354 1185 4408 litus
1204 4353 1317 4423 delapso
1345 4354 1422 4408 exuri
1446 4353 1550 4409 vellent
1573 4360 1601 4408 et
1626 4354 1661 4407 ad
1683 4353 1781 4423 praxin
1809 4354 1844 4410 V.
1869 4354 1902 4411 T.
1920 4356 1949 4409 in

264 4437 419 4493 Christiano
439 4437 468 4491 in
488 4436 522 4493 N.
539 4435 571 4492 T.
610 4444 632 4506 4.
651 4435 710 4492 Neo
728 4437 852 4507 quaestio
865 4444 907 4492 est
925 4439 960 4490 de
978 4439 1093 4493 seditio·
1119 4439 1198 4494 Elias
1227 4439 1351 4509 exemplo
1384 4439 1554 4509 propositam
1586 4446 1784 4511 prouocarent,
1821 4440 1949 4496 Christus

264 4526 304 4578 sis
320 4533 347 4577 et
367 4523 551 4594 blasphemis,
577 4523 624 4593 qui
641 4528 751 4592 praeter
770 4522 857 4578 falsae
874 4524 1015 4580 dochinus
1032 4542 1092 4595 pro-
1120 4542 1166 4580 eos
1191 4524 1322 4596 objurgat
1339 4530 1368 4578 et
1385 4525 1531 4580 discrimen
1549 4525 1584 4581 V.
1604 4543 1636 4580 ac
1653 4525 1688 4580 N.
1706 4524 1739 4579 T.
1763 4525 1830 4596 ipsis
1848 4545 1949 4598 propo·

265 4611 441 4680 pagationem
474 4608 622 4664 seditiones
653 4609 765 4679 insuper
797 4610 933 4676 excitent,
964 4610 1092 4668 subditos
1119 4612 1168 4667 nit.
1207 4608 1343 4680 Nescitis,
1371 4610 1474 4683 inquit,
1501 4613 1582 4682 cujus
1600 4614 1717 4684 spiritus
1740 4614 1823 4666 sitis!
1853 4615 1951 4670 Filius

265 4696 397 4751 adversus
415 4695 606 4767 magistratum
622 4694 756 4768 instigant
776 4702 806 4751 et
823 4696 941 4751 dneetm
965 4713 998 4752 ac
1016 4713 1093 4767 aper·
1119 4697 1238 4752 hominis
1264 4715 1320 4751 non
1348 4699 1422 4751 uenit
1446 4700 1555 4752 animae
1581 4700 1717 4770 perdere,
1746 4701 1798 4752 sed
1825 4701 1950 4758 calcare.

265 4789 308 4836 tas
327 4779 513 4852 blasphemias
531 4783 664 4837 adsersus
678 4782 769 4836 Deum
782 4788 927 4852 evomunt,
947 4782 1008 4837 illos
1020 4784 1093 4839 enim
1118 4783 1161 4838 Ex
1186 4800 1218 4838 eo
1242 4783 1281 4838 sic
1306 4782 1502 4838 concludimus.
1538 4785 1571 4838 In
1596 4802 1651 4856 quo
1676 4783 1709 4840 V.
1727 4801 1760 4840 ac
1788 4784 1822 4842 N.
1842 4784 1876 4842 T.
1895 4788 1950 4842 sibi

265 4866 377 4939 capitali
397 4868 532 4938 supplicio
550 4867 586 4923 ob
604 4867 754 4922 seditiones
771 4868 814 4922 vel
838 4867 997 4923 manifestas
1020 4868 1092 4924 blas·
1118 4869 1235 4924 invicem
1252 4876 1436 4938 opponuntur,
1455 4871 1483 4924 in
1501 4870 1547 4925 illo
1564 4887 1620 4925 non
1637 4875 1730 4941 potest
1746 4871 1831 4927 statui
1847 4874 1949 4928 utrius·

264 4953 388 5025 phemias
415 4954 489 5009 affici
513 4971 610 5024 posse,
636 4971 691 5008 non
710 4953 858 5008 admodum
876 4953 1092 5026 refragabimur;
1121 4972 1175 5026 que
1196 4953 1381 5009 conformitas.
1418 4953 1473 5010 Sed
1490 4955 1519 5010 in
1535 4957 1735 5028 propagatione
1758 4957 1902 5014 doctrinae
1921 4969 1951 5015 et

264 5039 314 5095 sed
335 5039 369 5094 de
386 5039 557 5111 simplicibus
575 5040 731 5106 haereticis,
759 5039 806 5110 qui
826 5057 843 5093 a
863 5039 1045 5096 seditionibus
1065 5048 1093 5096 et
1117 5041 1262 5112 punitione
1290 5040 1488 5096 haereticorum
1518 5059 1567 5112 per
1605 5043 1747 5114 sanguinis
1784 5043 1949 5100 effusionem

264 5125 441 5196 blasphemiis
466 5126 562 5180 alibro
587 5125 694 5181 delictis
718 5124 884 5196 capitalibus
910 5125 964 5180 sibi
987 5133 1091 5197 tempo
1117 5133 1145 5182 et
1173 5126 1271 5180 caedes
1303 5127 1338 5180 V.
1363 5144 1396 5182 ac
1421 5127 1455 5185 N.
1480 5128 1513 5183 T.
1538 5129 1591 5183 sibi
1617 5130 1735 5184 invicem
1762 5139 1949 5201 opponuntur.

260 5218 332 5280 rant,
346 5219 442 5267 contra
461 5227 529 5283 quos
545 5210 669 5281 gladium
687 5228 705 5265 a
722 5213 887 5283 magistratu
905 5209 941 5265 oh
961 5211 1086 5267 haeresin
1117 5211 1192 5284 Ergo
1209 5211 1239 5265 in
1257 5228 1290 5267 eo
1308 5227 1364 5266 non
1380 5219 1473 5282 potest
1490 5217 1589 5285 statui,
1599 5216 1743 5287 utriusque
1760 5217 1949 5273 conformitas.

257 5297 448 5370 stringendum
481 5313 542 5352 esse
569 5314 711 5368 negamus.
747 5296 830 5353 ”Sic
854 5294 995 5351 Lutherus
1021 5303 1086 5357 tom.
1115 5296 1226 5366 Excipit
1261 5297 1445 5353 Bellarminus
1482 5299 1530 5356 lib.
1568 5306 1593 5355 3.
1632 5300 1668 5355 de
1698 5301 1775 5357 laicis
1809 5319 1872 5373 cap.
1906 5310 1950 5361 22.

256 5391 279 5440 4.
299 5383 409 5439 Jenens.
429 5382 449 5436 f.
469 5389 527 5439 408.
546 5382 612 5436 item
623 5389 688 5438 tom.
708 5391 730 5438 5.
749 5381 890 5437 inPsalm.
904 5387 945 5437 82.
964 5380 983 5438 f.
1003 5389 1044 5439 lt.
1057 5382 1086 5439 b.
1119 5389 1140 5437 1.
1161 5381 1265 5436 dictum
1283 5385 1389 5438 Esaim
1407 5401 1466 5455 cap.
1486 5390 1509 5440 2.
1534 5394 1641 5440 tardum
1654 5388 1798 5456 pertinere
1823 5391 1864 5442 ad
1883 5398 1949 5443 um·

255 5469 457 5540 dnabaptirtas
474 5486 531 5523 non
546 5469 761 5546 cohaereticos,
786 5471 839 5522 sed
862 5477 891 5521 ut
910 5468 1082 5539 blaepiernos
1113 5485 1171 5538 pus
1194 5471 1329 5543 aduentus
1353 5471 1493 5536 Messias,
1517 5474 1546 5525 in
1570 5490 1625 5541 quo
1648 5474 1791 5540 gematis
1807 5476 1949 5530 murima
