4020 6014
619 206 671 261 Dii
688 202 912 264 MINIS'I'EBIO
928 201 1232 262 uacuusmsulco.
1712 213 1772 271 175

75 363 202 420 bustum.
221 367 246 420 2
262 361 367 416 Psalm
381 365 423 430 at,
442 378 468 415 v.
480 366 514 417 s:
530 360 667 427 Audiam,
686 361 757 431 quid
774 360 909 431 loquatur
936 357 1116 422 descendunt,
1134 365 1166 413 ut
1182 364 1336 414 constater
1350 357 1441 415 verbis
1461 357 1706 429 praecedentibus:
1721 360 1775 412 Di·

74 451 101 505 ia
128 466 172 505 me
189 449 340 505 Dominus.
381 448 461 513 Erpa
481 448 562 500 Deus
584 465 639 501 aon
654 464 711 515 par
736 449 847 501 cabum
866 465 909 500 eu·
935 444 1056 497 visiones
1080 461 1144 498 aero
1170 445 1329 513 oratiarum
1352 453 1416 498 suut
1445 444 1474 498 ro¹
1501 444 1532 498 dt
1561 442 1627 498 αὐτὸ
1654 445 1774 516 πνεῦμα,

73 544 192 605 mum,
223 536 277 588 sed
295 549 351 604 par
376 534 496 602 afflatus
520 534 645 586 iuteraos
679 533 819 587 :sabaeum
843 533 910 602 opit.
937 530 1010 582 ulem
1025 546 1091 582 uero
1110 528 1235 597 Spiritus
1241 551 1253 598 ,·
1280 530 1433 583 diouioaes
1450 531 1687 584 ministrationum
1702 537 1775 594 suut,

72 621 297 693 Respondemus:
326 617 412 675 verba
439 619 468 673 in
487 617 617 674 Hebraeo
643 618 822 680 eishabent:
856 618 911 671 Uti·
938 613 1104 674 satiricis
1117 613 1218 687 κύριος,
1236 617 1311 669 idem
1329 623 1422 669 autem
1442 618 1597 685 llorra'uus,⁸
1618 624 1643 669 st
1662 617 1776 669 diouio·

73 726 136 761 uam
159 707 279 760 audiam
307 706 461 760 Dominum
484 705 639 773 loquentem
670 712 695 757 et
722 705 910 758 corssolardem
939 718 985 754 aes
994 702 1187 772 operationum
1196 701 1289 768 susti
1304 702 1336 754 ti
1352 699 1584 768 αὐτὸςέσιιθιός,
1598 703 1673 755 idem
1684 710 1775 754 autem

68 781 305 863 populum'suum
325 808 381 860 per
395 790 565 859 propbetas,
589 790 658 844 illud
688 799 782 845 autern
806 791 836 843 iu
868 808 910 843 me
938 790 1018 841 Deus
1026 795 1073 851 est,
1087 787 1278 855 puioperatur
1291 787 1567 843 omuioioomailus.
1592 795 1614 842 7.
1640 786 1723 843 teor
1736 795 1776 857 15,

73 880 208 949 loquatur
234 883 354 931 nonest
376 876 405 929 in
429 881 507 930 textu
524 875 667 938 Hebraeo,
692 884 721 931 et
746 876 769 930 si
794 876 911 930 maximo
937 891 964 929 v,
985 878 1025 928 te.
1053 872 1158 926 Gratia
1177 873 1236 925 Dei
1253 875 1283 925 ia
1301 888 1343 926 me
1362 891 1416 926 roa
1434 873 1493 937 suit
1510 891 1608 939 vacua,
1625 876 1678 927 sed
1691 875 1776 927 atua-

73 965 192 1030 sdssset,
213 971 307 1018 tamen
327 979 345 1016 a
364 961 501 1032 propheta
514 961 672 1016 immediato
685 961 805 1033 Spiritus
823 962 912 1016 sancti
940 959 1056 1011 dontius
1076 959 1203 1012 omuibus
1220 958 1359 1024 laboravi,
1376 976 1433 1012 rou
1452 967 1546 1012 autem
1562 977 1619 1026 epo,
1641 961 1693 1013 sed
1710 977 1775 1028 pra·

73 1050 194 1121 impulsu
212 1048 366 1104 afflato'ad
388 1047 500 1119 quosvis
520 1047 660 1102 aliusnon
684 1047 749 1101 licet
767 1065 911 1118 argumen-
939 1045 979 1096 tia
992 1045 1051 1098 Dei
1064 1062 1177 1112 meeuru,
1195 1045 1244 1097 ubi
1260 1045 1415 1099 ministerio
1432 1062 1482 1101 suo
1495 1063 1602 1097 ornnem
1615 1046 1774 1107 efficaciam

74 1144 131 1193 tum
150 1136 261 1191 ducere.
295 1134 424 1205 Denique
441 1132 558 1187 verbum
581 1140 722 1188 externum
748 1142 776 1188 et
793 1133 911 1203 Spiritus
939 1131 1127 1185 ooauasioais
1145 1138 1171 1183 et
1192 1131 1295 1183 salutis
1325 1132 1465 1197 doropare
1497 1132 1667 1198 eandemque
1687 1131 1777 1184 solius

75 1221 163 1278 uncti
180 1220 316 1291 imprbus
334 1219 448 1274 interior
468 1235 523 1272 non
544 1225 608 1273 sunt
625 1219 760 1288 opposita,
778 1218 828 1272 sed
847 1218 912 1272 sub·
940 1218 999 1269 Dei
1018 1219 1131 1286 oratioe
1149 1217 1303 1270 asscribere
1325 1218 1444 1273 uidetur.
1479 1216 1704 1286 Respondemus:
1729 1233 1776 1271 ne·

75 1308 211 1364 ordinata.
244 1312 269 1362 3.
287 1307 349 1360 Act.
373 1312 395 1373 l,
415 1323 441 1357 v.
460 1311 491 1358 5:
520 1304 667 1357 Jolauaes
686 1304 836 1373 baptisavit
854 1305 913 1373 qui·
939 1311 1091 1374 gat-suum
1103 1303 1285 1358 ministerium
1303 1321 1363 1359 esse
1375 1320 1488 1359 causam
1506 1303 1690 1373 principalem
1702 1303 1776 1357 illius

77 1396 137 1449 ἀπι
158 1411 251 1463 aquo,
268 1409 317 1445 sos
338 1399 429 1444 aretem
450 1390 661 1459 baptsaabimiai
681 1389 793 1460 Spiritu
809 1409 832 1444 s.
847 1398 914 1461 post
940 1387 1098 1456 efficaciae,
1128 1390 1237 1444 interim
1255 1407 1310 1442 non
1329 1396 1427 1460 negat,
1454 1388 1524 1443 illud
1549 1389 1634 1443 fuisse
1656 1389 1777 1443 salutare

77 1482 137 1535 dies
155 1481 238 1533 hosce
252 1495 308 1530 aaa
325 1475 435 1530 multos.
471 1476 619 1529 Jotaaaes
645 1475 730 1543 ipitur
752 1476 815 1528 sola
837 1493 912 1544 aqua
940 1491 1090 1546 organum,
1120 1492 1170 1546 per
1193 1475 1268 1546 quod
1294 1475 1389 1530 divina
1411 1475 1502 1545 gratia
1530 1474 1584 1528 fuit
1601 1473 1714 1541 efficax,
1746 1482 1778 1528 ut

76 1565 220 1635 adspersit
244 1564 369 1617 tornines
392 1563 452 1615 siae
476 1561 588 1632 Spiritu
613 1570 718 1616 sancto.
752 1562 821 1614 Jam
845 1578 911 1615 vero
940 1558 1083 1631 colligitur
1102 1577 1136 1615 ex
1154 1560 1342 1615 fundamentis
1370 1561 1498 1630 superius
1516 1560 1653 1616 adductis.
1691 1559 1777 1616 Graa-

76 1653 168 1722 pualis
179 1649 245 1720 suit
266 1649 417 1718 baptismus
434 1647 585 1714 Jobaaaia,
605 1647 671 1700 talis
690 1648 774 1700 etiam
791 1647 912 1715 reliquo·
939 1664 987 1700 cus
1006 1653 1097 1700 textus
1118 1652 1160 1701 est
1178 1646 1365 1717 emphaticus,
1392 1646 1503 1720 ἡχάρις
1528 1648 1577 1700 τοῦ
1597 1650 1665 1700 θεοῦ
1687 1646 1703 1713 ἡ
1723 1649 1777 1700 σὺν

76 1756 136 1791 rum
151 1736 355 1789 ministrorum.
378 1725 912 1803 Respondemus:explicationemillius
939 1733 1017 1804 ἐμοί,
1043 1733 1137 1800 pratia
1157 1733 1228 1799 Dei,
1258 1751 1329 1800 qssue
1355 1751 1460 1788 merum
1485 1742 1525 1786 eet
1549 1732 1593 1787 vel
1619 1750 1690 1802 quae
1708 1733 1776 1788 mihi

77 1823 140 1878 dicti
161 1821 355 1892 proposuimus
367 1824 448 1875 tract.
467 1819 501 1871 de
520 1818 596 1888 bapt
615 1819 640 1886 ξ.
658 1823 699 1874 st.
725 1824 749 1873 4.
772 1823 794 1874 1.
813 1817 874 1872 Cor.
888 1823 913 1885 3,
939 1818 1006 1872 data
1023 1825 1082 1883 est,
1106 1818 1158 1871 hoc
1185 1823 1227 1872 est
1250 1818 1327 1873 Deus
1345 1818 1534 1890 suppeditavit
1551 1836 1584 1873 ex
1596 1818 1687 1888 gratia
1704 1818 1775 1874 vires

76 1927 99 1964 v.
111 1914 141 1965 6:
162 1909 226 1976 Epo
236 1905 377 1978 plantavi,
395 1903 502 1974 Apollo
512 1904 624 1972 riparii,
639 1906 720 1957 Deus
732 1911 821 1957 autem
834 1905 914 1957 dedit
940 1910 968 1957 et
987 1909 1150 1973 cooperatus
1171 1909 1213 1958 est
1230 1921 1291 1959 meo
1315 1904 1475 1959 ministerio.
1512 1903 1588 1975 Ergo
1613 1904 1648 1958 ab
1673 1905 1775 1975 agendi

77 1997 288 2055 incrementum·
301 2011 326 2048 v.
337 1997 362 2048 t.
372 1991 465 2060 itaque
475 2007 563 2058 respue
578 1990 755 2060 quiplautat,
768 1991 915 2060 aequequi
940 1987 1066 2044 efficacia
1077 2005 1133 2043 non
1145 1989 1268 2044 excludit
1280 2008 1361 2044 suum
1374 1991 1563 2047 ministerium.
1595 1996 1619 2046 8.
1638 1997 1662 2047 2.
1676 1989 1776 2056 (iord,

76 2083 152 2151 ripat
165 2088 207 2134 ost
220 2078 341 2149 aliquid,
354 2079 406 2130 sed
423 2078 510 2140 Deus,
522 2077 572 2145 qui
582 2078 634 2130 dat
650 2076 855 2145 incrementum,
867 2077 916 2129 ubi
940 2092 965 2128 v.
984 2080 1014 2130 6:
1040 2075 1140 2128 Litera
1158 2077 1270 2146 occidit¹
1290 2076 1416 2145 Spiritus
1430 2078 1662 2141 autemuioifieat.
1698 2079 1777 2148 Erpo
1791 2087 1896 2131 mist

77 2168 271 2222 incrementum
288 2163 360 2228 fidei
377 2170 403 2215 et
420 2163 554 2214 bonorum
573 2161 766 2230 spiritualium
784 2179 815 2217 eo
830 2163 914 2214 modo
939 2161 1052 2214 verbum
1069 2170 1212 2214 estsraum
1226 2170 1268 2215 est
1286 2163 1371 2216 litera
1394 2171 1514 2218 mortua.
1553 2162 1778 2232 Respondemus:
1955 2148 1960 2157 ¹

78 2255 189 2307 ridetur
207 2252 271 2304 Deo
289 2248 421 2316 attribui,
445 2255 475 2301 ut
493 2247 648 2303 ministerio
665 2248 744 2300 uerbi
761 2248 913 2303 adimatur.
940 2247 1033 2301 variae
1073 2256 1139 2303 sunt
1183 2248 1250 2304 dicti
1295 2247 1378 2321 hujus
1417 2247 1561 2320 apostolici
1600 2249 1778 2307 detorsiones.

78 2336 302 2409 Respondemus:
324 2334 475 2405 Apostolus
488 2350 521 2388 eo
535 2333 595 2403 ipso
608 2332 636 2386 in
654 2333 715 2386 loco
734 2351 757 2385 v.
769 2339 792 2388 5.
813 2333 914 2388 diserte
940 2333 1070 2387 Monachi
1100 2333 1200 2389 fratres
1233 2334 1407 2407 ignorantiae
1436 2353 1486 2406 per
1517 2334 1625 2390 literam
1659 2336 1779 2408 intelligi

80 2423 160 2479 dicit:
177 2421 253 2483 Quid
266 2420 373 2490 Apollo
383 2422 397 2472 3
409 2421 480 2488 quid
491 2419 622 2473 Paulus!
636 2420 757 2472 ministri
773 2427 843 2486 urat,
858 2437 913 2487 per
940 2419 1136 2476 existimabant
1152 2419 1335 2476 eruditionem
1352 2437 1385 2475 ac
1402 2420 1563 2488 scientiam,
1587 2421 1660 2475 sicut
1684 2421 1779 2477 literas

80 2528 146 2581 quos
163 2507 327 2561 credidistis
344 2505 402 2559 sive
418 2504 455 2559 ad
473 2502 558 2558 fidem
573 2504 699 2574 perducti
718 2506 792 2573 estis,
811 2522 914 2575 nequa·
940 2505 1010 2560 scire
1029 2506 1064 2561 de
1082 2507 1190 2561 erudito
1210 2507 1319 2565 dicitur.
1344 2507 1401 2563 Sed
1418 2507 1490 2562 salse
1514 2523 1561 2562 eos
1580 2507 1677 2563 irridet
1694 2511 1779 2578 potita

82 2611 163 2666 quam
176 2592 263 2665 igitur
275 2608 325 2647 suo
338 2589 491 2645 ministerio
505 2589 622 2660 derogat
633 2606 741 2645 omnem
753 2588 914 2657 efficaciam,
941 2592 1031 2645 isthoc
1051 2591 1184 2647 disticho:

82 2681 128 2737 sed
146 2679 264 2750 opponit
280 2677 350 2733 haec
369 2675 455 2730 verba
472 2692 618 2745 perversae
643 2675 764 2745 opinioni
784 2693 817 2729 ac
836 2674 914 2729 dissi·
978 2678 1087 2732 Cavisti
1102 2679 1176 2746 bene,
1193 2695 1228 2731 ae
1245 2680 1310 2742 fors
1329 2687 1356 2732 te
1375 2680 1437 2732 ulla
1455 2680 1582 2732 occidere
1597 2681 1688 2747 possit

82 2768 133 2822 diis
152 2763 366 2830 Corinthiorum,
387 2761 436 2833 qui
448 2779 480 2816 ex
494 2761 629 2832 qualitate
642 2777 823 2831 personarum
840 2762 913 2832 judi·
1012 2764 1118 2830 Litora,
1137 2782 1204 2816 uam
1222 2765 1304 2817 ralla
1317 2772 1357 2817 est
1376 2765 1461 2817 litera
1478 2774 1545 2817 uota
1563 2765 1620 2816 tibi.

82 2853 183 2908 cabant
195 2852 230 2905 de
245 2848 390 2904 ministerii
408 2846 535 2903 efficacia
553 2864 586 2902 ac
603 2856 753 2918 propterea
771 2847 800 2901 in
819 2847 914 2902 factio·
942 2848 1076 2919 Origenes
1093 2866 1143 2918 per
1161 2848 1270 2903 literam
1291 2848 1466 2920 intelligebat
1488 2866 1598 2905 sensum
1616 2848 1778 2919 Scripturas

81 2958 127 2996 nes
142 2937 224 2993 divisi
239 2933 383 3002 dicebant,
411 2951 461 3001 epo
474 2951 533 2986 uem
546 2933 644 3002 Pauli,
657 2950 706 3000 epo
721 2952 781 2987 sum
798 2934 915 3004 Ceplras,
941 2933 1091 3002 literalem,
1123 2951 1174 3003 per
1197 2933 1330 3003 Spiritum
1360 2952 1424 2990 vero
1452 2951 1564 2989 sensum
1589 2934 1777 3006 allegoricum.

81 3042 128 3095 epo
147 3023 265 3092 Apollo.
307 3026 328 3075 l.
350 3019 410 3075 Cor.
434 3023 462 3087 l,
486 3037 512 3072 v.
539 3024 576 3073 12.
596 3018 718 3073 ostendit
742 3018 828 3088 igitur
851 3036 915 3089 apo·
943 3018 1134 3074 Svencfeldius
1152 3035 1202 3088 per
1222 3019 1330 3074 literam
1348 3019 1582 3089 praedicationem
1594 3020 1671 3075 verbi
1691 3026 1779 3075 exter·

81 3110 173 3169 stolus,
194 3104 348 3162 efficaciam
365 3102 509 3157 ministerii
524 3119 611 3157 nona
629 3103 816 3174 peculiaribus
837 3103 915 3158 donis
942 3122 1015 3173 nam,
1044 3122 1094 3175 per
1119 3104 1253 3174 Spiritum
1287 3105 1448 3175 adjunctam
1480 3106 1600 3177 Spiritus
1627 3105 1780 3162 efficaciam

82 3196 279 3260 ministrorum,
298 3189 334 3244 sb
351 3187 519 3259 eloquentis,
536 3190 701 3245 auctoritate
719 3191 761 3245 vel
782 3191 916 3257 acumine,
941 3190 1086 3245 internam.
1123 3191 1178 3247 Sed
1202 3197 1347 3247 contextus
1373 3191 1541 3261 apostolicus
1567 3192 1702 3261 ostendit,
1730 3209 1781 3263 per

81 3282 127 3337 sed
152 3280 189 3336 ab
216 3280 276 3349 ipso
296 3276 357 3330 Deo
379 3273 542 3345 dependere.
574 3273 661 3331 Nulla
671 3292 737 3330 vero
748 3292 916 3347 consequen·
942 3276 1049 3330 literam
1096 3276 1132 3330 ab
1181 3275 1307 3347 apostolo
1339 3276 1459 3348 intelligi
1494 3277 1583 3344 lepem
1616 3280 1646 3331 in
1687 3262 1828 3332 literis*

80 3368 135 3424 tiae
152 3365 294 3437 legitimae
324 3361 413 3417 forma
439 3378 472 3415 ex
495 3377 527 3415 eo
546 3360 635 3415 evinci
653 3367 757 3431 potest,
777 3362 851 3432 quod
871 3379 915 3417 ax·
941 3363 1114 3431 haerentem,
1141 3364 1207 3435 quia
1226 3381 1281 3418 non
1301 3363 1408 3418 confert
1429 3365 1501 3419 vires
1520 3364 1557 3418 ad
1573 3365 1779 3435 praestandum,
1858 3358 1865 3367 '

81 3461 187 3509 ternum
206 3449 283 3505 verbi
301 3446 482 3502 ministerium
499 3446 666 3502 destituatur
691 3448 766 3501 omni
783 3446 915 3503 efficacia.
941 3447 1145 3519 perspiritum
1173 3465 1238 3505 vero
1260 3449 1446 3516 eoaapeliam,
1470 3447 1545 3518 quod
1570 3448 1656 3504 habet
1681 3450 1780 3520 adjun-

83 3537 214 3604 Quamvis
226 3535 298 3591 enim
312 3532 393 3588 Pauli
405 3533 543 3604 plantatio
562 3539 589 3587 et
603 3532 704 3604 Apollo
716 3533 818 3603 rigatio
836 3533 916 3588 adeo·
943 3540 1016 3589 ctam
1036 3534 1091 3588 vim
1105 3532 1224 3604 Spiritus
1236 3541 1265 3588 et
1282 3533 1412 3597 vivificat,
1433 3534 1499 3604 quia
1518 3534 1638 3604 Spiritus
1656 3553 1677 3589 s.
1695 3534 1780 3592 fidem

82 3641 135 3696 que
154 3622 276 3679 omnium
301 3618 434 3675 ccclesiae
460 3617 647 3673 ministrorum
668 3635 753 3688 opera
773 3619 810 3674 sit
835 3620 915 3680 nibil.
943 3637 992 3689 per
1009 3619 1079 3674 illud
1098 3619 1214 3687 confert,
1234 3620 1309 3675 sicut
1321 3618 1384 3675 Gal.
1407 3626 1431 3686 3,
1449 3639 1474 3676 v.
1494 3626 1519 3677 2.
1539 3619 1608 3675 dicit
1624 3621 1779 3691 apostolus:

82 3708 133 3765 hoc
151 3715 194 3764 est
211 3705 288 3760 irrita
305 3709 334 3759 et
349 3704 500 3767 frustanea,
522 3703 546 3757 si
566 3712 671 3759 remota
683 3705 778 3760 divina
793 3704 917 3760 efficacia
944 3706 1007 3758 Hoc
1025 3705 1115 3759 solum
1134 3722 1154 3758 a
1170 3705 1246 3758 solis
1266 3707 1374 3759 dissue
1399 3706 1476 3769 solo,
1506 3724 1538 3760 es
1562 3707 1693 3775 operibus
1711 3708 1782 3778 lepis

84 3794 273 3850 consideretur
293 3807 326 3845 ac
353 3791 406 3844 nisi
427 3789 504 3846 Deus
525 3789 572 3844 det
591 3789 803 3853 incrementum,
824 3798 916 3846 tamen
945 3791 1083 3862 Spiritum
1101 3791 1256 3859 accepistis,
1275 3809 1313 3844 aa
1331 3808 1363 3845 ea
1383 3793 1484 3846 auditu
1500 3794 1591 3858 fidei!
1614 3792 1781 3849 invertimus

82 3880 188 3954 placuit
211 3878 273 3931 Deo
298 3876 497 3931 incrementum
522 3874 592 3928 illud
616 3875 755 3929 ordinarie
785 3894 840 3930 non
864 3876 915 3930 nisi
943 3882 1036 3931 autem
1062 3875 1230 3931 Svencfeldii
1252 3881 1462 3948 argumentum:
1494 3877 1636 3950 Quidquid
1670 3878 1780 3949 occidit,

81 3985 131 4038 per
150 3966 272 4036 ipsorum
290 3960 471 4016 ministerium
491 3960 566 4029 dare,
592 3959 664 4014 sicut
680 3960 771 4015 verbis
793 3961 916 4031 proxime
943 3978 998 4016 non
1018 3968 1059 4016 est
1070 3961 1152 4016 litera
1163 3968 1287 4031 mortua,
1305 3961 1476 4032 praedicatio
1493 3962 1564 4034 legis
1576 3964 1694 4034 occidit,
1713 3983 1780 4037 ergo

82 4047 311 4124 praecedentibus
330 4046 445 4102 dicitur:
463 4045 595 4101 Miuistri
613 4054 685 4112 suat,
696 4064 753 4115 per
773 4066 841 4116 quos
858 4063 916 4099 ore·
943 4066 998 4103 non
1020 4054 1063 4103 est
1092 4048 1172 4102 litera
1192 4056 1308 4103 mortua
1348 4054 1372 4104 9.
1394 4055 1417 4108 1.
1440 4047 1511 4104 Tim.
1540 4055 1568 4113 2,
1591 4066 1617 4103 v.
1642 4056 1672 4104 5:
1705 4052 1781 4106 Ursus

84 4136 201 4192 didistis
221 4142 246 4187 et
263 4135 411 4202 unicuique
429 4133 500 4186 sima
519 4130 617 4184 diuisit
635 4132 775 4186 Dominus
792 4149 826 4186 ac
844 4151 869 4187 v.
884 4138 914 4188 9:
942 4136 1023 4186 Deus
1050 4142 1075 4187 et
1105 4151 1177 4187 uuus
1202 4135 1343 4188 mediator
1372 4135 1433 4188 Dei
1458 4141 1485 4187 et
1512 4135 1668 4202 homiuum,
1700 4137 1780 4193 bomo

84 4224 143 4277 Dei
161 4239 255 4275 summ
276 4224 414 4293 συνεργοί,
435 4218 495 4272 Dei
510 4217 693 4286 agricultura.
725 4224 750 4274 5.
777 4225 798 4273 l.
818 4214 879 4273 Cor.
892 4225 917 4283 4,
943 4219 1070 4272 Christus
1088 4219 1181 4273 Jsssu.
1220 4221 1299 4288 Erpa
1312 4237 1368 4289 per
1391 4220 1482 4274 solum
1511 4220 1650 4275 Clrrs'stum
1678 4222 1781 4290 absque

82 4328 106 4365 v.
129 4312 176 4364 20:
194 4308 323 4374 Repuum
342 4305 402 4360 Dei
415 4323 472 4358 aaa
489 4312 531 4358 est
548 4304 579 4357 irs
597 4321 731 4372 sermone,
751 4305 804 4358 sed
820 4304 916 4358 iavir-
942 4308 1036 4359 medio
1059 4314 1171 4359 eutcrao
1198 4307 1228 4358 ia
1252 4306 1363 4374 repotia
1398 4306 1500 4359 salutis
1531 4308 1611 4360 Deus
1638 4307 1780 4360 uobiscum

83 4403 148 4448 tute.
183 4394 262 4460 Erpa
275 4393 481 4462 fideretsalus
498 4409 555 4444 aaa
568 4398 662 4461 potest
678 4391 793 4460 sperari
810 4407 841 4443 er
860 4406 916 4443 ser·
943 4394 1012 4461 apit.
1049 4391 1277 4463 Respondemus:
1305 4391 1488 4446 subordinate
1505 4410 1561 4446 non
1578 4396 1644 4445 sunt
1662 4389 1779 4445 invicem

83 4496 161 4533 moue
181 4486 303 4532 caterua.
338 4477 563 4548 Respondemus:
586 4476 709 4548 loquitur
726 4476 866 4546 apostolus
882 4475 917 4531 de
946 4478 1126 4548 opponenda,
1146 4484 1177 4530 ut
1196 4493 1262 4548 ergo
1280 4476 1308 4529 in
1326 4477 1438 4548 negotio
1457 4477 1642 4532 conversionis
1662 4484 1690 4531 et
1708 4477 1779 4531 salu·

83 4581 207 4620 sermone
225 4567 463 4637 πεφυσιωμένων,
493 4568 525 4616 ut
542 4568 621 4633 patet
643 4579 676 4617 ex
694 4578 775 4617 versu
794 4560 917 4632 proxime
943 4564 979 4617 tis
1003 4580 1088 4618 causa
1112 4561 1275 4634 principalis
1306 4578 1362 4615 non
1388 4562 1511 4617 excludit
1535 4578 1646 4615 causam
1669 4562 1779 4616 marito·

83 4650 281 4721 praecedente,
300 4664 332 4702 ae
349 4648 384 4702 de
398 4647 635 4718 persuasibslibus
655 4649 793 4702 tamarae
806 4649 917 4724 sapien·
943 4650 1025 4718 mam,
1053 4664 1124 4718 quae
1150 4652 1193 4702 est
1221 4646 1346 4703 Christus
1371 4647 1400 4701 in
1424 4647 1516 4701 officio
1541 4646 1719 4700 redemtionis
1744 4663 1778 4703 ao

83 4737 140 4789 tiae
158 4735 258 4798 cerlis
278 4740 310 4788 nt
327 4733 467 4803 colligitur
487 4750 521 4788 ex
543 4739 565 4788 1.
583 4731 647 4790 Cor.
665 4737 697 4803 2,
726 4751 751 4787 v.
770 4739 796 4789 4.
816 4733 917 4805 quibus
944 4733 1132 4796 mediationis,
1159 4733 1200 4787 ita
1216 4749 1326 4803 quoque
1344 4749 1429 4787 causa
1452 4732 1592 4787 meritoria
1610 4750 1667 4786 non
1686 4734 1778 4789 exclu

82 4821 196 4895 opponit
221 4821 403 4873 ostensionem
432 4818 557 4888 Spiritus
587 4826 613 4873 et
637 4819 762 4891 uirtutis,
790 4818 840 4874 sed
868 4818 917 4874 illa
944 4821 986 4874 dit
1002 4817 1241 4874 instrumentalem
1260 4833 1373 4872 causam
1398 4818 1457 4870 sive
1482 4816 1575 4870 media
1592 4819 1779 4875 conversionis

82 4908 142 4978 ipsa
162 4905 282 4976 Spiritus
300 4910 329 4959 et
349 4903 460 4959 virtutis
476 4903 587 4959 divinae
600 4902 738 4968 ἀπόδειξις
758 4903 869 4961 exhibet
887 4923 916 4961 se
943 4913 971 4961 et
987 4905 1093 4969 salutis,
1110 4920 1181 4976 quae
1201 4910 1266 4959 sunt
1287 4918 1320 4956 ex
1339 4909 1418 4972 parte
1436 4902 1490 4958 Dei
1507 4901 1623 4959 verbum
1643 4911 1672 4959 et
1690 4922 1780 4962 sacra-

82 5011 131 5063 per
142 4990 378 5065 praedicationem
390 4988 477 5044 verbi.
514 4993 536 5043 6.
565 4994 587 5046 l.
607 4989 667 5046 Cor.
684 4997 723 5060 12,
745 5009 770 5046 v.
784 4998 816 5049 6:
836 4992 916 5045 Deus
943 4995 1051 5060 menta,
1077 4995 1212 5060 exparte
1236 4995 1329 5043 nostra
1354 4985 1433 5042 fides.
1468 4985 1519 5041 Est
1542 5005 1609 5059 ergo
1626 5007 1691 5046 vere
1708 5010 1780 5047 unus

81 5081 141 5151 ipse
168 5085 305 5148 operatur
330 5077 424 5130 omnia
449 5077 479 5128 ia
504 5075 637 5130 omuibus.
673 5076 754 5148 Erpa
777 5096 832 5130 aori
856 5078 916 5146 apii
943 5076 1079 5133 duntaxat
1100 5074 1235 5130 mediator
1253 5073 1305 5128 Dei
1322 5079 1351 5127 et
1369 5071 1526 5136 hominum,
1552 5073 1633 5130 homo
1651 5074 1781 5133 Christus

78 5184 133 5236 per
150 5165 273 5218 medium
292 5171 442 5217 externum.
464 5160 689 5232 Respondemus:
710 5162 794 5224 αὐτός
810 5163 849 5218 ibi
861 5181 917 5217 non
943 5163 1035 5231 lesus,
1048 5162 1096 5217 sed
1109 5160 1183 5215 illius
1195 5158 1353 5215 mediatoris
1365 5156 1501 5214 beneficia
1513 5160 1542 5215 in
1554 5158 1638 5216 verbo
1649 5169 1677 5215 et
1689 5179 1780 5218 sacra·

82 5249 222 5322 significat
241 5248 428 5304 immediatam
440 5248 493 5303 Dei
510 5247 698 5320 operationem
715 5250 916 5320 praedicationi
944 5247 1044 5304 mentis
1053 5245 1133 5301 nobis
1142 5243 1297 5299 offeruntur
1304 5242 1360 5298 fide
1374 5244 1567 5315 amplectenda
1576 5252 1604 5301 et
1613 5245 1781 5316 recipienda.

83 5343 212 5392 externae
231 5334 399 5407 oppositam,
424 5336 476 5390 sed
494 5332 630 5389 unitatem
650 5332 739 5403 illius,
762 5351 851 5407 aquo
864 5355 916 5405 χα-
980 5338 1038 5388 264.
1082 5330 1216 5388 Rationes
1243 5328 1364 5400 potiores
1382 5328 1435 5386 hae
1453 5337 1533 5389 sunt:
1552 5335 1577 5388 1.
1593 5330 1721 5386 Gtrs'stus
1740 5341 1780 5388 est
1793 5335 1907 5427 ξιοῇῐὴτν

83 5427 214 5499 ptapara,
233 5422 373 5475 διακονίαι
393 5425 438 5474 sal
458 5419 631 5496 ἐνεργήματα
643 5418 917 5475 variainecclesiam
948 5417 1082 5474 ecclesias
1102 5424 1194 5485 caput,
1214 5417 1244 5470 ia
1263 5434 1317 5486 quo
1336 5424 1422 5471 totum
1438 5435 1541 5488 corpus
1559 5427 1781 5485 coapmeatatum
1867 5398 1902 5429 η
