4020 6014
656 191 709 246 Da
729 191 952 250 MINISTERIO
969 190 1273 252 necanslaanrco.
1775 209 1810 266 17

115 350 140 400 1.
161 343 243 415 epist
261 362 285 400 c.
306 350 338 412 t,
361 363 387 399 v.
408 349 434 402 2.
453 343 631 416 presbyteros
654 346 730 402 hisce
748 347 840 402 verbis
859 348 951 402 horta·
979 345 1008 400 in
1034 347 1151 403 ecclesia
1172 350 1352 421 presbyteros
1377 365 1410 404 ac
1436 351 1505 404 duos
1529 350 1752 421 presbyterorum
1771 369 1813 408 or·

112 436 174 484 tus:
200 432 317 485 Pascite
343 449 418 501 earn,
443 434 493 500 pai
514 433 586 485 inter
608 450 658 486 coe
685 442 732 501 est,
756 452 867 503 prepem
885 435 952 503 Dei,
980 430 1067 487 dines.
1098 433 1216 499 Quidam
1230 436 1302 490 enim
1316 435 1481 491 laborabant
1497 436 1527 490 in
1543 436 1627 491 verbo
1639 444 1667 491 et
1678 437 1812 511 doctrina,

113 517 342 585 ἐπισκοποῦντες,
357 519 545 586 providentes,
566 518 731 589 inspectioni
748 519 834 590 ipsius
852 538 950 575 vacan-
963 550 966 577 ε
980 519 1031 572 hoc
1050 526 1092 574 est
1110 528 1331 591 erantpastores
1350 528 1378 577 et
1391 523 1518 578 doctores
1535 522 1682 592 ecclesiae,
1700 524 1813 593 quidam

111 607 163 657 tes.
203 601 293 673 Syrus
318 603 453 673 interpres
479 603 763 676 11111111111121111111,
802 580 1057 678 resapere-ierant
1083 606 1217 661 duntaxat
1237 606 1401 680 ἡγούμενοι,
1430 609 1477 679 qui
1500 625 1636 663 unacum
1654 608 1813 664 doctoribus

111 689 182 750 κῶς,
203 689 408 757 spiritualiter,
432 689 506 760 quod
532 690 670 760 glossema
690 691 718 744 in
739 698 898 746 contextum
918 709 951 746 ex
963 668 966 721 3
980 690 1125 745 ecclesiam
1145 693 1340 764 gubernabant
1359 702 1387 749 et
1404 711 1500 749 curam
1512 695 1654 749 doctrinae
1672 711 1705 749 ac
1722 694 1813 764 religi-

112 774 239 844 margine
257 774 375 845 irrepsit
405 780 429 831 3.
442 777 478 830 In
491 775 650 844 specieillis
663 776 796 832 ecclesiae
809 777 951 842 ministris,
979 776 1038 830 onis
1061 776 1210 833 habebant.
1252 779 1299 833 Ad
1325 779 1440 834 classem
1465 780 1583 851 priorem
1606 780 1745 851 pertinent
1763 779 1812 842 iili,

111 858 214 929 quibus
235 876 291 913 non
319 859 409 915 solum
426 861 521 932 gregis
541 862 678 915 commissi
699 879 779 931 cura,
799 863 847 917 sed
868 863 950 917 etiam
978 879 1095 929 quorum
1120 865 1222 918 mentio
1247 863 1280 918 fit
1298 865 1361 922 Act.
1385 871 1430 934 14,
1452 883 1477 921 v.
1500 871 1541 920 23.
1559 864 1608 919 ubi
1628 865 1745 935 apostoli
1761 881 1812 935 per

111 950 257 1015 pastorum
276 946 411 1016 inspectio
424 947 592 1002 demandata
607 953 658 1014 est,
679 947 780 1017 quibua
793 954 822 1003 et
834 948 950 1002 docendi
978 947 1104 1018 singulas
1131 948 1259 1004 ecclesias
1285 950 1457 1005 constituunt
1483 950 1667 1020 presbyteros.
1710 950 1765 1005 Tit.
1790 958 1812 1014 1,

113 1031 262 1087 ecclesiam
281 1039 311 1087 et
329 1032 358 1086 in
377 1032 540 1098 doctrinam,
558 1033 642 1087 vitam
657 1050 690 1088 ac
708 1050 796 1089 mores
810 1039 950 1104 pastorum
979 1051 1005 1090 v.
1028 1041 1058 1088 5:
1078 1035 1149 1088 Ideo
1168 1037 1275 1105 reliqui
1285 1045 1311 1090 te
1323 1036 1431 1100 Cretae,
1444 1045 1475 1090 at
1487 1039 1641 1091 cmistdaos
1648 1053 1704 1105 per
1718 1038 1811 1105 ainpm

113 1115 272 1187 inquirendi
292 1135 394 1173 munus
405 1118 580 1174 commissum
601 1125 651 1188 est,
672 1135 727 1190 quo
745 1120 855 1176 nomiae
867 1121 950 1175 etiam
978 1120 1024 1172 las
1042 1121 1167 1174 civitam
1183 1123 1369 1190 presbyteros.
1404 1122 1466 1178 Jac.
1488 1130 1512 1188 5,
1533 1139 1558 1177 r.
1583 1127 1626 1177 it:
1646 1124 1812 1189 infirmatas

113 1218 133 1256 a
151 1203 277 1258 diaconis
297 1203 498 1260 discernuntur.
539 1204 657 1275 Philipp.
682 1210 709 1272 l,
735 1223 760 1257 v.
784 1212 812 1261 i:
838 1205 952 1260 &netis
979 1205 1041 1272 onis
1053 1205 1127 1259 inter
1139 1208 1208 1260 sos?
1220 1208 1335 1261 inducat
1343 1207 1522 1276 presbyteros
1540 1207 1681 1276 melenae,
1695 1216 1720 1261 et
1733 1216 1812 1262 orent

114 1287 278 1356 inClrrs'sto,
298 1290 350 1358 qai
365 1298 428 1343 meat
446 1290 591 1358 Pls'lsppis
609 1308 670 1343 cam
689 1291 828 1360 episcopis
845 1299 870 1344 et
889 1293 950 1344 elia·
978 1307 1063 1358 samer
1081 1307 1143 1345 eam
1160 1299 1293 1361 serpentes
1319 1309 1379 1346 eom
1402 1293 1464 1346 oleo
1489 1293 1519 1344 in
1536 1294 1647 1346 nomime
1663 1294 1728 1348 Dei.
1764 1295 1811 1349 ad

112 1375 199 1427 conis.
241 1380 263 1430 1.
281 1372 402 1428 Timoth.
423 1381 452 1443 3,
474 1392 501 1429 v.
521 1380 550 1430 2:
569 1377 743 1446 Episcopum
764 1385 872 1445 oportet
892 1393 951 1430 esse
978 1375 1093 1431 classem
1112 1376 1291 1447 posteriorem
1311 1376 1436 1431 referunt
1455 1394 1516 1442 eos,
1544 1377 1578 1432 de
1597 1376 1698 1449 quibas
1716 1379 1809 1435 Actor.

65 1464 99 1507 ta
112 1459 399 1528 arreprelsenssbslem,
424 1477 448 1514 r.
461 1465 486 1517 8.
500 1461 635 1514 diaconos
653 1462 784 1515 similiter
802 1464 949 1515 modestos.
982 1467 1025 1528 15,
1049 1480 1074 1516 r.
1094 1467 1127 1516 2.-
1153 1465 1347 1517 Ascenderant
1364 1464 1589 1531 Hierosolymam
1607 1465 1648 1517 od
1667 1466 1811 1534 apostolos

111 1543 234 1600 Videtur
257 1550 350 1601 summ
373 1547 496 1616 episcopi
526 1547 677 1617 appellatio
698 1548 817 1602 deducta
836 1565 869 1603 ex
890 1563 949 1602 ver·
977 1555 1004 1599 et
1025 1549 1220 1617 presbyteros,
1248 1548 1275 1601 h.
1306 1565 1330 1604 e.
1350 1565 1410 1612 eos,
1429 1547 1477 1619 qui
1502 1564 1558 1602 una
1588 1564 1651 1603 cum
1677 1550 1809 1619 apostolis

110 1629 187 1686 sione
207 1632 317 1687 Graeca
344 1630 454 1687 Veteris
471 1631 657 1697 Testamenti,
678 1633 779 1705 inqua
799 1641 950 1705 usurpatur
977 1632 1171 1702 gubernabant
1185 1632 1339 1688 ecclesiam.
1369 1640 1391 1687 1.
1406 1633 1526 1689 Timotb.
1547 1640 1570 1697 5,
1589 1651 1613 1687 v.
1636 1640 1680 1690 19:
1700 1637 1809 1689 Adver-

108 1733 161 1786 pro
181 1718 269 1794 ¹¹2,qu
297 1716 342 1772 vel
366 1719 442 1790 '1in
461 1717 632 1788 praeposito,
657 1719 789 1789 epistota,
816 1719 948 1786 antinite,
975 1735 1023 1772 stes
1037 1719 1232 1787 presbyteram
1252 1720 1458 1773 cremationem
1476 1720 1537 1772 noli
1545 1720 1669 1788 recipere
1686 1721 1743 1773 nisi
1759 1724 1810 1774 sol

91 1802 159 1872 ‚qui
177 1802 296 1856 aliorum
314 1819 383 1873 opus
402 1809 500 1874 urget,
525 1803 569 1857 cui
589 1803 791 1858 administratio
811 1805 948 1876 quaedam
977 1803 1086 1856 draobas
1111 1812 1160 1857 ant
1184 1805 1273 1857 tribas
1301 1805 1420 1859 testibus.
1463 1802 1518 1858 Sed
1542 1803 1643 1859 rectius
1672 1805 1754 1859 etiam
1781 1807 1809 1859 in

109 1904 194 1957 super
212 1887 330 1959 ἐργάτας
346 1888 553 1944 estcommissa.
585 1886 667 1947 Num.
686 1895 710 1957 3,
729 1907 754 1945 r.
775 1894 807 1944 32
829 1890 948 1944 Eleazar
975 1888 1027 1943 hoc
1054 1890 1204 1959 posteriore
1227 1888 1288 1944 loco
1310 1888 1504 1960 intelliguntur
1525 1889 1657 1945 ccclesiae
1675 1899 1809 1960 pastores,

109 1991 235 2028 summus
261 1973 390 2029 sacerdos
414 1980 530 2029 vocatur
555 1975 715 2043 episcopus,
747 1976 813 2047 quia
835 1976 948 2046 reliquis
975 1990 1091 2046 quorum
1111 1975 1244 2046 inspectio
1260 1975 1417 2045 pertinebat
1434 1975 1469 2029 ad
1482 1974 1657 2030 Timotheum
1676 1977 1809 2031 ecclesiae

111 2058 304 2115 minoribus
323 2076 357 2115 ac
377 2060 483 2115 Levitis
511 2061 668 2132 praefectus
695 2070 768 2128 erat,
797 2067 830 2116 ut
856 2079 948 2116 eorum
975 2059 1130 2129 Ephesiuae
1144 2061 1312 2132 episcopum.
1352 2060 1454 2115 arim.
1469 2066 1492 2129 4,
1512 2077 1538 2114 v.
1555 2066 1593 2117 13.
1605 2060 1808 2131 presbyterium

110 2160 210 2216 operes
224 2150 346 2217 urgeret,
366 2145 499 2217 dirigeret
517 2151 601 2217 atque
617 2146 781 2216 disponeret,
803 2148 948 2201 commissa
975 2144 1114 2216 significat
1127 2151 1216 2199 totum
1228 2145 1375 2216 collegium
1387 2145 1620 2216 presbyterorum,
1641 2145 1667 2199 h.
1682 2163 1705 2201 e
1721 2147 1808 2201 eccle·

108 2230 162 2301 ipsi
187 2238 249 2286 erat
268 2231 403 2302 inspectio
431 2248 464 2284 ac
482 2231 604 2286 visitatio
623 2232 710 2286 omnis
728 2232 900 2287 tabernaculi
921 2240 949 2288 et
973 2231 1030 2285 siae
1042 2231 1226 2285 ministrorum
1243 2237 1271 2286 et
1284 2232 1429 2295 seniorum,
1441 2247 1490 2301 per
1505 2248 1621 2302 quorum
1628 2238 1806 2306 χειροτονίαν

106 2317 230 2372 omniurn
250 2333 323 2387 quae
349 2317 379 2370 in
397 2333 442 2386 eo,
467 2316 540 2372 sicut
564 2323 656 2371 textus
676 2316 823 2372 Hebraeus
842 2316 947 2373 ibidem
973 2315 1173 2373 ordinabantur
1199 2322 1332 2387 pastores.
1372 2316 1405 2370 In
1433 2316 1541 2371 Graeca
1565 2318 1691 2372 versione
1715 2318 1750 2374 V.
1772 2319 1805 2372 Τ.

112 2404 244 2474 loquitur.
283 2409 307 2459 2.
334 2404 443 2476 Regum
467 2411 512 2473 11,
535 2420 561 2457 v.
585 2409 629 2460 18:
659 2405 698 2457 Et
713 2407 809 2474 posuit
825 2423 948 2458 summas
975 2406 1157 2473 πρεσβύτερος
1180 2411 1200 2459 1.
1221 2403 1250 2456 in
1267 2419 1369 2474 genere
1386 2403 1521 2474 accipitur
1534 2418 1640 2472 proco,
1657 2404 1705 2474 qni
1716 2411 1806 2459 aetate

109 2490 386 2558 suendoslojodolr
397 2477 496 2564 nipe,
503 2490 704 2558 praefecturas
714 2490 772 2544 sive
784 2489 947 2561 praefectos,
972 2494 1016 2542 est
1033 2488 1136 2558 senior,
1164 2504 1197 2542 ac
1224 2488 1372 2558 respondet
1391 2488 1521 2543 Hebraeo
1548 2491 1598 2561 ml
1627 2487 1727 2545 Genea.
1765 2495 1806 2558 11,

108 2591 195 2644 saper
213 2577 326 2628 domum
347 2577 472 2629 Domini.
509 2574 591 2629 LXX
615 2576 779 2647 interpretes
804 2577 904 2642 tapso
932 2575 947 2630 ὁ
971 2592 996 2628 v.
1019 2579 1046 2628 11
1077 2591 1100 2628 c.
1123 2578 1168 2642 19,
1193 2593 1219 2630 v.
1239 2580 1262 2629 4.
1284 2580 1308 2631 2,
1326 2572 1419 2629 Paral.
1446 2579 1494 2642 15,
1519 2590 1544 2629 r.
1573 2578 1612 2628 13.
1632 2581 1686 2629 etc.
1708 2575 1804 2630 eodem

109 2660 197 2730 laprio
216 2659 386 2722 inrosinove
405 2664 444 2722 alc
459 2662 508 2714 rio
527 2661 606 2715 oleon
620 2667 725 2731 κυρίου,
745 2662 945 2733 ipsetanquam
972 2660 1053 2714 modo
1071 2661 1206 2732 accipitur
1224 2660 1253 2714 in
1273 2660 1308 2717 N.
1329 2661 1362 2714 T.
1380 2659 1479 2716 Johan.
1499 2665 1530 2728 8,
1553 2676 1580 2716 r.
1598 2666 1622 2716 9.
1646 2666 1667 2717 1.
1687 2660 1759 2716 Tim.
1780 2668 1804 2728 ts,

109 2746 247 2817 generalis
267 2747 497 2818 superintendens
517 2746 660 2802 constituit
673 2746 806 2817 speciales
822 2747 946 2818 superin·
971 2767 996 2802 v.
1022 2753 1042 2801 1.
1061 2753 1113 2802 etc.
1151 2746 1270 2800 Ministri
1288 2763 1354 2817 ergo
1372 2745 1505 2801 ecclesiae
1525 2746 1656 2800 dicuntur
1674 2747 1804 2815 seniores,

108 2832 270 2896 tendentes,
303 2832 352 2904 qui
379 2832 408 2886 in
435 2831 556 2904 reliquos
581 2833 738 2888 sacerdotes
767 2849 801 2888 ac
832 2833 946 2888 Levitae
972 2833 1037 2903 quia
1055 2832 1099 2886 vel
1120 2837 1220 2901 aetate,
1239 2832 1282 2885 rel
1301 2830 1379 2886 senili
1400 2831 1627 2902 prudentiaalios
1641 2832 1805 2888 antecellere

110 2933 260 2989 eorumque
283 2916 406 2973 officium
425 2918 619 2986 intenderent,
639 2916 781 2972 distribuit
797 2917 946 2990 unicuique
972 2918 1076 2973 debent
1094 2934 1127 2971 ac
1139 2917 1204 2988 qaia
1216 2916 1378 2987 plerumque
1390 2933 1423 2971 ex
1430 2915 1585 2971 senioribus
1600 2917 1804 2988 deligebantur,

110 3001 230 3058 officium
250 3003 372 3057 suumin
389 3001 494 3073 templo
508 3003 707 3074 peragendum,
725 3003 815 3075 qualis
828 3003 946 3058 functio·
973 3002 1045 3057 sicut
1067 3003 1150 3057 etiam
1174 3002 1248 3073 apud
1273 3001 1411 3057 Romanos
1436 3019 1453 3055 a
1476 3002 1589 3057 senibus
1613 3019 1712 3058 nomen
1738 3004 1805 3058 mite
1819 3013 1884 3057 nat
1904 3014 1937 3057 tt.

112 3106 174 3144 uum
198 3089 397 3145 distribution
420 3087 529 3144 Davide
553 3106 586 3143 ac
613 3089 757 3146 Salomone
783 3090 847 3145 olim
871 3090 948 3145 iacta
973 3095 1084 3144 mustus
1102 3088 1186 3142 habet
1204 3093 1289 3159 atque
1307 3087 1382 3158 apud
1400 3086 1550 3142 Homerum
1567 3087 1645 3145 iliad.
1664 3097 1689 3158 β,
1710 3089 1804 3143 dicun·
1869 3099 1873 3107 ·

112 3174 211 3240 iuerat,
249 3175 297 3230 sed
327 3192 378 3246 per
410 3175 560 3230 Baaliticos
588 3175 758 3230 sacrificulos
792 3176 946 3232 obliterata
973 3182 1019 3229 tur
1036 3179 1163 3249 γέρονιες
1189 3173 1272 3228 iidem
1302 3173 1348 3244 qui
1373 3171 1506 3242 ἄριοιῆες.
1545 3179 1568 3229 2.
1595 3172 1629 3226 In
1647 3175 1739 3245 specie
1756 3192 1806 3245 pro

112 3261 224 3318 behem.
245 3267 292 3325 11,
312 3280 339 3315 v.
359 3267 400 3316 22.
421 3262 568 3331 episcopus
585 3263 745 3315 Levitormn
764 3261 793 3315 in
816 3261 948 3315 Hierusa·
974 3259 1142 3329 senioribus,
1156 3260 1210 3314 hoc
1230 3265 1272 3313 est
1290 3259 1521 3330 gubernatoribus
1539 3257 1635 3329 populi
1652 3260 1805 3316 Israelitioi.

114 3347 162 3401 lcrn
176 3347 234 3402 fuit
253 3346 353 3412 Hunni,
371 3347 418 3418 qui
439 3355 613 3417 promoveret
632 3346 799 3418 reliquorum
819 3348 946 3402 sacerdo·
974 3347 1020 3403 Sic
1040 3345 1218 3418 septuaginta
1235 3344 1274 3399 illi
1295 3344 1346 3398 riri
1362 3343 1488 3398 honorati
1507 3359 1540 3398 ac
1556 3345 1716 3415 prudentes,
1736 3363 1806 3415 quos

113 3433 341 3505 tnmoperasetin
349 3432 514 3504 quibusdam
524 3430 607 3486 officii
619 3432 746 3502 partibus
754 3433 948 3486 summisacer·
974 3433 1085 3504 Moyses
1102 3433 1131 3487 in
1149 3431 1263 3502 politiae
1280 3430 1450 3485 israeliticae
1468 3430 1668 3502 gubernatione
1686 3431 1738 3486 sibi
1758 3432 1807 3486 ad·

115 3518 315 3575 dotisabeentis
326 3517 417 3574 vicem
426 3519 582 3575 snsdneret.
600 3517 948 3573 Tribuituretiamuomea
971 3520 1077 3590 junxit,
1099 3518 1180 3575 Num.
1202 3523 1247 3586 11,
1265 3534 1291 3571 v.
1312 3522 1353 3572 24.
1371 3522 1506 3570 vocantur
1523 3516 1652 3572 seniores.
1688 3516 1758 3572 Inde
1777 3518 1805 3570 in

115 3607 232 3678 episcopi
245 3604 395 3677 praefectis
407 3603 536 3676 politicis,
547 3603 695 3675 praefectis
709 3604 853 3672 exercitus,
868 3622 946 3675 prae·
973 3605 1089 3660 historia
1113 3602 1272 3675 evangeliea
1298 3600 1502 3669 sacerdotibus,
1521 3601 1678 3658 Pharisaeis
1697 3609 1726 3659 et
1742 3604 1807 3658 scri·

115 3691 189 3747 lactis
202 3691 428 3759 architectorum,
441 3689 554 3746 Numer.
567 3696 609 3756 31,
624 3708 650 3746 v.
666 3695 703 3745 14.
716 3690 809 3747 Judic.
822 3697 847 3758 9,
857 3709 883 3745 v.
905 3695 947 3745 28.
974 3691 1017 3746 bis
1036 3691 1139 3762 passim
1163 3690 1371 3760 conjunguntur
1394 3687 1514 3744 seniores
1531 3688 1628 3759 populi
1647 3689 1745 3744 Mattb.
1765 3694 1806 3754 21,

117 3778 348 3851 enganna.
361 3782 401 3833 16.
421 3781 445 3833 2.
455 3776 546 3833 Paral.
557 3782 598 3846 34,
610 3794 637 3831 v.
652 3783 690 3833 12,
700 3783 752 3832 etc.
764 3776 946 3831 sicutetHo·
974 3796 998 3831 v.
1026 3782 1066 3833 23.
1090 3793 1114 3831 ο.
1134 3781 1181 3839 26,
1206 3792 1230 3829 v.
1257 3779 1282 3829 3.
1307 3780 1358 3829 etc.
1376 3789 1427 3844 per
1446 3790 1515 3844 quos
1533 3774 1726 3846 intelliguntur
1739 3793 1806 3846 pro·

116 3881 200 3921 merus
219 3863 371 3920 Hectorem
388 3869 469 3918 vocat
489 3863 643 3918 ἐπίσκοπον
660 3866 706 3930 τῆς
723 3862 835 3924 πόλεως.
868 3862 946 3927 Quae
974 3881 1051 3918 ceres
1063 3863 1192 3928 tribuam,
1205 3860 1253 3931 qui
1266 3860 1461 3932 allegabantur
1471 3877 1529 3916 una
1541 3878 1604 3916 cum
1616 3861 1807 3917 sacerdotibus

117 3950 327 4023 significationes
336 3952 412 4004 certo
418 3948 500 4003 modo
507 3965 540 4004 ac
546 3955 674 4021 respectu
683 3948 739 4004 huc
746 3948 946 4003 accommodari
973 3956 1001 4006 et
1018 3948 1115 4003 scribis
1127 3947 1155 4002 in
1167 3963 1275 4002 sacrum
1293 3948 1463 4017 synedrium.
1499 3947 1616 4012 Quando
1628 3964 1694 4003 vero
1705 3947 1808 4004 mentio

118 4042 237 4106 possunt
268 4028 389 4102 midam
401 4035 456 4091 huc
475 4034 599 4090 referunt
619 4035 712 4091 locum
724 4034 787 4089 Esa.
807 4041 847 4103 60,
867 4052 892 4088 v.
908 4040 946 4088 11.
973 4034 1005 4090 fit
1023 4034 1203 4090 traditionum
1228 4032 1283 4087 ἀπὸ
1303 4038 1360 4088 τῶν
1377 4037 1585 4108 πρεοβοιέρων,
1608 4050 1626 4088 a
1644 4033 1807 4097 senioribus,

118 4122 159 4178 abi
177 4122 288 4179 Graeca
306 4122 396 4178 versio
416 4121 456 4175 sic
485 4120 583 4176 babet:
619 4119 707 4176 Λώοω
733 4123 794 4182 roric
811 4119 946 4192 ἄρχοντος
973 4120 1159 4192 prosectarum
1177 4119 1276 4175 Mattb.
1300 4126 1339 4183 15,
1355 4139 1379 4173 v.
1403 4124 1426 4175 2.
1447 4119 1532 4174 Marc.
1554 4127 1577 4189 1,
1598 4137 1623 4176 r.
1637 4125 1661 4176 3.
1682 4125 1735 4174 etc.
1752 4136 1807 4175 non

118 4214 156 4262 rat
180 4210 246 4270 roric
271 4206 441 4267 incestuose
458 4222 510 4260 σου
529 4208 558 4261 ἐν
579 4207 755 4282 δικαιοσύνῃ,
782 4206 867 4277 Vulg.
893 4224 945 4276 po·
974 4207 1167 4278 intelliguntur
1187 4206 1306 4260 seniores
1323 4205 1434 4277 populi,
1454 4222 1605 4261 assessores
1625 4205 1757 4276 synedrii,
1777 4213 1809 4259 ut

117 4313 176 4349 sam
198 4293 380 4365 praepositos
405 4300 467 4348 taos
487 4294 644 4362 justitiam,
670 4294 698 4348 id
725 4297 768 4348 est
785 4290 944 4363 praeficiam
976 4292 1088 4365 quidam
1105 4297 1238 4356 statuunt,
1258 4291 1307 4346 sed
1320 4291 1445 4346 doctores
1464 4298 1579 4360 veteres,
1600 4308 1668 4363 quos
1681 4289 1806 4346 Christus

117 4379 161 4435 trbi
174 4380 247 4436 tales
262 4380 397 4444 doctores,
410 4379 458 4450 qui
470 4396 503 4435 ex
521 4379 666 4450 evangelio
678 4395 774 4451 pacem
782 4378 946 4433 annuntient
974 4385 1056 4435 vocat
1073 4378 1205 4450 ἀρχαίους
1222 4376 1323 4432 Mattb.
1342 4384 1372 4446 5,
1393 4396 1417 4435 v.
1435 4383 1477 4434 21.
1498 4384 1539 4433 21.
1561 4384 1602 4434 33.
1625 4382 1676 4433 etc.
1715 4376 1808 4431 Phari·

118 4473 140 4522 et
163 4483 257 4522 reram
280 4464 489 4536 justificationis
513 4465 586 4520 viam
614 4463 665 4519 tibi
689 4464 844 4520 ostendant.
888 4464 944 4517 Sed
975 4468 1032 4521 saei
1048 4465 1120 4521 enim
1141 4479 1197 4518 non
1214 4464 1336 4518 contenti
1354 4470 1434 4518 erant
1453 4464 1556 4534 scripto
1574 4464 1626 4521 Dei
1647 4463 1739 4526 verba
1759 4463 1808 4517 ced

119 4550 288 4608 inHebraeo
311 4540 431 4621 astrati,
449 4550 523 4622 quod
549 4549 688 4621 significat
705 4550 877 4606 collectorem
899 4550 947 4604 tri·
975 4551 1146 4623 adjiciebant
1177 4549 1266 4605 eidem
1298 4549 1461 4604 traditiones
1498 4549 1660 4622 ἀγράφους,
1694 4562 1763 4617 quas
1792 4563 1809 4599 a

119 4637 256 4707 batorum,
297 4642 453 4692 exactorem
488 4641 554 4691 ete:
592 4638 718 4717 Ponam.
742 4654 853 4690 cosmam
890 4638 947 4689 sive
975 4638 1125 4709 majoribus
1154 4635 1294 4706 profectas
1320 4634 1467 4699 dicebaut,
1498 4634 1619 4706 quinimo
1649 4631 1686 4685 ad
1717 4630 1807 4700 ipsum

120 4725 321 4796 oppressionem
334 4730 410 4776 taam
418 4739 520 4792 pacem
535 4729 560 4775 et
572 4729 715 4776 martores
727 4730 790 4775 tuos
801 4723 947 4789 iristitiam,
975 4723 1091 4794 Moysen
1098 4721 1276 4794 decriptione
1288 4720 1350 4774 illas
1359 4737 1409 4775 ceu
1416 4720 1452 4774 ad
1458 4720 1576 4790 primum
1585 4734 1617 4773 ac
1626 4716 1806 4788 praecipuum

119 4809 142 4864 id
161 4817 203 4866 est
221 4810 357 4864 hactenus
375 4807 550 4878 tyrannidem
568 4824 651 4879 passa
669 4826 698 4863 as
716 4808 752 4863 ab
773 4806 900 4861 omnibus
919 4813 947 4863 et
977 4826 1070 4865 eorum
1089 4813 1229 4862 auctorem
1244 4806 1419 4876 revocabant,
1438 4804 1556 4860 testibus
1568 4803 1692 4875 Josepho
1704 4802 1752 4859 lib.
1768 4807 1806 4857 18.

119 4895 214 4968 injuste
229 4899 361 4964 tractata
381 4911 454 4949 nunc
466 4910 529 4950 vero
548 4894 584 4949 ab
604 4893 830 4966 oppressionibus
847 4901 875 4948 et
891 4911 946 4948 ser·
975 4894 1105 4965 antiquit.
1124 4911 1145 4949 c.
1168 4899 1205 4949 18.
1226 4892 1359 4948 Galatiae
1377 4892 1423 4946 lib.
1445 4899 1465 4947 1.
1485 4891 1519 4946 de
1537 4907 1592 4946 arc.
1610 4889 1711 4945 cathol.
1729 4889 1808 4944 verit.

119 4981 246 5037 vitutibus
275 4997 331 5052 pax
363 4980 421 5034 sive
452 4981 529 5051 quies
562 4980 687 5049 dabitur,
718 4980 850 5035 succedet
881 4996 948 5034 vera
976 4999 1000 5038 c.
1019 4987 1042 5037 2.
1062 4987 1090 5035 et
1107 4979 1176 5035 aliis.

119 5063 233 5137 lrboetas,
250 5071 279 5122 ct
296 5082 348 5137 pro
368 5065 557 5121 exactionibus
573 5066 683 5135 justitia
700 5065 878 5121 exercebitur.
1011 5073 1051 5122 29.
1087 5066 1127 5120 Ex
1149 5064 1231 5119 dictis
1259 5063 1433 5134 scripturae,
1453 5062 1481 5114 in
1499 5061 1601 5132 quibus
1617 5061 1808 5133 episcoporum

55 5139 101 5237 ξῖ*
151 5159 190 5210 28.
228 5158 253 5209 2.
271 5150 468 5224 Πρεσβύτεροι,
485 5152 647 5220 presbyteri
664 5153 722 5206 sive
741 5152 874 5208 seniores.
907 5152 948 5205 Ex
976 5160 1005 5207 et
1022 5151 1245 5223 presbyterorum
1263 5149 1295 5203 fit
1312 5148 1422 5216 mentio,
1440 5147 1583 5202 evidenter
1600 5148 1752 5218 colligitur,
1779 5147 1808 5201 in

121 5245 141 5295 1.
160 5239 231 5295 'lina
252 5245 276 5303 5,
294 5254 320 5294 v.
336 5244 382 5294 ll:
404 5237 461 5300 eat
479 5238 545 5290 bene
559 5245 697 5307 praesunt
712 5239 878 5306 presbyteri,
897 5240 948 5291 du·
977 5238 1093 5292 ecclesia
1111 5235 1266 5307 apostolica
1284 5234 1395 5290 eosdem
1413 5233 1498 5289 fuisse
1517 5234 1605 5289 dictos
1619 5234 1762 5304 episcopos
1781 5241 1810 5287 et

115 5325 184 5393 plici
198 5325 304 5380 bonore
320 5323 404 5391 stipsi
425 5323 594 5391 habeantur,
614 5325 733 5378 manime
751 5325 802 5394 «pri
817 5325 949 5378 laborent
976 5323 1167 5395 presbyteros,
1196 5321 1298 5375 Paulus
1315 5319 1388 5374 enim
1408 5320 1540 5375 ecclesiae
1559 5318 1715 5389 Ephesinae
1729 5335 1809 5387 pres·

118 5411 145 5464 ia
165 5411 248 5466 sorbo
270 5417 296 5464 et
313 5407 459 5478 ἀοοιποο,
484 5407 578 5480 colligi
597 5415 703 5480 potest,
720 5410 844 5480 duplices
863 5409 948 5466 fuisse
961 5378 966 5459 i
979 5412 1088 5478 opteros
1100 5412 1182 5464 vocat
1194 5405 1346 5476 episcopos,
1364 5406 1458 5462 Actor.
1477 5411 1519 5475 20,
1533 5421 1558 5459 v.
1575 5410 1616 5461 28.
1629 5404 1658 5458 in
1669 5405 1810 5480 ἐπιγραφῇ

163 5503 331 5549 neumae
355 5501 393 5549 rr
1455 5513 1470 5564 2
