4020 6014
173 162 234 241 sss
748 147 872 209 nocua
888 145 1093 221 mouimus
1113 145 1294 223 sumnus
1330 157 1336 166 ·

171 305 339 363 Posterioris
363 304 461 360 classis
486 303 608 359 mendici
629 306 685 358 nbn
710 309 777 358 sunt
809 303 838 356 in
868 301 1020 373 republica*
1034 301 1140 354 inertia
1159 319 1193 355 aa
1212 301 1331 369 torpedo
1348 297 1489 367 ptmttta
1509 294 1671 351 detrimenti
1687 295 1771 362 affert
1789 310 1873 361 quam

172 392 318 461 tolerandi,
340 398 362 447 l.
384 391 451 462 quia
470 408 539 446 vera
562 389 733 461 pauperibus
752 389 909 444 necessaria
925 403 1005 458 prae·
1018 341 1021 443 1
1032 387 1184 456 industria,
1205 384 1312 442 Gellius
1330 385 1349 442 l.
1373 391 1411 441 10.
1425 390 1498 440 noct.
1516 382 1602 438 Attic.
1613 399 1675 452 cap.
1694 386 1716 436 1.
1743 386 1767 435 2.
1796 378 1872 434 Otio-

172 479 290 550 ripiunt,
310 477 384 549 quod
404 477 477 531 enim
497 476 557 531 illos
576 493 675 547 capere
694 474 855 546 oportebat,
874 474 901 527 hi
921 454 1021 530 inter-¹
1033 490 1078 528 sos
1097 473 1240 543 apostolus
1266 470 1334 526 dicit
1355 476 1517 540 περιπατεῖν
1539 466 1660 527 ἀτάκτως
1683 472 1708 522 2.
1729 467 1827 521 Thess.
1848 471 1874 533 3,

172 563 286 636 cipiunt
319 569 344 618 2.
370 562 552 618 Voluntariae
576 563 622 616 isti
647 561 818 616 mendicitati
843 559 945 614 assueti
970 558 1006 612 ad
1032 576 1059 614 r.
1079 564 1103 615 6.
1119 559 1179 629 jam
1196 575 1261 613 vero
1276 557 1364 612 omnis
1380 555 1476 618 ἀταξία
1491 554 1688 625 amagistratu
1699 553 1873 624 corrigenda,

171 649 247 704 furta
271 655 300 702 et
318 648 430 718 rapinas
449 647 530 702 facile
549 653 711 715 transeunt,
741 647 816 700 unde
833 646 916 700 Plato
943 644 1006 701 libr.
1033 645 1195 700 Aristoteles
1227 644 1276 698 lib.
1304 649 1327 697 3.
1356 643 1458 714 politic.
1488 659 1511 695 c.
1539 647 1560 696 l.
1590 647 1613 695 3.
1644 640 1732 695 Otiosi
1759 639 1874 693 tandem

173 740 196 792 8.
217 735 252 790 de
270 733 378 804 republ.
408 733 491 803 dicit,
516 734 746 797 insuavitate,
775 734 805 786 in
832 750 889 802 qua
908 731 1008 784 uideas
1033 730 1209 801 adinopiam
1229 730 1407 802 rediguntur,
1425 729 1626 798 Proverb.·t‹t,
1643 746 1670 784 v.
1689 733 1731 782 31.
1753 725 1768 793 ἡ
1788 725 1874 797 ἀργία

171 822 330 890 mendieos,
355 820 458 873 ibidem
478 837 536 873 esse
552 821 649 884 sures,
668 821 791 872 latebras
809 817 1008 887 quaeritantes,
1034 823 1080 887 τῆς
1103 818 1212 879 ἐνδείας
1229 815 1335 890 μήτηρ,
1366 817 1435 871 (11ο11
1461 816 1586 888 ignatius
1605 815 1685 885 epist.
1705 822 1727 869 t.
1749 814 1785 867 ad
1805 814 1872 868 Tar-

171 915 302 976 stctores,
319 907 475 976 sacrilegos
495 914 521 959 et
542 906 705 975 hujusmodi
720 906 856 959 scelerum
876 905 1008 971 artifices.
1036 922 1107 960 sens.
1147 904 1203 960 Sed
1221 904 1257 958 ad
1274 904 1468 974 magistratum
1486 903 1608 973 pertinet
1626 901 1744 956 fortunis
1772 901 1873 956 civium

173 992 256 1049 Corn.
275 993 403 1064 Agrippa
422 991 558 1047 devenit.
578 991 674 1046 scient.
696 1008 757 1062 cap.
779 997 820 1046 bb.
842 989 935 1044 multis
947 1006 1009 1059 pro·
1034 990 1188 1060 providere.
1226 997 1252 1046 t.
1269 989 1404 1060 Exempla
1420 988 1672 1043 laudatissimorum
1689 977 1873 1058 rerumpubli-

174 1078 238 1144 bat,
268 1078 338 1133 tales
367 1077 555 1132 mendicantes
584 1076 754 1131 infinitorum
784 1076 919 1131 malorum
948 1091 1009 1129 essa
1036 1093 1131 1130 carum
1154 1076 1227 1131 idem
1253 1076 1442 1146 comprobant
1484 1074 1595 1129 Amasis
1613 1073 1739 1144 Aegypti
1764 1089 1812 1126 rex
1836 1072 1873 1127 le·

173 1171 309 1220 auctores.
354 1169 378 1220 3.
409 1163 544 1234 Exempla
570 1164 640 1218 bene
669 1163 880 1217 constitutarum
907 1178 1010 1216 rerum·
1035 1180 1099 1234 gem
1126 1163 1259 1233 sancivit,
1285 1172 1316 1217 ut
1342 1163 1450 1233 rinpuli
1480 1162 1629 1232 quotannis
1656 1162 1737 1231 apud
1763 1177 1875 1212 namar-

173 1251 348 1322 publicarum
375 1250 498 1304 adducta
524 1267 541 1304 a
568 1249 726 1304 Camerario
753 1257 825 1320 part.
857 1255 880 1305 1.
909 1248 1008 1304 succis.
1035 1250 1118 1314 aben,
1148 1249 1200 1303 hoc
1228 1255 1271 1304 est
1298 1248 1490 1318 praefecturae
1517 1247 1688 1318 praesidem,
1707 1247 1874 1315 profiteren-

173 1338 270 1395 histor.
291 1355 351 1408 cap.
374 1343 413 1392 16.
432 1337 550 1400 docent,
568 1335 706 1406 quomodo
727 1353 791 1389 cum
809 1335 913 1389 talibus
935 1351 1008 1388 men·
1035 1343 1098 1402 tur,
1115 1338 1190 1388 unde
1208 1336 1339 1402 oiument,
1357 1335 1408 1403 qui
1426 1342 1518 1387 autem
1539 1334 1590 1387 boc
1608 1352 1664 1386 non
1682 1335 1806 1398 formet,
1823 1339 1873 1383 aut

174 1424 245 1478 dicis
271 1423 421 1496 agendum.
458 1422 540 1477 Plato
564 1422 582 1475 1.
610 1427 649 1477 11.
674 1423 709 1475 de
734 1421 819 1492 legib.
847 1422 876 1474 in
899 1437 951 1474 sua
968 1437 1009 1474 re·
1035 1438 1123 1489 penus
1147 1422 1222 1474 uitae
1242 1420 1377 1490 praesidi
1401 1421 1561 1492 approbare
1585 1437 1642 1472 non
1661 1427 1775 1488 posset,
1809 1419 1873 1470 huic

174 1508 288 1580 publica
306 1509 389 1563 talem
408 1509 498 1580 legem
517 1507 595 1562 tulit:
622 1509 712 1561 Nema
730 1508 760 1559 in
779 1516 878 1560 nostra
898 1506 1010 1559 ciuitate
1032 1524 1128 1575 poena
1149 1516 1301 1562 extremum
1317 1508 1489 1576 supplicium
1507 1515 1584 1574 eard,
1602 1505 1760 1560 Herodotus
1781 1503 1829 1557 lib.
1850 1510 1873 1558 2.

172 1596 317 1650 mendicus
336 1604 403 1649 esta.
438 1594 538 1649 Exstat
555 1593 647 1648 Caroli
662 1594 759 1664 Magni
778 1592 955 1660 constitutio,
980 1592 1008 1644 in
1035 1609 1100 1664 pag.
1126 1599 1167 1648 76.
1203 1592 1285 1648 Hanc
1307 1593 1398 1664 legem
1424 1592 1534 1646 Amasis
1561 1591 1597 1645 ab
1616 1591 1765 1662 Aegyptiis
1790 1589 1873 1645 Solon

173 1697 230 1752 qua
248 1680 382 1735 mendicis
399 1675 560 1750 palantibus
573 1696 606 1734 ac
624 1678 801 1749 vagabundis
821 1678 910 1732 vetuit
927 1678 1008 1749 quip·
1035 1684 1178 1732 mutuatus
1191 1679 1307 1734 eandem
1321 1678 1538 1733 Atheniensibus
1556 1677 1679 1744 tradidit,
1697 1677 1785 1747 ipsius
1800 1676 1874 1730 enim

172 1783 256 1845 qnam
273 1766 371 1835 tribui,
404 1782 543 1837 quamque
564 1767 704 1836 regionem
724 1782 787 1818 suos
806 1765 903 1834 inopes
925 1765 1007 1826 alere,
1034 1763 1103 1818 haec
1129 1765 1182 1819 fuit
1209 1766 1266 1818 lex:
1294 1763 1380 1835 ἀργὸς
1399 1766 1437 1832 τῷ
1457 1767 1539 1817 παντὶ
1560 1771 1724 1834 κατηγορεῖν
1748 1765 1873 1818 ἐθέλοντι

172 1868 254 1908 sanos
272 1869 304 1907 ac
322 1851 429 1906 validos
447 1850 543 1905 labore
563 1852 666 1904 victum
686 1867 819 1922 quaerere
843 1867 877 1904 ac
897 1850 1003 1904 deside·
1036 1848 1167 1910 ὑπόδικος
1184 1850 1267 1919 ἔστω,
1300 1852 1350 1919 qui
1369 1851 1510 1903 desidiam
1528 1858 1648 1903 sectatus
1676 1857 1730 1919 est,
1760 1850 1873 1903 cuilibet

171 1939 212 1993 rio
230 1937 358 1993 sufficere
376 1955 474 1991 manus
491 1937 584 2007 jussit.
614 1935 717 1990 Similis
734 1935 788 1989 tuit
805 1935 849 1990 lex
869 1934 1007 2002 Gratiani,
1035 1937 1182 1989 armorui
1198 1945 1258 1990 esto
1280 1936 1422 1990 conamur.
1458 1934 1550 1989 Draco
1568 1935 1747 1990 Atheniensis
1770 1934 1798 1988 in
1817 1936 1873 1988 suis

164 2023 361 2087 ,Valentiniani
380 2032 408 2078 et
418 2022 567 2078 Theodosii
584 2021 789 2092 imperatorum,
808 2037 879 2091 quae
899 2022 1001 2076 inserta
1035 2021 1144 2092 legibus
1167 2038 1291 2090 paenam
1317 2023 1416 2076 ntortis
1446 2022 1475 2075 in
1503 2022 1605 2076 otiosos
1634 2021 1740 2075 statuit.
1787 2021 1873 2092 Apud

173 2115 216 2166 ost
239 2108 328 2164 codici
355 2108 508 2164 lastiniani
534 2106 586 2161 sub
616 2108 696 2161 titulo
729 2106 763 2161 de
786 2106 1009 2161 mendicantibus
1036 2107 1271 2162 Lacedaemonios
1291 2107 1417 2178 Lycurgi
1435 2107 1546 2178 legibus
1566 2114 1677 2161 cautum
1691 2114 1759 2175 erat,
1778 2116 1809 2160 ut
1823 2109 1871 2175 ju-

173 2195 281 2252 validis.
317 2194 350 2248 ln
367 2195 455 2249 veteri
477 2194 598 2265 quodam
623 2194 758 2248 versiculo
784 2193 1007 2247 mendicantibus
1036 2202 1134 2248 uentus
1151 2194 1295 2248 laboribus
1319 2202 1502 2248 exerceretur.
1537 2194 1726 2264 Areopagitae
1748 2195 1777 2246 in
1790 2194 1873 2261 judi-

172 2278 229 2334 illis
245 2279 346 2334 validis
358 2280 476 2351 jubetur
494 2279 575 2349 panis
596 2279 656 2333 dari
675 2284 703 2333 et
721 2280 800 2350 quasi
821 2296 872 2350 pro
891 2279 1006 2334 obsonio
1035 2280 1108 2332 aium
1131 2281 1269 2333 uocabant
1289 2279 1351 2342 τούς
1369 2277 1408 2353 μὴ
1436 2279 1465 2332 ἔκ
1490 2298 1564 2340 τινος
1586 2284 1748 2350 περιουσίας
1765 2282 1873 2346 ζῶντας,

172 2381 284 2437 pugnus
301 2366 433 2437 impingi:
1039 2383 1101 2431 eos,
1130 2367 1182 2435 qui
1205 2365 1293 2418 nullia
1315 2365 1502 2432 facultatibus
1528 2366 1703 2419 victitabant.
1752 2367 1874 2418 Tamdiu

282 2485 311 2540 ν
876 2485 906 2537 ν

172 2621 215 2677 Ex
232 2640 287 2694 quo
307 2622 389 2678 lacile
408 2623 564 2694 colligitur,
593 2622 660 2694 quid
685 2621 721 2676 de
741 2622 882 2677 monacbis
903 2622 1007 2676 mendi·
1035 2620 1121 2678 horol.
1139 2623 1256 2694 princip.
1278 2640 1338 2694 cap.
1365 2629 1389 2680 2.
1428 2623 1483 2679 Sed
1502 2624 1570 2695 quid
1587 2579 1736 2695 peregrina
1755 2634 1783 2680 et
1802 2642 1869 2695 gen-

172 2708 301 2763 eantibus
319 2708 355 2763 sit
373 2709 558 2764 statuendum.
596 2707 697 2764 Petrus
723 2708 757 2764 de
783 2709 892 2763 Alliaco
920 2708 1008 2763 cardi·
1034 2709 1096 2762 tilia
1113 2709 1380 2763 commemoramus?
1398 2717 1509 2780 praesto
1533 2718 1576 2764 est
1599 2710 1642 2766 lex
1660 2710 1714 2765 Dci
1737 2711 1871 2781 antiquis-

173 2792 246 2849 nalis
258 2794 287 2849 in
305 2794 414 2851 reform.
427 2794 525 2849 eccles.
547 2794 576 2849 in
593 2811 653 2866 cap.
673 2795 708 2850 de
724 2795 863 2850 reformat.
882 2794 1006 2865 religion.
1034 2793 1105 2848 sima
1123 2793 1223 2850 Genus.
1244 2802 1268 2859 3,
1285 2811 1312 2851 v.
1333 2800 1381 2850 19:
1400 2796 1438 2848 In
1455 2797 1560 2849 sudore
1579 2797 1672 2850 uultus
1690 2796 1734 2849 tui
1751 2798 1871 2850 vesceris

172 2880 338 2935 uurie'tatem
357 2881 437 2936 illam
455 2881 655 2935 monachorum
677 2883 892 2946 reformandam
911 2890 937 2934 et
955 2881 1009 2934 ali-
1031 2899 1107 2950 pane
1125 2890 1179 2936 tua.
1216 2881 1318 2935 Psalm.
1339 2886 1404 2946 128,
1422 2899 1447 2936 v.
1465 2888 1494 2936 2:
1512 2883 1637 2935 Labores
1658 2901 1789 2936 acaunum
1807 2892 1871 2936 tua·

173 2983 243 3036 quos
274 2967 415 3022 tollendos
444 2968 609 3033 arbitratur,
638 2967 705 3037 quia
732 2969 806 3020 unsa
835 2967 1008 3038 pauperibus
1033 2985 1097 3020 rum
1120 2969 1314 3023 manducabis.
1362 2967 1440 3022 Deus
1465 2967 1534 3021 nihil
1562 2968 1642 3021 otiosi
1666 2969 1695 3021 in
1717 2976 1775 3023 toto
1791 2969 1872 3023 'orbe

172 3053 290 3108 nimium
317 3055 448 3122 officiant
473 3061 612 3122 totamque
640 3055 842 3122 rempublicam
872 3052 1008 3107 Cbristia·
1033 3054 1094 3108 vult
1113 3052 1200 3122 ferre,
1223 3053 1386 3107 sublunaria
1409 3054 1502 3108 omnia
1526 3071 1590 3108 suas
1615 3053 1720 3109 habant
1738 3056 1870 3110 constitu-

172 3157 239 3194 nam
256 3139 410 3194 molestent.
445 3138 531 3209 Apud
551 3139 692 3195 Socratem
711 3139 759 3196 lib.
779 3146 803 3195 8.
822 3156 882 3209 cap.
903 3145 926 3194 1.
944 3138 1007 3194 hist.
1034 3146 1078 3195 tas
1096 3156 1201 3210 operas.
1220 3140 1314 3211 angeli
1332 3140 1386 3210 ipsi
1403 3141 1439 3193 ad
1457 3141 1630 3195 voluntatem
1655 3141 1777 3195 divinam
1796 3159 1870 3196 erse-

172 3222 238 3296 trip.
267 3223 399 3279 recitatur
429 3223 530 3280 veteris
563 3224 710 3296 cujusdam
737 3223 865 3279 monachi
896 3225 1008 3296 dictum,
1035 3226 1175 3297 quendam
1206 3227 1296 3296 parati
1321 3227 1462 3283 assistunt.
1502 3227 1588 3280 Plura
1616 3228 1645 3280 in
1668 3225 1738 3281 hanc
1763 3235 1872 3280 senten·

172 3310 248 3381 quod
271 3309 465 3365 hodiernorum
489 3309 635 3365 instructio
660 3327 720 3367 essa
749 3315 872 3381 poterat:
904 3311 1008 3364 Mona·
1033 3313 1100 3367 tiam
1113 3314 1229 3367 tradunt
1243 3311 1417 3367 Camerarius
1428 3320 1499 3382 part.
1516 3320 1621 3383 iopen.
1634 3313 1741 3368 subsec.
1755 3330 1816 3383 cap.
1833 3320 1874 3368 15.

172 3398 240 3452 ebus
257 3398 315 3451 nisi
332 3405 463 3467 operatus
479 3396 577 3460 tuerit
596 3398 662 3461 furi
671 3397 825 3465 judicatur
844 3398 982 3466 aequalis.
1034 3398 1148 3454 Aretias
1163 3406 1233 3468 part.
1253 3405 1279 3456 2.
1297 3400 1431 3469 problem.
1451 3405 1508 3455 138.
1522 3405 1550 3454 et
1564 3399 1628 3468 alii;
1647 3399 1874 3470 distinguendum

44 3490 114 3534 utin
207 3471 266 3547 229.
303 3481 452 3547 Quaeritur
470 3488 494 3537 5.
528 3483 576 3535 An
595 3483 680 3537 otiosi
698 3484 728 3535 in
747 3484 894 3550 republica
908 3485 1008 3552 seren
1035 3493 1129 3540 tamen
1148 3487 1223 3538 inter
1241 3487 1326 3539 otium
1347 3487 1491 3539 honestum
1504 3503 1538 3538 ac
1557 3486 1727 3553 literarium,
1746 3503 1779 3539 ac
1792 3495 1874 3554 turpe

45 3544 77 3634 1⁰?
80 3543 119 3635 22¹
173 3570 226 3624 dit
243 3568 308 3629 Non
324 3569 366 3623 illi
383 3569 491 3624 ferendi
510 3575 583 3637 sunt,
602 3569 653 3624 sed
674 3569 751 3639 leges
769 3575 866 3624 contra
885 3569 947 3627 illos
965 3570 1004 3626 fe·
1037 3581 1062 3625 et
1089 3571 1262 3624 inhonestum
1288 3572 1383 3625 otirtm.
1416 3572 1450 3625 ln
1477 3571 1533 3626 otio
1559 3571 1681 3626 literaria
1701 3572 1748 3642 qui
1768 3572 1874 3637 vivunt,

77 3646 139 3686 nitas

69 3695 152 3739 rendli

172 3655 288 3711 rendae:
311 3661 332 3710 1.
352 3654 418 3726 quia
437 3655 524 3710 ouum
542 3655 625 3710 docet
642 3656 714 3709 mala
732 3654 827 3724 multa,
847 3673 919 3727 quae
936 3673 1007 3712 rem·
1036 3657 1177 3734 imperitis
1197 3657 1278 3712 otiari
1302 3658 1447 3720 videntur,
1477 3676 1541 3712 aum
1565 3659 1621 3712 sint
1638 3658 1760 3712 omnium
1781 3658 1867 3712 homi-

172 3739 314 3812 puhlieam
334 3740 455 3797 turbant
480 3740 586 3807 Ρολλὴν
608 3747 709 3795 κακίαν
731 3741 860 3804 ἐδίδαξεν
879 3742 894 3809 ἡ
915 3741 1008 3814 ἀργία,
1021 3768 1024 3813 i
1037 3761 1102 3797 num
1122 3744 1334 3817 occupatissimi.
1369 3744 1421 3797 Est
1445 3745 1527 3800 etiam
1552 3743 1693 3815 quoddam
1711 3745 1760 3798 otii
1777 3762 1874 3815 genus,

172 3824 264 3897 inquit
283 3824 393 3896 sapiens
410 3824 516 3881 Eccles.
539 3832 587 3890 33,
611 3845 636 3879 v.
658 3832 700 3883 29.
718 3825 804 3900 ἀργὸς
825 3832 938 3896 πολίτης
955 3822 1071 3884 nsi-'ex
1098 3848 1153 3900 quo
1180 3831 1245 3905 boni
1276 3831 1428 3900 paratiores
1457 3831 1611 3884 redduntur
1629 3830 1664 3882 ad
1685 3829 1796 3899 publica
1814 3848 1872 3883 mu·

173 3932 228 3985 νος,
247 3910 277 3973 ὃς
297 3910 379 3972 κακός
393 3908 498 3985 γ’ἀνήρ,
513 3912 774 3982 inquitEuripides;
794 3919 874 3968 τίκτει
891 3916 946 3992 γὰρ
964 3913 1008 3968 οὐ·
1036 3932 1103 3969 nera
1135 3915 1272 3970 abeundo.
1327 3915 1457 3987 Denique
1489 3921 1531 3969 est
1566 3924 1690 3968 sanctum
1728 3918 1872 3983 quoddam

173 3997 436 4074 dlrtatlbrslnata
450 3995 634 4068 σχολὴ,ατ’ίιι“ί
643 4001 709 4053 boui
713 4000 794 4072 parit
814 4001 897 4053 inane
916 4003 1010 4066 otium,
1037 4005 1134 4070 aliurn,
1163 4019 1217 4073 quo
1244 4001 1412 4057 sabbathum
1436 4003 1497 4056 Deo
1523 4001 1694 4056 celebramus
1718 4007 1746 4055 et
1771 4002 1807 4055 ab
1828 4019 1872 4057 ex-

173 4084 266 4156 inquit
294 4083 444 4154 Sophocles
473 4086 502 4138 in
529 4084 685 4156 Iphigenia
721 4085 841 4140 Basilius
866 4085 960 4141 homil.
986 4094 1009 4142 l.
1036 4088 1122 4144 ternis
1149 4087 1280 4160 operibus
1307 4104 1447 4158 vacamus,
1472 4095 1504 4141 ut
1522 4087 1635 4143 interior
1663 4086 1744 4143 homo
1775 4088 1871 4142 aedifi-

173 4170 297 4226 hemum.
320 4175 403 4225 vocat
421 4169 492 4223 illud
502 4171 613 4224 initium
628 4179 653 4224 et
665 4173 848 4226 serninarium
862 4175 1010 4242 stratorum,
1036 4183 1121 4230 cetur.

174 4255 353 4312 Bernhardus
380 4255 442 4312 libr.
462 4262 486 4313 2.
511 4256 546 4310 (1ο
566 4257 670 4310 consid.
700 4275 847 4311 rtouercam
870 4259 1025 4333 uirtutumq
1072 4267 1130 4317 230.
1166 4263 1238 4329 Res,
1267 4261 1302 4317 de
1322 4260 1423 4330 quibus
1441 4259 1573 4315 terendae
1599 4260 1691 4332 leges,
1718 4260 1873 4331 complures
1887 4249 2010 4339 1,)ζῇζῇ

174 4341 281 4399 Garson
297 4342 326 4396 in
339 4342 409 4398 libro
424 4343 459 4397 dc
482 4344 584 4399 remed.
598 4350 695 4398 contra
709 4343 838 4413 pusillan.
852 4362 1010 4400 cornaran·
1022 4340 1025 4436 1
1037 4353 1102 4401 sunt
1125 4365 1158 4400 ac
1182 4347 1315 4401 diversae.
1352 4344 1510 4400 Prohibere'
1530 4346 1603 4401 enim
1628 4346 1710 4401 debet
1727 4348 1872 4418 magistra-
1887 4352 1993 4391 reienses

172 4429 209 4482 tir
229 4430 286 4482 otia
304 4428 372 4483 dicit
389 4447 447 4483 esse
467 4431 559 4483 instar
575 4430 745 4497 molendini,
770 4432 846 4497 quod
868 4448 929 4483 cunt
956 4451 1011 4485 nou
1022 4476 1024 4507 Ι
1037 4441 1082 4487 tus
1100 4432 1219 4503 legibus,
1238 4432 1375 4503 quidquid
1393 4432 1439 4486 vel
1454 4433 1572 4500 pietati,
1598 4431 1644 4487 vel
1661 4435 1808 4498 honestati,
1828 4434 1872 4487 vel
1887 4405 1955 4452 ¹⁰⁸⁰*

172 4514 276 4568 babeat
301 4517 343 4567 ad
365 4515 526 4568 molendum
553 4517 649 4569 bonurn
663 4516 855 4584 frumentum,
890 4519 957 4584 quia
981 4518 1011 4569 in
1036 4520 1166 4589 publicae
1185 4518 1397 4588 tranquillitati,
1424 4519 1468 4571 vel
1488 4520 1589 4573 ciuium
1607 4521 1697 4574 saluti
1714 4526 1758 4575 est
1775 4521 1870 4575 adver·

172 4601 305 4653 continuo
340 4609 416 4654 motu
445 4609 499 4668 est,
529 4600 608 4654 molit
635 4608 661 4653 et
691 4602 826 4653 consumit
854 4620 884 4653 se
910 4604 1112 4677 s'psurn.3sum,
1138 4611 1235 4659 contra
1253 4620 1317 4659 vero
1337 4603 1472 4676 quidquid
1494 4604 1599 4660 isthaec
1632 4606 1725 4660 omnia
1753 4605 1797 4660 vel
1823 4606 1870 4660 ali-

175 4684 261 4767 biens
278 4687 364 4738 inerti
376 4687 433 4740 otio
446 4688 552 4751 dedita,
572 4687 651 4739 bartd
668 4703 736 4738 sane
754 4686 910 4755 quidquam
928 4689 1009 4742 bono·
1022 4708 1024 4719 ·
1037 4690 1102 4761 quid
1135 4706 1229 4745 eorum
1258 4695 1415 4760 promovet,
1447 4690 1572 4746 studiose
1595 4692 1756 4763 praecipere
1782 4699 1812 4746 et
1842 4693 1872 4745 iu

175 4787 238 4823 rum
253 4771 344 4840 parit,
364 4771 454 4843 inquit
471 4772 620 4842 imperator
637 4771 814 4828 lastinianus
838 4772 866 4825 in
888 4773 1234 4883 authentprempublicam
1256 4776 1435 4831 introducere.
1476 4778 1522 4834 Sic
1545 4780 1674 4834 convenit
1698 4779 1872 4850 magistratui

175 4856 210 4911 de
227 4856 353 4937 monach.
370 4864 401 4910 ut
419 4858 448 4910 in
465 4875 532 4927 agro
558 4857 662 4912 inculto
687 4863 840 4910 nascuntur
864 4857 960 4929 spinae
978 4877 1010 4913 ac
1021 4890 1024 4934 η
1035 4868 1099 4933 post
1116 4861 1241 4916 sedulam
1258 4861 1400 4934 religionis
1417 4871 1446 4918 et
1459 4864 1588 4934 justitiae
1609 4881 1704 4920 curam
1723 4864 1759 4918 dc
1777 4865 1871 4918 subdi-

174 4957 282 5014 vcpres,
300 4943 329 4996 in
347 4958 420 5013 aqua
438 4958 493 4997 non
510 4950 585 4998 mota
604 4958 724 5011 vermes;
744 4941 831 4996 sicin
851 4942 943 4997 anima
962 4942 1127 5011 holtorum
1152 4947 1228 5003 victu
1252 4954 1280 5004 et
1304 4949 1502 5005 sustentatione
1529 4949 1668 5006 solicitum
1694 4965 1761 5002 esse.
1802 4948 1872 5003 Cum

175 5027 257 5082 minis
281 5028 360 5082 otiosi
391 5045 494 5097 pravae
529 5029 713 5098 cogitationes
737 5028 772 5081 ad
792 5029 880 5082 omnis
899 5020 1109 5100 generisenim
1129 5034 1307 5104 magistratus
1326 5034 1435 5089 dicatur
1449 5045 1534 5104 puter
1556 5037 1670 5105 patriae
1696 5039 1724 5087 et
1741 5035 1872 5090 nutritius

174 5111 283 5197 flagitia
307 5113 488 5184 impellentes.
537 5115 601 5167 Vita
625 5115 749 5167 bumana
774 5122 804 5167 ut
830 5116 941 5176 serrum
960 5126 1009 5186 cst,
1036 5119 1224 5183 subditorum,
1255 5126 1287 5175 ut
1304 5120 1432 5190 superius
1450 5120 1504 5175 suit
1521 5125 1719 5188 monstratum,
1746 5120 1808 5176 ideo
1827 5139 1870 5175 eo-

175 5202 251 5269 quod
267 5201 296 5254 si
311 5217 455 5268 exerceas,
480 5217 533 5254 suu
557 5201 712 5254 eonmritur
730 5209 834 5254 etcum
857 5203 1009 5272 splendore
1021 5202 1023 5211 '
1036 5223 1110 5269 rum,
1139 5222 1211 5276 quae
1236 5206 1273 5259 ad
1290 5205 1465 5261 subditorum
1489 5205 1717 5261 srutentationem
1738 5215 1766 5261 et
1786 5225 1870 5261 anno·

170 5285 296 5365 quidem,
321 5287 365 5339 sin
390 5286 498 5354 minus,
516 5285 644 5354 rubipine
663 5286 806 5356 eruditum·
825 5288 866 5342 sic
883 5289 1008 5342 homines
1020 5252 1023 5395 Ι
1036 5309 1089 5346 uae
1109 5290 1295 5362 provisionem
1315 5296 1457 5360 spectant,
1476 5290 1637 5361 diligentem
1654 5307 1747 5345 curum
1768 5308 1871 5362 nequa·

58 5375 115 5419 m.
129 5374 161 5417 st.
175 5369 285 5453 bpnerte
303 5388 333 5424 se
349 5374 502 5426 remeando
514 5378 703 5441 conteruntur,
720 5373 748 5425 si
764 5392 820 5428 nan
837 5381 1008 5446 exercentur,
1020 5400 1023 5429 ε
1037 5392 1121 5446 quam
1141 5380 1223 5445 putet
1242 5394 1260 5431 a
1279 5393 1309 5431 se
1326 5374 1454 5445 ebenum,
1471 5391 1505 5430 ac
1524 5374 1640 5444 proinde
1662 5382 1685 5434 1.
1704 5377 1788 5433 debet
1799 5377 1874 5446 tapes
