4006 6022
643 348 696 404 DE
712 348 965 407 MAGIS'I'RA'IU
981 350 1168 408 POLITIOO.
1692 361 1753 417 345

52 504 253 565 aedificandae
273 505 372 555 domas
392 505 465 571 Dei,
489 503 564 572 quod
589 520 638 573 per
661 502 888 573 prosopopoeiam
916 505 1027 572 {cubeta
1046 506 1115 574 autb
1145 508 1189 561 ber
1216 506 1322 575 ilicibus
1349 508 1453 576 &orben
1475 507 1595 574 bmm'dge
1613 507 1754 575 ttcgmbtn

52 588 213 657 alloquatur
237 593 331 656 portas
356 589 455 642 domur
479 588 530 642 Dei
557 589 669 643 futurae
695 589 817 642 noudum
835 587 890 642 exi-
917 593 971 645 aab
990 597 1044 646 aas
1060 600 1113 646 toa
1136 591 1203 647 (hott
1233 592 1382 661 brisciano
1400 594 1481 648 tituta
1507 593 1662 660 ooqetrqm,
1699 592 1754 646 etue

54 678 168 727 stantes.
212 670 266 726 Sed
293 673 493 742 simplicissime
516 674 603 728 rerba
627 673 766 727 Dauidica
789 674 828 727 sic
846 689 890 726 ac·
918 677 1049 746 &mittiue
1066 676 1210 745 iiiiitatisn
1230 678 1374 746 aagdtcsstt
1391 694 1421 733 rc.

53 757 215 825 cipiantur,
236 758 309 827 quod
329 758 385 812 sint
402 758 500 812 sedula
516 775 550 813 ac
568 759 661 828 mavis
682 759 835 812 cohortatio
855 757 890 811 ad
955 768 1009 818 169,
1050 769 1074 817 2,
1093 764 1139 815 Ee
1158 764 1263 815 dictare
1280 763 1527 831 praedictionibus
1554 771 1578 815 rt
1594 762 1753 831 promiscis.
1766 762 1786 802 2
1800 764 1833 802 ΕΙ
1846 763 1881 801 dl·

54 858 152 897 omnes
173 844 364 915 cujuscunque
384 845 493 914 generis
518 852 547 898 et
560 845 735 900 'conditionis
758 844 891 904 homines,
919 847 1020 901 Psalm.
1054 853 1095 915 22,
1126 866 1152 903 v.
1184 855 1228 904 30.
1255 848 1440 918 praedicitur,
1472 847 1545 917 quod
1577 836 1754 922 ΠῈΓᾎΒῘἹ,
1768 814 1891 906 parapro-

54 929 215 998 cumprimis
242 945 306 983 vero
327 930 363 983 ad
387 930 565 1001 magistratus
585 931 704 998 directa,
732 936 764 984 ut
789 928 891 985 christi
916 936 1036 1003 pinques
1054 942 1157 1001 terroe,
1186 935 1329 990 Christum
1360 935 1514 987 adoromrr'
1546 950 1631 1003 seque
1660 913 1755 986 coram
1767 916 1883 1013 ffffl‘g

55 1015 212 1068 doctrinam
231 1015 374 1085 recipiant,
393 1023 487 1086 portas
505 1018 545 1071 illi
565 1016 692 1086 aperiant
711 1022 739 1070 et
759 1016 892 1071 ecelesiae
918 1020 980 1088 ipro
997 1019 1175 1073 incurvaturi
1191 1027 1270 1082 suat,
1293 1036 1344 1089 per
1362 1036 1431 1089 quos
1458 1019 1576 1088 pingues
1595 1019 1755 1088 intelligun·
1768 1021 1868 1068 ringus·

54 1100 207 1170 hospitium
226 1103 394 1171 concedant,
411 1104 485 1157 unde
499 1102 582 1156 LXX
598 1103 719 1172 interpr..
730 1101 892 1157 nominatim
921 1111 965 1158 tur
982 1105 1037 1172 illi,
1065 1105 1113 1176 qui
1132 1105 1257 1174 potentia
1274 1112 1302 1159 et
1319 1103 1501 1166 auctoritate,
1520 1102 1624 1158 honore
1641 1111 1669 1157 et
1687 1120 1755 1173 opu·
1768 1076 1850 1163 iiiii:

55 1186 93 1239 ad
106 1182 242 1258 ἄρχοντας
254 1187 384 1252 referunt,
397 1189 445 1257 qui
458 1188 494 1242 ob
507 1204 576 1259 quas
589 1203 687 1241 causas
699 1188 787 1256 portis
801 1185 893 1240 confe-
919 1190 1007 1243 lentia
1026 1190 1088 1244 aliie
1101 1190 1281 1258 antecellunt,
1301 1189 1402 1259 quibus
1423 1201 1598 1258 opponuntur
1610 1206 1755 1258 puerperas
1769 1176 1884 1266 ξᾛξω,

54 1277 162 1333 rantur,
185 1272 311 1343 superius
336 1270 362 1346 ξ
395 1279 432 1328 12.
462 1273 516 1326 tuit
543 1274 706 1344 expositum.
753 1271 800 1326 Sic
826 1287 893 1340 ergo
918 1284 944 1329 et
971 1277 1067 1342 quiin
1089 1276 1234 1344 puluerem
1256 1277 1434 1328 (ἰεεεεττάετττε.
1471 1275 1574 1328 Psalm.
1595 1280 1637 1337 47,
1656 1292 1683 1329 v.
1708 1280 1737 1328 lu
1750 1305 1756 1337 :
1770 1254 1803 1325 ⁴⁰⁷.
1817 1279 1883 1321 ute:

55 1374 90 1411 ex
123 1356 177 1410 hoc
205 1358 280 1412 dicto
311 1359 515 1412 concludimus:
549 1359 603 1422 Qui
626 1358 763 1427 jubentur
789 1356 893 1411 Christi
920 1361 1027 1435 :2³:77
1051 1362 1200 1429 optimates
1216 1361 1389 1429 populorum
1403 1361 1552 1426 appr-epoti
1568 1366 1632 1411 eunt
1646 1359 1756 1427 popolo
1770 1328 1884 1432 mxu.

56 1444 204 1512 evangelio
223 1443 313 1497 locum
335 1445 489 1516 relinquere
508 1449 536 1497 et
553 1443 747 1514 propagationi
774 1444 834 1512 ejus
854 1443 893 1496 in-
919 1447 1074 1515 Abrohom,
1094 1449 1157 1499 Deo
1176 1447 1333 1513 adjungent
1351 1462 1381 1499 se
1397 1446 1546 1512 praecidio
1558 1453 1660 1508 terrae,
1680 1445 1756 1496 veho·
1771 1433 1890 1533 2:⁰33&

56 1529 174 1593 servire,
202 1529 257 1582 illis
281 1546 348 1584 cura
366 1530 509 1601 religionis
529 1530 727 1596 demandatur,
756 1527 893 1599 quomodo
919 1541 1024 1586 mercer
1043 1533 1165 1586 elevator
1186 1540 1235 1599 est,
1258 1531 1365 1585 scilieet
1384 1530 1476 1598 Deus,
1493 1529 1576 1583 LXX
1594 1530 1706 1599 interpr,
1719 1530 1756 1583 ad
1770 1538 1829 1578 runt

56 1614 129 1669 enim
158 1621 271 1684 possent
298 1614 403 1685 absque
432 1616 572 1687 religionis
601 1632 667 1669 cura
695 1614 724 1669 in
757 1612 893 1683 evangelii
920 1625 1000 1672 scuta
1008 1623 1235 1688 seuprotectorcs
1244 1623 1335 1671 terrae
1345 1616 1525 1671 elevationem
1538 1616 1700 1684 retulerunt,
1711 1617 1755 1669 δτι.

56 1699 263 1769 praedicatione
289 1706 317 1754 et
340 1702 541 1771 propagatione
565 1700 756 1771 promovenda
783 1698 894 1753 Christo
920 1706 969 1758 τοῦ
984 1707 1053 1757 θεοῦ
1070 1706 1097 1757 οἱ
1116 1708 1240 1776 romaici
1252 1705 1298 1769 τῆς
1314 1707 1363 1772 γῆς
1382 1703 1495 1774 σφόδρα
1519 1700 1690 1775 ἐπήρθησαν,
1718 1702 1758 1755 ita

57 1785 210 1840 inservire?
230 1785 286 1839 Sed
305 1786 484 1856 magistratus
498 1787 634 1856 jubentur
653 1786 756 1840 Filium
777 1783 894 1837 osculari
906 1756 910 1838 i
922 1807 1033 1861 quoque
1050 1790 1160 1854 Latina,
1179 1791 1312 1857 quonium
1331 1790 1377 1842 ciii
1397 1790 1489 1855 sortes
1508 1796 1600 1840 terroe
1617 1788 1758 1841 schemen.

58 1878 87 1924 et
107 1873 165 1925 Deo
188 1872 304 1935 servire,
322 1872 376 1925 hoc
398 1879 440 1925 est
458 1872 559 1926 Christi
579 1871 724 1942 evangelio
742 1870 833 1924 locum
852 1885 894 1923 re·
923 1886 965 1930 tor
983 1878 1086 1930 cavati
1102 1884 1180 1940 aaut,
1210 1882 1241 1930 ut
1267 1882 1296 1929 et
1315 1873 1412 1931 Chald,
1432 1876 1565 1943 quoniam
1580 1891 1676 1928 corum
1695 1878 1758 1929 Deo

59 1958 185 2027 linquere
206 1964 235 2011 et
252 1958 445 2029 propagationi
464 1959 525 2028 ejus
543 1959 685 2013 inservire.
721 1958 806 2027 Ergo.
922 1970 1002 2015 scuta
1022 1965 1116 2016 terroe
1133 1963 1304 2015 vehementer
1323 1962 1449 2014 exaltato
1470 1969 1542 2014 mint.
1568 1961 1622 2017 Sed
1643 1961 1758 2015 verbum

13 2055 46 2117 {¹¹-
99 2051 154 2099 rte.
179 2043 316 2098 Addimus
337 2045 421 2100 etiam
441 2044 531 2099 locum
546 2044 728 2114 apostolicum
752 2051 772 2098 t.
785 2042 856 2096 Tim.
871 2046 896 2105 2,
923 2032 1002 2121 ῆξῖἒ
1025 2047 1138 2118 ponitur
1157 2047 1185 2100 in
1200 2046 1344 2117 singulari,
1364 2050 1392 2101 et
1405 2047 1433 2100 in
1447 2046 1573 2116 praeced.
1587 2047 1671 2101 verbo
1687 2035 1758 2120 V7'S,

10 2125 23 2177 .'
58 2147 84 2181 v.
106 2134 133 2183 l:
152 2131 299 2183 Adhortor
316 2131 421 2198 igitur,
440 2132 658 2198 obsecrationcc,
678 2132 830 2197 motiones,
843 2145 896 2196 po·
922 2141 965 2187 est
974 2116 1106 2187 accentus
1118 2132 1219 2202 Rebija
1232 2132 1349 2186 incisum
1362 2133 1452 2202 majus
1464 2131 1644 2197 constituens,
1658 2133 1759 2186 rectius

58 2215 224 2268 strictiores
246 2222 298 2271 etc.
319 2218 389 2285 fieri
409 2236 467 2286 pro
485 2219 611 2271 omnibns
634 2217 798 2284 hominibus,
818 2231 845 2270 v,
870 2218 895 2267 2.
921 2218 1007 2288 igitur
1017 2220 1149 2272 statuitur
1161 2218 1297 2288 quaedam
1308 2217 1421 2287 ellipsis,
1434 2218 1494 2270 Dei
1504 2217 1594 2285 ipsius
1607 2226 1760 2271 captacula

10 2311 30 2390 ξι
55 2319 112 2370 pro
131 2302 243 2368 ripuar
261 2310 286 2354 ot
299 2303 434 2370 omnibus,
452 2305 501 2371 qui
517 2305 547 2355 in
565 2304 737 2357 sublimitate
755 2301 897 2354 constituti
922 2313 1024 2372 terrae,
1039 2305 1092 2358 deo
1103 2303 1385 2358 adhaerebuntscuta
1396 2310 1496 2366 terrae,
1508 2302 1759 2373 relquodcommo·

10 2420 20 2444 u
58 2395 136 2449 sant,
163 2394 193 2440 ut
216 2389 339 2456 quietam
363 2397 390 2441 st
418 2388 604 2458 tranquillam
626 2390 712 2441 uitam
731 2405 847 2454 agamus
866 2386 896 2439 ir
922 2389 1759 2463 diusest,verbumlhqttgexpraecedentemembrorepeten-

59 2472 136 2547 πάσῃ
155 2473 278 2542 εὐσεβείᾳ
295 2479 341 2527 καὶ
360 2474 519 2547 σεμνότητι,
542 2477 573 2528 in
590 2475 667 2529 omui
683 2475 791 2544 pituita
807 2481 833 2525 et
848 2472 895 2525 lio-
923 2475 1070 2540 dum‚Deo
1083 2476 1369 2545 ipsiopprepebantur
1383 2483 1464 2539 scuta
1478 2475 1759 2543 tenuerittcnueri-

59 2567 173 2614 ncstate.
210 2559 255 2612 Ex
273 2577 305 2615 eo
322 2560 362 2615 sic
379 2560 585 2616 concludimus:
614 2560 669 2625 Qui
685 2558 750 2612 finis
773 2564 816 2612 est
834 2574 894 2627 pre·
921 2563 1309 2633 elevaturostDeusopcciea.
1325 2561 1760 2634 'ligurreddideruntquoaiam

57 2662 122 2700 cum
143 2662 194 2716 pro
212 2646 376 2717 magistratu
394 2663 412 2701 a
432 2646 597 2701 Christianis
624 2645 844 2712 fundendarum,
870 2644 894 2696 is
921 2647 1285 2715 diisprotcotoribasterrce
1296 2648 1516 2717 loupenrperior
1528 2655 1582 2712 est,
1593 2651 1761 2716 acceperunt

57 2736 143 2789 etiam
162 2732 224 2786 finis
243 2733 327 2787 debet
343 2749 403 2787 esse
421 2731 596 2803 magistratui
615 2732 643 2784 in
659 2749 708 2786 suo
727 2729 818 2785 officio
833 2746 894 2798 pro·
921 2716 1062 2805 0³:73⁸}
1091 2733 1158 2805 *77⁷7
1182 2749 1231 2803 per
1258 2733 1474 2802 appositionem,
1503 2732 1552 2786 sed
1578 2732 1607 2785 in
1637 2731 1759 2801 proxime
1845 2787 1847 2792 ,

58 2820 175 2890 positus.
214 2817 335 2872 Proinde
362 2819 385 2871 si
415 2817 454 2888 pii
485 2816 590 2871 subditi
617 2816 733 2870 solicitis
764 2815 894 2885 precibus
921 2818 1105 2888 praecedente
1123 2818 1261 2874 renuntia
1279 2804 1403 2893 Ε’ῑὺξξ
1426 2819 1461 2873 de
1484 2834 1549 2873 vero
1569 2818 1630 2872 Deo
1655 2817 1758 2886 accipi-

58 2906 153 2959 Denm
172 2904 301 2958 invocare
322 2903 437 2972 debent,
467 2910 499 2956 ut
519 2903 712 2974 magistratum
737 2907 817 2972 regat
834 2901 895 2971 Spi·
920 2910 974 2970 tur,
993 2909 1023 2958 et
1041 2920 1141 2976 scopus
1160 2904 1290 2973 ostendit,
1307 2920 1403 2959 verum
1422 2919 1455 2957 ac
1475 2903 1625 2974 genuinum
1646 2919 1757 2957 sensum

57 2992 115 3046 ritu
136 3007 186 3045 suo
206 2996 316 3059 sancto,
340 3007 395 3060 quo
418 2989 471 3043 snb
498 2990 558 3058 ejus
585 2987 674 3042 tutela
695 2992 724 3041 et
742 2986 894 3057 patrocinio
921 2990 996 3045 hunc
1014 3007 1089 3056 esse,
1114 2991 1188 3062 quod
1207 3008 1262 3045 non
1280 2990 1363 3061 pauci
1382 3005 1434 3044 nec
1451 2988 1555 3059 plebeji
1580 2989 1681 3056 solum,
1706 2987 1756 3041 sed

58 3077 246 3146 tranquillam
274 3084 299 3130 et
331 3076 452 3145 quietom
482 3076 570 3129 sitam
593 3075 622 3127 in
647 3074 724 3127 omui
742 3075 850 3143 pietate
870 3081 895 3126 ot
924 3077 1007 3131 etiam
1027 3093 1155 3146 proceres
1174 3084 1202 3133 et
1220 3077 1376 3147 optimates,
1404 3082 1483 3130 scuta
1501 3079 1530 3129 et
1547 3075 1641 3144 capita
1658 3080 1757 3139 terras,

57 3165 202 3216 houmtcte
227 3178 312 3230 opere
332 3163 459 3231 possim,
487 3160 584 3230 utique
610 3158 694 3214 etiarn
717 3158 895 3227 magistratus
923 3169 1066 3233 magnates
1085 3180 1118 3216 ac
1133 3168 1260 3232 potentes
1275 3162 1330 3216 sint
1342 3160 1481 3216 Christum
1493 3160 1624 3231 agnituri,
1642 3161 1756 3216 verbum

56 3252 118 3320 ipse
134 3264 184 3302 suo
202 3247 255 3302 hac
272 3248 301 3301 in
320 3251 400 3317 parte
418 3263 473 3301 non
493 3245 577 3300 debet
597 3245 693 3299 deesse
711 3243 810 3298 officio.
839 3243 894 3298 Sed
923 3249 984 3317 ejus
1009 3247 1147 3316 recepturi
1176 3251 1205 3301 et
1224 3263 1289 3301 vero
1313 3247 1374 3301 Deo
1397 3245 1529 3300 Abrahae
1560 3262 1609 3316 per
1632 3245 1757 3316 ejusdem

54 3335 140 3405 jubet
163 3333 302 3403 apostolus
335 3348 430 3403 preces
456 3331 509 3385 hoo
528 3330 583 3385 fine
608 3347 659 3400 pro
684 3330 851 3400 magistratu
877 3347 895 3384 a
921 3331 987 3387 fidei
1012 3330 1181 3386 consortium
1207 3348 1268 3387 sese
1287 3332 1422 3403 juncturi.
1458 3330 1559 3385 Psalm.
1585 3337 1632 3395 68,
1659 3349 1685 3383 v.
1706 3329 1789 3385 iffi&
1802 3330 1888 3370 aratu.

56 3420 178 3474 subditis
196 3417 272 3481 fieri,
302 3418 381 3471 utin
405 3417 510 3487 pietate
534 3422 562 3470 et
579 3416 725 3469 honestate
745 3413 895 3485 tranquille
923 3418 1007 3470 Dicit
1026 3419 1166 3471 Dominus
1187 3407 1294 3490 7222772,
1328 3433 1361 3470 ec
1381 3421 1497 3485 Basca,
1524 3417 1620 3469 redire
1638 3378 1892 3480 faciam.ir⁸r'dir²u⁸ri.

57 3512 87 3561 et
106 3506 199 3576 quiete
219 3504 271 3557 sub
290 3503 433 3558 scrivere
452 3503 567 3572 possint.
604 3502 679 3571 Ergo
706 3501 789 3555 etiam
808 3501 896 3571 magi·
923 3503 1041 3567 Quidam
1054 3503 1164 3573 proprie
1184 3503 1435 3573 accipiuntvocem
1453 3506 1555 3556 Busan
1575 3518 1624 3570 pro
1643 3501 1757 3573 regione
1770 3482 1861 3575 ξξξῖζζ,

57 3590 158 3646 suauri
180 3588 329 3656 incumbit,
347 3593 379 3642 ut
397 3587 472 3642 hunc
491 3587 573 3641 finem
594 3587 623 3640 in
643 3586 729 3640 officii
747 3587 789 3640 sui
809 3587 895 3641 admi·
923 3587 977 3657 Ogi
1000 3588 1074 3658 regis
1105 3589 1133 3642 in
1158 3594 1238 3658 parte
1264 3587 1450 3641 Moabitarum
1480 3592 1566 3657 atque
1595 3587 1639 3640 his
1665 3588 1757 3641 verbis

58 3676 223 3732 nistratioue
255 3675 307 3729 sibi
341 3673 493 3745 praefixum
526 3672 636 3727 habeat
682 3671 815 3728 Ulterius.
866 3672 895 3726 Si
922 3672 1056 3728 celebrari
1076 3674 1235 3728 existimant
1253 3675 1390 3744 insignem
1410 3673 1486 3727 illam
1504 3673 1654 3742 sictonam,
1673 3691 1755 3744 quam

57 3764 239 3833 magistratus
267 3762 295 3814 in
327 3760 412 3818 officii
441 3761 483 3815 sui
512 3758 686 3815 exsecutione
710 3775 743 3813 eo
770 3765 896 3828 spectare
924 3759 1018 3814 divino
1038 3759 1173 3814 beneficio
1193 3760 1337 3814 Israiilitae
1356 3776 1390 3813 cx
1409 3759 1470 3830 Ogo
1488 3776 1554 3831 rege
1579 3760 1695 3814 Basanis
1713 3776 1756 3813 re-

57 3849 160 3916 debet,
178 3846 378 3900 rrtnsbditiin
396 3847 596 3914 omnipietate
614 3845 800 3898 aamercort
819 3851 896 3897 troa—
922 3851 1081 3915 portarunt,
1118 3846 1232 3916 quidam
1258 3847 1363 3916 tropice
1389 3845 1531 3915 accipiunt
1563 3862 1614 3915 pro
1645 3833 1770 3900 censer-⁷

57 3935 180 4004 ciciliam
198 3941 285 3999 cpont
303 3933 405 4000 odom,
434 3932 531 4003 utique
558 3930 642 3984 etiam
668 3947 736 3984 cura
755 3929 896 3999 religionis
922 3932 1000 3986 sione
1017 3931 1191 4002 quorundam
1210 3948 1244 3985 ex
1263 3931 1386 3987 iudaeis.
1411 3930 1466 3988 Sed
1483 3931 1562 4000 regio
1586 3930 1679 3985 Busan
1697 3948 1761 4001 pas·

57 4020 183 4075 adillum
196 4024 311 4088 spectat
335 4018 390 4075 Sed
403 4035 498 4073 rerum
511 4016 603 4086 prius,
621 4034 688 4088 ergo
706 4021 735 4072 et
751 4016 895 4085 posterius.
922 4033 1035 4071 cuorum
1045 4016 1240 4070 commoditate
1254 4032 1286 4070 ac
1297 4024 1386 4072 terrae
1404 4017 1545 4071 fructuum
1560 4016 1761 4087 magnitudine,

57 4106 142 4161 Ratio
167 4104 370 4159 consecutionis
393 4110 436 4159 est
464 4104 493 4156 in
518 4109 630 4173 aperto,
661 4101 727 4173 quia
750 4102 842 4169 pistae
860 4101 896 4153 ad
923 4104 1006 4173 copia
1022 4103 1148 4158 eilande
1166 4102 1283 4158 celebris
1300 4103 1369 4172 tuit,
1398 4105 1472 4159 unde
1497 4104 1620 4168 factum,
1651 4108 1684 4157 ut
1700 4104 1757 4158 ani·

58 4194 188 4264 priorem,
216 4192 344 4243 honestos
362 4189 399 4243 ad
422 4189 603 4259 posteriorem
626 4187 753 4258 decalogi
772 4186 896 4241 tabulam
923 4190 1008 4244 mulia
1026 4188 1066 4242 ibi
1086 4189 1229 4259 pascentia
1247 4189 1352 4244 fuerint
1369 4190 1533 4261 pinguiam,
1551 4189 1709 4244 robustiora
1728 4195 1758 4243 et

59 4279 215 4350 pertinent3
236 4278 332 4346 pictus
351 4275 450 4343 Deum
463 4275 607 4329 ,Ιιοτιεειαε
624 4273 749 4327 homines
768 4273 895 4342 respicit;
924 4274 1087 4345 grandiora,
1114 4274 1176 4329 ideo
1194 4291 1245 4344 per
1264 4273 1358 4329 Basan
1378 4275 1581 4345 synecdochice
1598 4275 1757 4345 intelligun-

56 4365 151 4434 pictas
180 4363 216 4415 ad
243 4361 328 4415 vitam
353 4359 538 4430 spiritimlem,
569 4359 698 4411 honestas
722 4357 759 4412 ad
786 4358 897 4413 civilem
923 4368 968 4416 tur
991 4360 1116 4416 homines
1141 4365 1269 4428 potentes
1295 4365 1324 4414 et
1352 4360 1452 4413 divites
1477 4359 1579 4416 Psalm.
1606 4365 1653 4427 tt,
1670 4377 1695 4412 r.
1717 4365 1757 4414 13.

61 4449 189 4518 pertinet.
228 4447 292 4501 Jam
312 4463 376 4500 vero
395 4443 572 4515 magistratui
584 4443 728 4511 incumbit,
748 4443 897 4514 diligenter
923 4448 1010 4501 Amos
1024 4453 1048 4515 t,
1063 4463 1088 4500 v.
1108 4451 1128 4501 l.
1145 4445 1268 4499 continet
1286 4445 1372 4515 igitur
1391 4444 1436 4499 hic
1454 4446 1531 4500 locus
1544 4445 1705 4498 vaficinium
1724 4444 1759 4499 de

62 4534 103 4587 nti
130 4538 222 4600 curet,
255 4548 310 4601 quo
340 4548 394 4585 non
412 4530 501 4584 solum
519 4530 549 4582 in
567 4530 717 4593 honestate,
744 4529 897 4583 sedetiam
923 4533 1101 4588 conversione
1120 4536 1279 4602 magnatum
1299 4548 1332 4586 ac
1351 4536 1497 4601 potentum
1525 4530 1560 4584 ad
1578 4530 1679 4584 Christi
1697 4547 1759 4600 reg·

58 4621 166 4690 pictate
189 4617 294 4673 subditi
319 4617 426 4685 vivant,
456 4615 486 4668 id
512 4615 586 4685 quod
615 4615 721 4685 absque
744 4631 811 4669 vera
839 4615 897 4667 reri
923 4637 998 4674 num.
1024 4618 1124 4672 Psalnu
1145 4622 1195 4684 72,
1213 4635 1237 4671 v.
1260 4623 1307 4672 10:
1333 4619 1424 4684 Reges
1443 4617 1532 4669 morie
1550 4624 1575 4670 et
1596 4616 1758 4669 insudarem
1772 4619 1886 4711 εετιιιιρ.

61 4706 114 4757 Dei
131 4704 290 4774 cognitione
310 4708 339 4757 et
356 4702 481 4773 ejusdem
496 4701 580 4771 juxta
599 4700 800 4770 praescriptum
819 4701 897 4756 verbi
923 4722 1023 4759 munus
1049 4705 1182 4765 reddent,
1211 4722 1237 4756 v.
1260 4708 1298 4758 tr.
1319 4712 1346 4756 et
1366 4703 1550 4755 incurvabunt
1573 4719 1604 4755 se
1621 4703 1648 4754 ετ·
1667 4718 1759 4754 οττιτεεε
1772 4682 1845 4772 3031}
1859 4733 1884 4761 ro
1971 4710 1972 4717 ’

61 4791 187 4862 legitimo
208 4792 284 4845 cultu
304 4790 364 4845 fieri
383 4789 487 4859 nequit.
516 4789 593 4845 Vere
610 4805 643 4842 ac
662 4788 723 4842 Deo
741 4794 822 4857 grata
840 4788 897 4858 pie·
923 4807 1012 4859 repes.
1050 4790 1092 4842 Ex
1109 4787 1211 4859 quibus
1234 4788 1275 4842 sic
1299 4787 1503 4842 concludimus:
1533 4788 1575 4842 De
1593 4787 1693 4857 quibus
1712 4805 1758 4856 pe-
1772 4774 1897 4867 fflff‘·

61 4886 104 4930 taa
131 4894 186 4932 non
214 4876 341 4930 consistit
365 4893 429 4930 curn
458 4874 637 4929 idololatricis
656 4874 793 4943 cultibus,
824 4874 896 4928 blas·
922 4876 1039 4932 culiaria
1055 4880 1164 4929 exstant
1181 4873 1320 4938 runcinis,
1341 4874 1414 4944 quod
1436 4889 1537 4927 nomen
1557 4890 1637 4927 suum
1649 4872 1760 4927 Christo

61 4963 180 5032 phemiis
198 4967 227 5018 et
245 4962 420 5031 haeresibus,
447 4979 495 5017 eas
519 4962 605 5033 igitur
629 4963 772 5028 coitrcere,
802 4967 898 5015 contra
924 4963 980 5017 sint
1005 4961 1111 5029 daturi,
1140 4960 1255 5015 verbum
1276 4960 1361 5029 ipsius
1383 4957 1439 5013 fide
1456 4958 1609 5029 amplexari
1627 4965 1657 5012 et
1672 4973 1759 5027 regno

12 5058 45 5100 rr.
61 5066 125 5103 vero
145 5049 301 5103 doctrinam
322 5048 424 5103 Christi
445 5065 606 5119 promovere
627 5046 710 5102 debet
728 5047 792 5117 pius
811 5049 897 5118 magi·
924 5050 985 5118 ejus
1004 5064 1065 5102 sese
1085 5044 1282 5117 aggregaturi,
1304 5062 1337 5099 ex
1356 5045 1467 5099 illorum
1486 5045 1665 5100 conversione
1683 5059 1760 5114 mag·

61 5140 182 5201 stratus,
199 5141 231 5187 ut
249 5136 285 5189 ad
306 5152 422 5204 scopum
442 5134 479 5188 ab
498 5132 623 5203 apostolo
643 5132 815 5202 propositum
835 5150 896 5203 per·
925 5150 976 5187 nus
1008 5138 1037 5188 et
1065 5131 1213 5201 peculiaris
1244 5129 1345 5201 aliquis
1377 5130 1413 5183 ad
1443 5130 1590 5184 ecclesiam
1621 5129 1760 5183 redundat

61 5221 160 5291 tingat.
202 5221 298 5292 Atque
324 5220 378 5274 huc
402 5221 524 5290 respexit
540 5218 728 5289 pientissimae
752 5236 785 5273 ac
803 5220 897 5274 lauda·
925 5219 1040 5274 fructus.
1079 5217 1134 5273 Sed
1159 5216 1193 5270 de
1218 5215 1330 5286 regibus
1357 5221 1386 5270 et
1412 5214 1591 5286 magnatibus
1610 5214 1761 5284 peculiaria

59 5306 182 5360 tissimus
208 5305 344 5361 Saxoniae
370 5306 473 5360 elector
494 5305 639 5374 Augustus
664 5320 728 5358 rere
754 5313 899 5376 augustus,
926 5311 1034 5359 exstem
1057 5302 1200 5370 vaticinia,
1231 5301 1305 5371 quod
1330 5315 1431 5354 nomen
1464 5317 1544 5354 snum
1567 5299 1676 5353 Christo
1705 5300 1761 5352 sint

59 5392 175 5462 quando
192 5391 221 5445 iu
241 5391 438 5446 constitutione
457 5389 644 5445 ecclesiastica
669 5390 688 5443 s.
708 5394 766 5444 288.
785 5407 900 5460 gencra-
926 5391 1037 5456 daturi,
1063 5388 1178 5444 verbum
1198 5387 1285 5457 ipsius
1304 5386 1360 5441 fide
1377 5387 1530 5459 amplexari
1549 5392 1578 5441 et
1595 5403 1681 5457 regno
1700 5388 1760 5456 ejus

61 5479 102 5533 les
140 5477 272 5532 mticulos
306 5478 347 5532 sic
376 5477 497 5531 orditur:
549 5475 673 5542 ilcrbbem
698 5474 748 5530 tait
785 5478 830 5530 cti
858 5475 900 5531 eiu
927 5495 986 5532 sese
1004 5474 1192 5548 aggregaturi.
1224 5474 1300 5544 Ergo
1314 5480 1370 5534 etc.
1385 5471 1509 5528 Ulterius
1528 5472 1551 5526 si
1566 5489 1599 5527 ex
1617 5489 1713 5543 regum
1732 5479 1761 5526 et

59 5562 222 5635 libriftlidtt
248 5563 343 5635 ῧϋτῇ,
372 5564 429 5619 bem
459 5562 525 5632 aiibi
553 5562 633 5617 alitia
660 5560 764 5630 turtius
791 5560 897 5632 ustrou,
929 5567 1091 5632 magnatum
1109 5558 1288 5617 conversione
1306 5575 1423 5630 magnus
1442 5565 1471 5614 et
1489 5557 1638 5629 peculiaris
1655 5559 1759 5629 aliquis
