4020 6014
650 210 701 266 DE
721 208 974 266 MAGISTRATU
993 208 1178 268 POLI'I'ICO.
1703 223 1763 281 339

64 361 132 429 siae,
151 379 223 432 quae
240 368 283 416 est
303 363 388 417 solius
401 363 454 418 Dei
474 381 551 434 opus,
572 363 730 420 foederibus
743 365 797 418 illis
814 370 902 418 hans·
930 370 1020 432 natae,
1037 364 1114 421 Deus
1133 366 1219 436 igitur
1232 365 1372 421 Israilitas
1385 365 1546 421 foederibus
1563 366 1619 421 illis
1631 369 1766 440 conjungi

64 446 206 503 scribatur.
243 448 343 503 ierem.
365 457 409 517 tl,
433 469 455 502 v.
476 457 505 504 5:
534 450 708 503 Maledictus
727 451 828 518 omum,
854 451 903 518 qui
928 448 1031 518 noluit3
1060 452 1108 505 sed
1132 457 1163 504 ut
1185 450 1358 521 patriarchae
1385 458 1449 506 ante
1473 452 1563 523 legem
1583 453 1659 507 illam
1679 453 1763 509 latam

64 551 178 585 curnem
195 536 276 602 pouit
290 536 432 588 brachium
451 555 538 588 surim.
571 537 602 570 *³*
611 537 667 590 Alii
687 537 726 589 ita
738 535 900 605 procedunt,
913 561 916 585 ι
928 550 990 587 cum
1008 534 1163 589 cananaeis
1182 536 1295 590 foedera
1313 538 1480 607 quandoque
1495 537 1623 607 inierunt,
1642 538 1682 592 sic
1701 546 1764 608 post

64 618 178 672 foedera
197 620 370 674 aestimanda
399 628 419 675 1.
441 639 472 674 ex
491 637 540 674 suo
561 622 710 692 principio,
738 630 760 676 2.
779 618 1067 729 objcctmisublatum
1089 621 1255 693 μεσότοιχον
1279 623 1350 677 inter
1372 623 1495 678 ludaeos
1520 640 1553 677 ac
1578 629 1674 693 gentes
1701 623 1763 694 lege

64 710 90 758 3.
107 703 176 771 fine,
200 713 224 760 4.
245 722 278 758 ac
302 705 521 761 circumstantiis.
563 705 684 760 Polanus
711 706 757 762 lib.
782 713 820 762 tt).
837 723 900 775 syn·
913 732 915 773 i
928 704 975 758 illa
994 722 1049 759 non
1067 708 1186 777 amplius
1206 707 1406 778 obstringimus
1418 707 1520 778 Ephes.
1535 714 1559 777 2,
1578 728 1602 763 v.
1623 717 1661 764 lt.
1681 711 1763 764 modo

64 799 150 856 tagm.
176 808 199 843 c,
223 798 268 845 tt:
290 792 507 857 Drstiupuuulur
531 795 650 853 foedera
669 810 701 845 ec
720 794 812 845 carreis
837 794 899 854 esli-
927 789 1107 846 observentur
1143 792 1253 847 debitae
1290 794 1468 848 conditiones.
1525 794 1605 849 Idem
1641 795 1763 851 ostendit
1793 838 1809 865 ,

64 876 209 943 cientibus,
224 876 375 943 finilias‘et
393 880 512 947 efferam
531 896 602 946 quae
627 881 749 942 foedera
769 895 801 930 es
821 879 899 940 ‹lifi-
928 892 1012 930 causa
1034 877 1226 946 prohibitionis
1255 880 1309 950 legi
1340 880 1452 948 addita,
1482 880 1661 949 prohibentur
1690 883 1762 936 enim

65 964 163 1014 elsatia
182 964 225 1015 vei
244 964 367 1016 avaritia
384 965 428 1016 uel
447 966 488 1016 acl
500 964 672 1033 ploce-udum
685 964 846 1028 infidelibus
857 964 902 1016 rel
913 944 915 1007 i
928 960 1070 1017 lsraiilitae
1088 981 1121 1015 ea
1139 965 1304 1031 idolothytis
1324 967 1405 1017 eriere
1425 965 1509 1019 Exod.
1529 971 1577 1032 34,
1606 984 1630 1021 v.
1656 973 1691 1023 15.
1713 968 1762 1021 sed

65 1051 108 1101 ad
134 1051 357 1117 perturbandam
391 1069 488 1119 pacem
514 1052 659 1121 publicum
691 1052 899 1104 contrahuntur.
927 1048 1069 1115 apostolus
1089 1057 1108 1103 t.
1128 1048 1187 1104 Cor.
1212 1057 1257 1118 to,
1281 1069 1305 1104 v.
1329 1056 1370 1105 27.
1395 1051 1515 1105 libertati
1542 1050 1716 1108 Christianae
1734 1053 1761 1107 id

68 1135 137 1187 lteri
163 1152 342 1205 qrmecuuque
371 1138 530 1189 occasiones
554 1140 691 1206 praehere
712 1146 831 1206 passuut
851 1145 901 1189 aut
927 1132 1072 1204 relinquit:
1092 1135 1126 1187 Si
1143 1135 1206 1202 quis
1222 1143 1302 1188 uocat
1322 1137 1491 1204 infidelium,
1517 1138 1659 1206 quidquid
1675 1155 1762 1210 appo·

65 1222 267 1289 corrumpendi
282 1223 355 1290 puri
371 1223 462 1275 cultus
486 1225 551 1289 Dei,
573 1232 621 1275 ortt
645 1223 822 1295 corruptelas
842 1241 897 1275 ser-
928 1217 1004 1269 uitrir
1021 1219 1111 1282 vobis,
1139 1222 1212 1272 edite
1232 1221 1303 1272 mihil
1331 1221 1537 1289 iuterropaales
1558 1231 1678 1291 propter
1699 1242 1760 1278 cou—
1811 1230 1817 1241 “

64 1315 162 1375 pentes
180 1311 317 1378 suspendi,
340 1327 373 1362 ea
389 1312 522 1378 prosecta
541 1309 644 1362 illicita
664 1319 741 1371 scirit,
767 1309 900 1361 diuinitus
927 1303 1079 1356 scientiam.
1116 1305 1190 1358 Asse
1212 1304 1417 1360 confoederatio
1445 1324 1507 1360 cum
1526 1305 1678 1362 Beuhadad
1699 1309 1761 1364 ideo

64 1395 210 1463 prohibita
235 1404 259 1447 et
284 1395 424 1463 infelicia.
464 1402 499 1448 At
513 1398 540 1448 si
557 1414 611 1464 qim
633 1398 753 1458 foedera
772 1396 901 1447 irretiatur
927 1388 1150 1458 reprehenditur,
1179 1391 1245 1460 quia
1265 1407 1358 1461 regem
1377 1390 1474 1461 Syriae
1493 1392 1529 1445 ad
1548 1392 1660 1460 foedus,
1685 1394 1760 1465 quod

66 1481 110 1531 vel
133 1482 174 1531 ud
198 1488 321 1533 mulctam
345 1483 532 1543 clefeusiouem
559 1481 646 1534 hostis
663 1480 815 1534 cominunis
836 1481 902 1546 (ribi
928 1490 990 1526 tum
1009 1492 1075 1545 rege
1092 1473 1202 1528 israelis
1223 1475 1358 1545 habebat,
1381 1476 1538 1531 violandum
1557 1478 1645 1531 missis
1666 1498 1759 1536 mune-

66 1584 117 1616 uos
135 1566 244 1618 uacatio
263 1566 425 1634 conjurarit),
445 1568 489 1620 rel
514 1570 549 1620 de
576 1584 630 1619 aori
655 1567 797 1618 laedendo
822 1551 847 1616 ct
871 1567 900 1617 iu
927 1556 1002 1611 ribus
1027 1560 1137 1629 impulit
1160 1576 1278 1630 eumque
1302 1560 1337 1614 ad
1363 1560 1465 1615 bellum
1493 1565 1551 1634 regi
1575 1563 1686 1619 israelis
1704 1582 1760 1620 mo-

66 1669 173 1702 gumma
209 1669 280 1720 quae
308 1669 401 1705 peram
424 1653 588 1717 relipio-ngm
620 1671 654 1704 (ις
672 1654 808 1721 pietatem
834 1668 901 1720 erpa
928 1644 1047 1698 Vmidum
1072 1646 1235 1714 0011&inss
1258 1645 1405 1715 Josaphati
1430 1647 1526 1702 foedus
1554 1667 1617 1703 uum
1644 1652 1760 1707 Asshabo

68 1739 159 1789 Deum
182 1755 236 1790 ucri
255 1740 386 1805 laedunt,
410 1747 473 1790 arsut
498 1739 585 1791 licita.
630 1738 682 1790 llll
705 1747 795 1790 termera
817 1739 900 1790 eliam
928 1735 956 1782 θῒ
974 1729 1096 1784 OchOZist
1118 1731 1195 1785 nulli»
1212 1731 1343 1802 exigebssi
1357 1733 1521 1802 neefflsifflt
1540 1734 1657 1801 bellum,
1686 1738 1760 1807 quod

66 1832 148 1890 atqm
168 1825 251 1875 etiam
271 1826 424 1876 castalidum
443 1833 497 1887 est,
516 1842 549 1876 ue
569 1843 628 1876 cum
648 1826 770 1877 leostilus
788 1841 821 1875 uc
834 1840 900 1890 per·
929 1817 1061 1870 adversus
1074 1817 1205 1887 Assyriae
1225 1818 1404 1889 suscipiebat,
1423 1837 1478 1874 non
1500 1829 1560 1876 erat
1580 1822 1761 1894 defensivum,

65 1909 238 1961 secutoribus
264 1910 397 1962 eeclesiae
427 1911 484 1961 Dei
509 1926 568 1962 sese
589 1911 707 1973 foede-rc
730 1910 901 1976 cuujuupaot
928 1901 976 1955 sed
1009 1902 1187 1978 effeneivum
1213 1900 1370 1975 prophetae
1389 1913 1597 1977 praeposteram
1623 1910 1650 1963 in
1676 1910 1761 1966 istaec

64 1995 116 2062 pii,
136 1995 203 2061 quia
222 2012 309 2063 ueqrte
326 1997 387 2048 illis
407 1997 477 2047 eona
496 1996 667 2047 couscientia
684 2003 800 2062 possum
816 2011 900 2063 prae·
928 1985 1039 2040 f00der8
1054 1988 1182 2043 fiducissm
1201 1997 1330 2061 arguunt·
1363 1997 1385 2045 2·
1402 1991 1582 2047 conversatio
1601 1994 1763 2063 politicam

68 2079 129 2131 here
149 2081 299 2147 cimelium,
324 2097 410 2149 seqre
434 2082 470 2133 ab
495 2081 538 2133 his
565 2089 735 2149 respectare,
760 2082 815 2131 imo
840 2097 901 2130 cum
928 2073 1017 2126 civilis
1036 2091 1053 2126 a
1073 2074 1209 2144 spirituali
1230 2077 1421 2131 communione
1442 2079 1647 2151 distinguenda.
1680 2080 1762 2136 Exire

67 2164 202 2230 improbi,
227 2174 251 2218 e,
274 2166 436 2232 infidelibn,
457 2165 619 2233 [pompm
650 2166 822 2217 consonatio
847 2182 901 2215 riom
929 2157 964 2210 ab
983 2157 1142 2214 infidelibus
1157 2167 1185 2214 et
1200 2160 1325 2216 diversae
1342 2163 1467 2234 religioni
1488 2164 1609 2218 addictis
1628 2166 1761 2220 debemus

69 2258 110 2303 est
129 2250 217 2313 licita,
237 2251 294 2303 uisi
310 2252 375 2304 ideo
390 2252 527 2315 instituta,
546 2259 575 2303 ut
591 2251 807 2314 lucrifaciamus
828 2250 901 2317 illos,
929 2244 1020 2298 animo
1036 2253 1064 2300 et
1075 2244 1187 2310 affectu,
1207 2264 1261 2301 non
1275 2256 1367 2304 autem
1388 2249 1549 2319 simpliciter
1567 2251 1629 2305 loco
1649 2257 1677 2307 et
1693 2272 1761 2324 quo-

68 2344 118 2388 aut
150 2337 347 2391 eum-vocatio
374 2345 470 2390 nostra
502 2337 534 2388 id
562 2337 697 2405 requirit,
727 2344 757 2387 ut
788 2337 902 2405 qrraudo
928 2330 965 2384 ad
976 2331 1116 2400 politicam
1128 2333 1372 2402 conversationem,
1390 2334 1458 2388 alias
1474 2339 1605 2389 arraudo
1621 2357 1669 2392 ιιοι
1687 2340 1762 2393 exire

71 2421 199 2474 Christus
211 2440 271 2474 essm
287 2423 485 2489 peccatoribus
504 2423 562 2475 edit
575 2424 641 2475 Luc.
657 2425 697 2490 15,
715 2441 736 2475 u.
752 2424 776 2476 1.
790 2423 902 2489 qrrarclo
930 2426 1069 2484 oporteret
1091 2419 1192 2478 1.,(¹or.
1213 2426 1243 2482 5,
1263 2435 1289 2474 r.
1314 2427 1352 2475 to.
1371 2420 1547 2492 Augustinus
1569 2440 1646 2478 serm.
1671 2429 1707 2480 18.
1727 2426 1762 2482 de

69 2509 171 2575 corrjua
191 2526 253 2560 cum
273 2509 383 2576 infideli
401 2509 510 2561 habitat
531 2512 552 2559 1.
576 2507 639 2560 Cor.
665 2511 694 2574 7,
710 2527 734 2564 υ,
757 2510 796 2561 13.
834 2508 901 2560 Poe·
929 2503 1004 2557 verb.
1025 2502 1119 2556 Dom:
1146 2504 1299 2573 Separatio
1321 2507 1483 2570 deridebat
1502 2510 1603 2577 corde,
1629 2528 1684 2562 uon
1702 2528 1761 2565 cor-

70 2593 136 2646 dera
156 2592 379 2664 distinguuntur:
420 2598 442 2646 1.
463 2596 601 2662 Respectu
631 2611 732 2646 causae
753 2594 903 2660 efficientis
926 2606 1004 2656 pore,
1026 2592 1212 2644 recedendum
1237 2610 1254 2644 a
1281 2593 1384 2644 talibus
1400 2612 1455 2646 raon
1481 2596 1683 2665 corporaliter,
1711 2599 1763 2651 aed

68 2694 116 2731 seu
137 2695 323 2748 personarum,
343 2694 414 2750 quae
432 2678 529 2732 foedus
550 2678 722 2732 contrahunt.
754 2677 815 2731 Hae
829 2678 901 2732 enim
928 2676 1125 2743 spiritualiter.
1171 2682 1195 2730 3.
1219 2677 1369 2747 Aegyptiis
1395 2677 1520 2733 illicitum
1545 2688 1605 2735 erat
1625 2698 1687 2735 cum
1705 2682 1761 2736 He·

68 2763 112 2817 vel
130 2780 185 2817 non
209 2765 319 2818 suntin
340 2764 470 2824 ecclesia¹
495 2769 526 2817 ut
553 2770 650 2836 gentes
674 2782 706 2817 ac
724 2763 832 2833 profani
853 2763 901 2818 ho·
928 2760 1019 2815 brasis
1039 2761 1131 2815 cibum
1150 2778 1248 2831 capere
1274 2779 1329 2815 non
1352 2771 1500 2832 praecepto
1520 2766 1639 2835 quodam
1661 2768 1763 2838 divino,

68 2849 154 2903 mines
180 2849 237 2903 veri
264 2849 317 2904 Dei
341 2849 426 2919 plane
452 2850 555 2920 ignari,
582 2850 655 2921 iique
675 2855 725 2903 aut
743 2849 902 2920 simpliciter
928 2848 982 2899 seri
993 2864 1068 2900 ruore
1081 2850 1218 2900 ductaret
1232 2850 1338 2916 patrio,
1360 2848 1400 2901 uti
1416 2848 1496 2902 Philo
1509 2857 1618 2914 censet3
1641 2851 1761 2909 Onkelos

68 2933 194 2990 infideles
218 2935 274 2987 κατ’
299 2934 396 3003 ἐξοχὴν
415 2935 454 2988 sic
473 2934 553 3004 dicti,
581 2942 630 2988 aut
656 2935 739 2988 etiam
763 2935 790 2988 in
809 2952 900 2989 veram
928 2933 998 2985 hanc
1031 2931 1112 2987 affert
1136 2932 1284 2995 rationem,
1312 2934 1379 3000 quia
1395 2951 1497 3004 pecus,
1525 2939 1602 3003 quad
1629 2940 1763 3008 ⁴1epyplii

67 3020 230 3092 religionem
253 3020 421 3091 blasphemi3
452 3020 497 3074 vel
525 3027 588 3074 sunt
616 3022 643 3074 in
669 3021 799 3082 ecclesia,
828 3019 902 3091 iique
929 3018 1023 3070 calvi-rm
1047 3018 1156 3084 (bovem
1179 3022 1271 3088 puta),
1291 3019 1416 3071 Hebraei
1439 3023 1585 3074 corradunt
1638 3024 1694 3077 alii
1713 3025 1761 3078 tri·

68 3108 112 3161 vel
130 3107 288 3174 orthodoxi,
313 3105 357 3160 vel
375 3105 548 3171 heterodoxi,
571 3113 601 3159 nt
620 3106 744 3174 sectarii,
769 3106 901 3161 haeretici
914 3156 916 3165 ,
929 3103 1019 3157 buunt
1039 3104 1090 3159 hoc
1110 3104 1194 3159 fastui
1215 3104 1433 3175 Aegyptiorum,
1454 3106 1529 3175 quod
1546 3107 1691 3179 indignum
1709 3127 1760 3179 pu·

68 3209 101 3247 ac
120 3191 322 3264 quodammodo
343 3191 518 3257 schismatici,
537 3191 584 3262 qui
603 3197 695 3245 tamen
712 3208 766 3245 uon
786 3198 848 3245 sunt
867 3168 1048 3267 deltaverint
1074 3208 1136 3245 cum
1161 3190 1297 3246 Hebraeis
1321 3192 1467 3246 convivari.
1507 3191 1607 3248 Daniel
1633 3197 1661 3248 in
1681 3195 1761 3250 Chal-

70 3277 187 3332 ecclesia
206 3279 263 3331 sive
282 3294 338 3331 non
358 3283 423 3330 sunt
442 3294 507 3331 vera
525 3293 557 3330 ac
576 3276 639 3330 viva
658 3277 718 3346 ejus
736 3276 844 3347 proprie
863 3272 901 3331 sic
914 3270 917 3311 Ι
930 3276 1013 3343 daea,
1049 3276 1176 3331 Christus
1213 3294 1276 3331 cum
1313 3276 1472 3333 Pharisaeis
1512 3280 1599 3333 falsae
1635 3280 1761 3352 religioni

69 3363 145 3418 dicta
164 3363 296 3418 membra.
330 3366 354 3416 2.
377 3365 516 3431 Respectus
542 3364 709 3430 objectorum
736 3379 784 3416 seu
803 3380 902 3432 rerum,
930 3361 1048 3416 addictis
1066 3362 1160 3417 cibum
1186 3365 1290 3416 sumsit.
1326 3363 1443 3417 ludaeis
1462 3382 1517 3417 non
1536 3373 1595 3419 erat
1614 3366 1676 3436 lege
1695 3384 1761 3438 qua-

69 3449 224 3521 dequibus
249 3449 335 3503 initur
352 3453 518 3503 contractus.
561 3448 675 3502 Illarum
701 3454 828 3517 respectu
846 3448 902 3503 foe·
930 3448 993 3501 dam
1012 3448 1126 3518 politica
1146 3451 1317 3504 conversatio
1343 3467 1405 3504 cum
1427 3452 1607 3506 samaritanis
1627 3458 1654 3508 et
1672 3453 1761 3524 genti·

68 3537 134 3591 dere
160 3535 272 3590 suntin
298 3535 398 3605 triplici
425 3535 587 3589 differentia
620 3534 673 3591 Vel
699 3535 771 3588 enim
791 3534 981 3589 cancer-bus
1003 3534 1158 3602 interdicta,
1176 3534 1224 3588 sed
1242 3535 1379 3605 quiaillos
1392 3551 1504 3606 propter
1522 3536 1695 3607 apostasiam,
1713 3538 1763 3594 has

69 3630 139 3677 irunt
157 3622 319 3693 religionem
336 3623 424 3675 solam
443 3627 471 3675 et
491 3621 620 3675 dicuntur
640 3619 840 3689 ecclesiastica
859 3598 917 3703 vel}
929 3627 1041 3690 propter
1068 3618 1484 3690 infidehtatem-abhorrebant‚
1511 3622 1573 3677 ideo
1597 3624 1632 3678 ab
1653 3623 1762 3679 illorum

67 3724 164 3778 pacem
185 3707 326 3779 publicam
347 3712 488 3761 externam
509 3707 668 3776 respiciunt,
690 3723 744 3776 quo
759 3705 1137 3801 referimusqconversatione
1164 3704 1356 3774 abstinebant,
1376 3705 1502 3762 Christus
1520 3715 1613 3762 tamen
1631 3726 1694 3763 cum
1713 3709 1762 3765 Ss-

68 3794 161 3848 omnia
174 3800 272 3864 pacta,
299 3810 370 3862 quae
393 3794 429 3847 ad
455 3793 648 3847 necessitatem
677 3808 813 3864 usumque
831 3792 903 3846 inco·
915 3808 918 3875 q
930 3792 1065 3872 maritans
1084 3792 1198 3845 muliere
1224 3791 1330 3863 absque
1349 3793 1407 3847 ullo
1431 3795 1673 3850 conmminationis
1690 3797 1763 3867 peri·

67 3882 156 3934 larum
185 3888 213 3934 et
239 3879 474 3951 peregrinantium
501 3879 529 3932 in
558 3878 693 3932 mercibus
721 3878 902 3948 importandis
915 3888 917 3909 ¹
930 3877 993 3930 culo
1020 3876 1172 3930 collocutus
1205 3882 1233 3930 et
1259 3877 1357 3932 Petrus
1390 3879 1417 3931 iu
1447 3880 1558 3935 domum
1586 3883 1699 3953 gentilis
1722 3887 1766 3938 est
1821 3935 1829 3953 ‚

68 3965 301 4036 exportandisque
326 3972 466 4038 spectant,
491 3980 617 4037 quaeque
641 3972 706 4018 sunt
723 3965 764 4018 de
783 3914 1084 4034 vitandislingressus,
1108 3962 1162 4017 loh
1202 3970 1223 4017 t.
1247 3964 1309 4016 Act.
1334 3969 1372 4020 10.
1411 3972 1433 4020 t.
1460 3965 1540 4020 Talia
1563 3965 1677 4023 foedera
1700 3985 1764 4023 cum

68 4052 177 4123 injuriis
202 4059 230 4106 et
256 4052 313 4106 suis
339 4052 489 4124 unicuique
513 4061 587 4106 terra
615 4051 739 4121 marique
762 4047 1110 4105 remansistineommodis
1129 4055 1157 4101 et
1170 4049 1300 4118 periculis
1313 4053 1462 4121 conjuncta
1475 4071 1535 4108 esse
1554 4072 1609 4109 uon
1622 4072 1764 4127 negamus,
1778 4060 1831 4104 riv.
1846 4061 1871 4104 te

67 4138 184 4206 finibus,
209 4138 244 4192 de
262 4139 409 4194 securitate
428 4138 571 4197 itinerum.
597 4139 810 4207 possessionum,
830 4135 994 4201 navi-rideo
1023 4135 1105 4190 etiam
1133 4134 1239 4205 absque
1267 4144 1383 4207 urgente
1406 4139 1575 4208 ieipublicae
1600 4143 1765 4197 necessitate

68 4225 211 4297 gatianum
225 4231 275 4279 etc.
288 4224 459 4279 haecvocari
472 4225 562 4279 solent
573 4223 686 4279 foedera
697 4222 906 4296 pacificationis,
917 4219 920 4307 Ῑ
932 4221 994 4274 iniri
1016 4221 1176 4292 neutiquam
1197 4221 1312 4289 debent,
1334 4222 1441 4277 interim
1462 4231 1555 4280 tamen
1575 4245 1607 4281 cx
1626 4245 1658 4282 eo
1677 4227 1765 4281 evinci

68 4312 500 4383 pactionesdenonoiiendend03
515 4313 558 4368 vel
570 4312 681 4366 tandem
688 4310 905 4382 partimreligio·
918 4312 920 4377 ζ
934 4306 1040 4378 nequit,
1059 4323 1118 4361 esse
1136 4307 1263 4361 absolute
1276 4314 1303 4362 et
1316 4308 1478 4379 simpliciter
1490 4311 1638 4381 prohibita.
1667 4311 1765 4383 Neque

68 4415 130 4453 nem
141 4398 241 4468 partim
254 4415 296 4452 res
308 4398 434 4468 politicas
448 4399 530 4452 simul
542 4398 694 4468 respiciunt
703 4413 853 4467 earumque
864 4413 905 4450 as·
919 4400 920 4417 ¹
935 4410 966 4447 ex
994 4400 1093 4447 eventu
1120 4393 1187 4447 illud
1212 4393 1305 4465 colligi
1324 4402 1430 4464 potest,
1457 4412 1521 4449 cum
1545 4396 1656 4450 foedera
1683 4399 1766 4451 etiam

68 4484 214 4538 sartionem
233 4491 261 4539 et
277 4484 432 4538 libertatem
448 4490 625 4548 concernunt,
641 4484 715 4537 unde
734 4480 996 4555 appellanturcum
1029 4478 1082 4547 piis
1107 4478 1175 4532 inita
1201 4495 1255 4532 noo
1283 4495 1392 4551 semper
1416 4480 1503 4535 laetos
1533 4480 1654 4535 habeant
1677 4482 1766 4536 exitus

70 4572 163 4627 mixta.
202 4574 229 4624 3.
249 4572 386 4638 Respecto
399 4572 477 4637 fiais.
520 4572 646 4628 Foedera
670 4570 733 4624 iniri
752 4570 839 4623 solent
856 4560 1053 4639 po-lcumque
1083 4563 1264 4619 diffidentiam
1296 4565 1455 4621 foederibus
1479 4567 1532 4620 illis
1568 4567 1767 4638 utplurimum

70 4658 204 4710 tissimum
227 4655 263 4707 ob
288 4654 427 4725 duplicem
453 4655 550 4725 finem,
577 4665 607 4711 ut
632 4656 761 4711 videlicet
786 4654 830 4706 vel
856 4664 919 4705 nos
933 4651 1108 4720 conjunctam
1128 4667 1217 4720 poena
1238 4652 1286 4705 ills
1305 4653 1443 4723 respiciat.
1474 4652 1547 4706 Vide
1565 4652 1644 4722 plura
1662 4652 1767 4708 dehac

71 4742 227 4813 conjunct-is
241 4740 496 4796 confoederatorum
509 4751 663 4798 nostrorum
677 4741 782 4796 viribus
801 4739 905 4793 bellum
933 4741 1037 4806 quaest.
1058 4735 1132 4804 apud
1153 4734 1237 4790 Tam.
1262 4736 1289 4788 in
1310 4736 1427 4807 append.
1448 4753 1545 4793 comm.
1575 4737 1603 4789 in
1621 4735 1779 4794 Obadiam

70 4829 170 4882 nostris
184 4827 334 4882 inferamus
347 4826 480 4892 hostibus,
499 4829 573 4897 quod
587 4829 689 4882 dicitur
701 4826 804 4881 bellum
820 4824 904 4879 offen·
969 4826 1024 4876 tos.
1066 4820 1216 4886 Quaeritur
1245 4828 1268 4877 2.
1315 4825 1361 4875 Aa
1384 4822 1517 4891 Priucr'pi
1547 4823 1631 4887 fidem
1662 4826 1801 4889 falleret·
1816 4830 1850 4870 sn

71 4915 177 4977 sivum3
208 4913 251 4966 vel
270 4912 381 4982 quando
402 4912 437 4965 ab
462 4913 587 4968 hostibus
616 4920 713 4969 contra
730 4930 779 4967 nos
803 4888 919 4965 bellurn1
934 4916 958 4959 ct
997 4925 1015 4959 a
1054 4909 1149 4977 pactis
1183 4910 1333 4970 foederum
1366 4910 1499 4961 recedere
1536 4910 1573 4962 sit
1607 4911 1768 4978 inteprumi
1781 4881 1881 4974 {2¹:¹3⁸ss

71 5006 205 5066 movetur,
224 5005 255 5051 ut
273 4997 415 5052 advocatis
431 4997 587 5072 συμμάχοις
607 5000 681 5053 illam
699 5000 754 5052 vim
775 4998 905 5068 injustam
933 4991 1131 5046 Macbiavellus
1150 4993 1198 5050 lib.
1220 4999 1243 5048 2.
1260 5011 1359 5047 comm.
1372 5011 1396 5050 c.
1413 4999 1450 5048 te.
1473 5000 1501 5048 et
1521 4996 1555 5050 de
1576 4996 1663 5066 princ.
1684 5014 1706 5050 c.
1727 5002 1767 5052 ts.
1781 4985 1862 5076 w?

72 5084 178 5140 anobis
191 5083 371 5154 depellamus,
386 5083 460 5153 quod
470 5082 573 5136 bellum
589 5085 758 5139 defensivum
772 5056 1003 5157 nominarilillud
1034 5079 1116 5134 licere
1148 5087 1250 5135 censet.
1288 5081 1419 5133 Prudens
1451 5089 1477 5134 et
1510 5091 1608 5135 accim
1635 5083 1878 5154 princepstssrum·

71 5166 259 5228 domuerit*
934 5166 1048 5237 (inquit)
1071 5168 1156 5230 fidem
1181 5166 1254 5220 hosti
1277 5167 1374 5219 dolam
1403 5174 1429 5218 cl
1453 5168 1488 5219 ah
1506 5168 1568 5235 ipso
1588 5177 1661 5221 metu
1680 5169 1724 5222 ccl
1742 5169 1771 5222 ot'

25 5262 58 5303 ts.
110 5263 165 5311 157.
203 5255 244 5308 Ex
261 5255 303 5309 his
325 5255 404 5310 facile
423 5261 546 5325 apparet,
567 5255 633 5326 quid
652 5255 686 5308 ad
706 5254 843 5310 contraria
864 5270 905 5306 ar·
918 5258 921 5325 ¹.
934 5259 1070 5305 extortam
1089 5253 1262 5320 temporique
1282 5253 1521 5305 accommodatam
1539 5271 1589 5305 uec
1609 5255 1702 5322 debet,
1720 5270 1771 5307 uec

72 5346 205 5413 gumenta
231 5342 452 5410 respondendum
480 5341 522 5394 sit„
566 5347 586 5395 i.
617 5338 779 5392 t'lananaeae
811 5336 921 5409 gentes}
931 5346 1024 5407 potest
1043 5354 1165 5404 cauare,
1184 5337 1211 5389 ai
1228 5337 1285 5390 tale
1301 5347 1417 5407 pactum
1432 5340 1592 5406 oelsocdus
1609 5340 1771 5405 obfuturum

72 5426 167 5481 divino
190 5425 298 5495 judicio
327 5431 406 5480 amnt
431 5426 538 5481 excidio
563 5432 590 5481 et
616 5423 798 5479 internecioni
822 5394 922 5479 desti-l
936 5424 963 5477 ei
980 5425 1017 5477 sit
1042 5430 1124 5491 atque
1145 5427 1303 5479 occau'oues
1333 5433 1358 5479 et
1380 5424 1572 5493 necessitates,
1599 5442 1670 5494 qaae
1695 5425 1774 5478 istud

1354 5528 1412 5583 22*
