4020 6014
590 113 883 177 nummulo
901 113 1207 178 Eocmsmsmco
1688 64 1748 189 tit

55 268 95 321 Et
108 284 170 324 reon
184 269 276 325 solam
294 271 389 332 medo,
400 275 567 338 puerulus
583 269 672 325 inesse
686 273 818 326 ecclesiae
839 272 1062 342 hoclconjunati
1079 275 1213 344 separari
1233 292 1291 329 non
1311 274 1475 346 petribunt.
1509 275 1667 347 Polydorus
1687 277 1752 332 vtr-

54 355 206 425 rosdendi,
223 356 276 410 sed
292 357 378 409 credo
391 371 449 424 pro
467 356 537 409 bono
561 373 596 410 ac
613 357 704 412 salute
724 358 892 428 animarum,
917 358 999 430 gibus
1017 360 1065 418 lib.
1088 368 1112 416 b.
1129 361 1164 416 ds
1180 377 1232 417 rer.
1249 361 1352 418 invent.
1369 378 1431 432 csp.
1452 367 1483 417 t:
1503 363 1637 417 Forsitan
1659 372 1749 418 tame

55 445 133 511 quod
153 451 222 497 esset
241 442 354 496 sdssbre
373 449 521 512 statutum,
546 452 576 497 ut
593 446 720 499 calentes
740 447 890 514 continere,
917 447 1093 515 reipublicae
1115 446 1294 500 Christianae
1317 465 1402 517 quam
1426 465 1459 501 en
1476 449 1586 502 ordinis
1604 467 1656 502 usu
1675 457 1751 517 esset,

55 536 81 581 et
98 531 193 597 snapis
212 531 322 594 mermi,
338 530 544 599 relinqueretur
561 531 816 600 scismatieorum,
835 550 892 585 non
917 539 947 584 ut
965 535 1077 586 tandem
1097 533 1252 602 aliprando
1272 535 1318 599 ius
1337 535 1443 602 publici
1464 536 1640 590 matrimonii
1657 552 1748 589 sacer

54 615 180 668 wlentes
202 625 293 669 audem
318 617 457 670 continere
480 625 596 686 possent
621 618 797 686 contrahere,
825 619 891 688 quia
918 619 1028 671 dotibus
1046 619 1237 672 restitueretur
1256 619 1316 686 (sed
1335 619 1404 673 illud
1424 638 1455 674 ex
1470 620 1609 692 Polydoro
1632 622 1750 693 Virgilio

56 702 231 768 experientia
250 704 363 756 docente
389 703 549 755 contrarius
572 720 693 771 prorsru
715 706 829 774 effectus
850 720 890 756 se·
917 704 993 757 eradi
1007 705 1089 773 jubet
1106 704 1188 758 index
1208 714 1351 777 expurgat
1365 706 1471 778 Belgio.
1486 726 1513 778 p.
1529 710 1607 774 lot).
1636 707 1750 778 Stepha-

56 788 151 855 quitur
171 804 205 840 ec
222 787 277 842 illa
295 789 355 857 lepe
373 788 574 857 continentiae,
595 807 657 842 cum
675 789 758 843 hodie
776 808 831 842 non
850 774 905 861 ιη’-ξ
916 807 968 842 nus
989 790 1136 844 Aufrerius
1154 793 1298 848 canonista
1323 794 1351 846 in
1374 793 1416 848 tit.
1441 793 1476 848 de
1493 794 1663 864 presbyteris
1686 810 1750 849 con·

54 883 120 927 uanr
146 875 336 944 spiritualiter
357 892 407 928 nec
429 876 485 928 sint
505 875 618 939 mundi,
642 877 695 929 sed
718 875 1039 945 maculenturjugatis:
1062 877 1200 946 Tempore
1220 878 1331 948 (inquit)
1348 881 1510 948 primitivae
1531 880 1664 933 ecclesiae
1684 881 1750 934 lice·

55 959 156 1014 illicito
181 961 256 1014 coitu
284 978 346 1014 cum
376 979 470 1016 eorum
501 961 666 1028 pravissimo
688 971 817 1030 peccato,
844 962 905 1041 ubi,
918 962 965 1014 bat
991 963 1166 1030 presbyteris
1195 972 1221 1017 et
1247 966 1288 1017 sic
1314 966 1468 1018 constitutae
1497 983 1610 1019 acorem
1640 969 1749 1020 ducem.

55 1063 117 1099 cum
132 1047 258 1116 propria
282 1064 368 1101 unare
391 1055 462 1100 emet
480 1047 597 1100 castitas
613 1052 666 1102 etc.
685 1050 760 1101 unde
781 1046 938 1138 deberetpc.
952 1046 1379 1111 Quoniumstcntchliursrc,
1391 1050 1513 1108 distes:
1527 1053 1688 1105 Dummodo
1704 1054 1749 1106 die

56 1133 178 1186 roclena
193 1135 292 1195 facere
312 1135 385 1187 sicut
405 1134 490 1186 bonus
508 1133 645 1202 medicus,
665 1140 697 1186 ut
713 1133 740 1186 si
752 1135 891 1187 medicina
903 1182 905 1186 .
916 1135 1112 1188 celebrationis
1132 1135 1300 1188 abstinerent
1318 1154 1337 1189 a
1356 1137 1527 1205 conjupibus,
1544 1146 1642 1206 postea
1659 1139 1690 1191 in
1706 1155 1749 1191 oc·

56 1219 231 1287 experientia
248 1222 364 1275 docente
379 1222 476 1290 potius
497 1221 588 1286 officit
604 1237 688 1288 qnam
702 1222 811 1290 prosit,
830 1238 890 1274 eam
918 1221 1057 1274 cidentali
1076 1223 1197 1275 eeclesia
1224 1223 1297 1276 uenit
1312 1222 1480 1291 prohibitio,
1508 1230 1537 1274 ut
1561 1225 1703 1277 constituti
1720 1224 1750 1276 in

54 1307 148 1364 tollat.
184 1306 244 1361 Sub
268 1315 378 1378 tempus
402 1307 472 1362 illud
496 1307 607 1361 concilii
629 1306 795 1361 Basileensis
818 1324 891 1361 anno
915 1307 1006 1360 sacris
1023 1307 1168 1361 ordinibus
1183 1308 1311 1360 deberent
1323 1307 1467 1360 abstinere.
1490 1308 1665 1363 caliterete.
1685 1309 1748 1363 dist.

55 1393 167 1446 circiter
185 1398 258 1448 tibh.
278 1394 413 1464 quosdam
430 1393 631 1448 reformationis
659 1393 790 1448 articulos
806 1374 976 1463 impe-'ssd
995 1393 1143 1448 Concludit
1161 1394 1271 1464 itaque,
1300 1396 1376 1463 quod
1397 1403 1579 1464 praeceptum
1603 1395 1680 1448 illud
1703 1397 1750 1448 det

52 1483 131 1531 rator
148 1477 341 1549 Sigismundus
373 1480 493 1534 institnit
519 1480 577 1551 (qui
602 1486 698 1550 postea
720 1479 891 1551 Argentinae
917 1479 1062 1532 materiam
1084 1480 1265 1549 illaqueandi
1278 1481 1377 1550 plures
1395 1482 1505 1534 animas
1519 1489 1639 1550 propter
1656 1482 1749 1550 frapi·

55 1564 152 1619 excusi
170 1571 236 1618 sunt
253 1581 326 1620 anno
346 1567 431 1632 1520.)
444 1565 473 1619 in
486 1564 587 1635 quibus
605 1565 677 1621 inter
697 1572 789 1620 cetera
807 1565 891 1620 etiam
916 1566 1022 1618 litatem
1046 1574 1186 1636 nostram,
1216 1568 1280 1620 ideo
1303 1568 1407 1631 credit,
1435 1570 1512 1635 quod
1540 1569 1611 1620 sieut
1633 1569 1750 1622 ecclesia

56 1650 111 1705 hoc
127 1649 263 1705 babetur:
294 1651 366 1705 Plus
389 1652 461 1705 mali
485 1669 568 1720 quam
586 1653 652 1706 boni
668 1669 700 1705 ee
722 1653 827 1707 catini
845 1654 890 1705 de·
917 1652 1027 1705 inducit
1048 1652 1100 1705 hoo
1123 1662 1305 1722 praeceptum
1325 1653 1524 1716 continentiae,
1549 1655 1626 1722 quod
1642 1671 1749 1723 qnoque

56 1746 135 1791 creto
164 1739 193 1790 in
218 1738 335 1790 ecclesia
361 1745 482 1791 secrdum
511 1746 570 1805 est,-
601 1738 702 1791 melius
729 1745 755 1790 et
780 1738 891 1791 animae
916 1739 1063 1792 revocabit.
1100 1737 1220 1792 Thomas
1239 1738 1274 1792 do
1291 1738 1345 1793 Vio
1361 1738 1512 1808 Cajetanus
1534 1740 1683 1793 cardinalis
1706 1757 1748 1794 or·

57 1824 146 1876 trtius
165 1832 215 1890 est,
233 1832 263 1876 ut
279 1825 360 1891 iuxta
376 1825 462 1876 ritum
482 1824 615 1877 eccleciae
638 1824 787 1878 orientalis
810 1824 890 1877 cleri-
918 1823 989 1877 dinis
1012 1824 1257 1878 Dominicanorum
1286 1825 1361 1895 prior
1392 1831 1420 1880 et
1443 1826 1588 1896 inquisitor
1612 1827 1749 1898 generalis

10 1915 39 1959 ra
57 1912 99 1964 cib
116 1911 231 1964 licentia
250 1911 420 1964 concedatur
438 1911 553 1964 honeua
577 1911 758 1964 matrimonia
782 1919 891 1963 contra·
918 1916 983 1966 tom.
1005 1917 1026 1965 1.
1042 1912 1166 1981 opuscul.
1186 1917 1265 1966 tract
1286 1917 1333 1966 27:
1352 1912 1542 1981 Narratione,
1563 1930 1612 1966 nec
1630 1914 1751 1968 auctori

57 1998 153 2052 hendi.
188 1997 299 2052 Aeneas
324 1996 436 2067 Sylvius
461 1998 507 2052 lib.
533 2003 556 2052 2.
576 1997 611 2052 do
630 1996 728 2053 concil.
747 1996 831 2052 Basil.
850 2014 890 2050 re·
918 2004 976 2048 tate
1000 1999 1153 2068 probatur,
1191 2000 1268 2066 qnod
1293 1998 1419 2050 absolute
1448 1999 1588 2067 loquendo
1617 2002 1752 2053 sacerdos

57 2084 121 2151 fert,
142 2083 218 2153 qnod
242 2100 306 2136 cum
325 2083 354 2136 in
379 2082 495 2139 concilio
512 2082 666 2139 Basileensi
691 2083 892 2138 deliberaretur
914 2091 1009 2151 peccet
1026 2085 1217 2139 contrahendo
1230 2087 1452 2154 matrimonium
1471 2103 1520 2139 nec
1533 2088 1603 2139 ordo
1620 2087 1651 2139 in
1664 2106 1752 2157 quan·

60 2170 98 2225 de
115 2170 245 2241 eligendo
264 2169 390 2224 Amadeo
413 2167 570 2224 Sabaudiae
596 2170 668 2225 duce
685 2169 714 2224 in
731 2168 891 2239 pontificem
918 2174 1078 2235 tamardo,
1105 2189 1155 2224 nec
1175 2173 1247 2224 ordo
1265 2171 1295 2224 in
1315 2179 1448 2240 quantum
1468 2189 1549 2225 sacer
1566 2181 1620 2241 est,
1645 2182 1685 2227 est
1704 2176 1752 2228 im·

56 2255 216 2310 Romanum
242 2262 270 2309 et
294 2254 404 2310 obstare
428 2255 469 2309 illi
495 2255 646 2320 videretur,
676 2255 751 2326 quod
778 2271 890 2310 uxorem
915 2257 1055 2324 peditimss
1074 2257 1253 2312 matrimonii.
1289 2256 1327 2310 Et
1344 2262 1441 2327 postea
1464 2257 1620 2312 concludit:
1654 2259 1752 2313 Sacer·

56 2342 216 2406 habuisset,
241 2341 352 2413 quidam
375 2349 486 2413 patrum
510 2343 538 2396 in
556 2343 624 2396 haee
647 2342 732 2396 verba
749 2342 889 2412 prorupit:
918 2344 1025 2396 dotium
1048 2361 1105 2397 non
1132 2344 1266 2396 dirimere
1290 2350 1462 2397 contractum
1481 2346 1664 2410 matrimonii,
1695 2347 1752 2401 sive
1824 2349 1831 2357 “

56 2431 100 2483 Id
116 2437 208 2482 autem
225 2430 301 2496 quod
320 2429 355 2482 de
372 2445 457 2482 acore
477 2429 590 2497 dieitur,
607 2428 692 2482 nihili
706 2430 811 2498 pendo,
829 2445 890 2481 curn
917 2438 982 2483 ante
1003 2438 1070 2499 post
1091 2431 1207 2483 seclusis
1231 2429 1359 2482 omnibus
1382 2430 1490 2497 lapibus
1516 2434 1618 2484 stando
1645 2440 1752 2486 tantum

54 2533 116 2568 non
142 2516 232 2568 solum
248 2516 298 2583 qui
319 2531 432 2569 acorem
449 2515 559 2578 habuit,
582 2517 634 2568 sed
659 2531 772 2568 uxorem
798 2514 891 2567 adbuc
919 2517 950 2568 in
961 2517 1013 2582 his,
1033 2534 1134 2585 quasa
1152 2517 1263 2571 Christo
1279 2525 1305 2569 et
1316 2516 1453 2585 apostolis
1467 2517 1604 2573 habenrus.
1633 2517 1752 2574 *reiut

54 2601 162 2653 habens
176 2608 258 2668 queat
276 2600 389 2655 assumi.
427 2599 486 2655 Gur
506 2601 578 2655 enim
592 2602 738 2670 duputmn
754 2602 890 2664 doctores,
918 2619 950 2656 ex
969 2601 1103 2672 Oajetano
1129 2602 1281 2672 Gregorius
1304 2600 1339 2656 de
1363 2602 1471 2658 Valent
1494 2608 1518 2659 8.
1542 2609 1608 2660 tom.
1633 2611 1657 2659 l.
1680 2605 1750 2675 disp.

54 2704 97 2740 an
119 2695 253 2740 nummus
278 2688 381 2741 electus
403 2688 434 2740 in
453 2705 563 2757 papam
583 2689 665 2740 acori
689 2686 796 2740 solome
815 2685 890 2738 debi-
917 2693 942 2744 9.
969 2706 996 2759 q.
1023 2696 1047 2742 5.
1075 2693 1170 2758 punct.
1191 2688 1258 2743 ab*
1292 2687 1423 2742 Erasmus
1441 2689 1470 2742 in
1488 2706 1548 2760 cap.
1572 2698 1610 2746 19.
1635 2691 1749 2748 Mirm:

53 2782 116 2826 tum
132 2781 266 2841 uremur,
282 2774 340 2827 nisi
358 2775 490 2842 quoniam
510 2776 594 2828 etiam
615 2774 780 2842 conjupatus
800 2773 892 2841 recipi
919 2775 1051 2828 Scortari
1072 2776 1151 2843 licet,
1178 2792 1292 2828 acorem
1318 2778 1419 2829 ducere
1441 2776 1593 2840 nonlicet,
1621 2777 1648 2829 si
1660 2780 1748 2847 profi-

48 2860 164 2929 possit,
188 2860 357 2928 fuerisntque
381 2868 412 2913 ut
430 2861 523 2924 scitis,
553 2861 637 2913 etiarn
659 2860 689 2913 in
711 2859 889 2911 matrimonio
918 2868 1009 2912 tentus
1027 2860 1228 2930 concubinam,
1257 2870 1320 2914 sunt
1341 2862 1474 2915 catholici
1494 2864 1668 2933 sacmdotes5
1704 2866 1750 2918 sin

50 2948 210 3017 pontifices,
233 2962 283 2999 nee
309 2947 411 2999 Petram
435 2946 627 3016 apostolorum
641 2945 778 3015 princeps
803 2961 889 2997 uxore
917 2963 1031 3000 acorem
1064 2948 1124 2999 diei
1154 2948 1271 3016 malint,
1309 2948 1339 3000 in
1370 2948 1460 3017 ipnem
1492 2950 1688 3017 conjiciuntur.
1720 2951 1750 3004 in

54 3034 159 3087 caruit.
193 3033 270 3096 Quid
294 3033 349 3086 ista
375 3036 458 3086 modo
483 3033 648 3102 objicimus!
676 3032 802 3097 fortasse
832 3048 889 3083 non
919 3038 941 3088 1.
961 3032 1022 3088 Cor.
1041 3040 1064 3090 t.
1083 3051 1111 3104 p.
1130 3039 1193 3089 321:
1223 3035 1323 3087 Aetate
1341 3034 1431 3087 Pauli
1452 3052 1513 3088 curn
1535 3036 1606 3088 inter
1625 3038 1749 3090 innume·

53 3128 97 3174 est
112 3122 198 3189 pejus
215 3121 373 3174 sacmdotes
392 3137 475 3188 quam
488 3121 589 3189 plures
603 3119 730 3183 uaorari,
756 3118 889 3186 quoniam
916 3138 964 3173 ros
993 3120 1115 3174 ethnicos
1145 3122 1288 3190 perpauci
1316 3131 1406 3176 essent
1436 3120 1603 3192 Christiani,
1627 3124 1752 3189 fortusse

53 3207 139 3262 multi
154 3208 333 3260 salvarentur
350 3208 380 3260 in
406 3207 567 3260 sacerdotio
593 3206 765 3274 eonjupato,
794 3204 843 3272 qui
860 3206 890 3257 in
918 3209 1089 3259 commodius
1106 3216 1166 3260 erat
1186 3208 1325 3261 obstinere
1343 3226 1362 3261 a
1380 3209 1570 3277 matrimonio,
1596 3227 1669 3262 nunc
1692 3227 1750 3261 mu·
1831 3240 1834 3245 ·

54 3294 151 3348 sterili
164 3295 360 3364 presbyteratu
378 3295 557 3348 damnantur.
593 3290 671 3346 ldem
698 3289 809 3360 Sylvius
826 3306 890 3344 cum
917 3294 982 3345 tatis
1000 3294 1081 3346 rebus
1099 3295 1178 3348 haud
1195 3295 1254 3347 scio
1272 3313 1310 3347 an
1336 3295 1427 3362 mapis
1451 3296 1592 3363 expediat,
1625 3304 1751 3349 sanetum

52 3382 115 3451 jam
144 3379 269 3450 pontifex
298 3385 371 3435 esset
398 3386 426 3434 et
453 3378 521 3433 Pius
547 3377 576 3432 11
599 3377 802 3441 nominaretur,
830 3377 891 3431 reli·
917 3380 1082 3433 eonnubium
1107 3389 1133 3434 et
1158 3379 1367 3434 immaculatum
1393 3389 1484 3433 torum
1511 3389 1605 3434 sancte
1624 3399 1751 3451 pureque

56 3466 120 3537 quit
131 3467 185 3521 hoc
199 3466 318 3520 dietum:
337 3466 538 3520 Sacerdotibus
549 3482 653 3533 mapna
673 3466 892 3519 rationeadem·
917 3467 1024 3533 colere,
1056 3467 1140 3520 etiam
1171 3469 1346 3534 sacerdotes,
1378 3469 1405 3519 si
1438 3467 1487 3535 qui
1519 3485 1575 3520 non
1604 3469 1750 3536 continent,

56 3561 115 3607 tum
133 3553 301 3623 conjupiurn,
324 3554 429 3621 maiori
447 3561 539 3607 aretem
556 3554 766 3622 restituendum,
784 3551 890 3606 utl’la·
917 3555 1030 3621 wando
1055 3554 1154 3606 horum
1184 3562 1241 3606 tarn
1271 3555 1368 3621 inpens
1390 3554 1488 3620 ubique
1512 3553 1602 3622 copia.
1643 3552 1751 3610 Ibidem

56 3640 116 3693 tina
134 3640 164 3693 in
181 3639 232 3693 Pio
251 3639 287 3692 11.
306 3657 333 3709 p.
353 3645 411 3695 295.
430 3645 459 3694 et
476 3638 630 3694 Sabellicus
657 3637 704 3693 lib.
726 3644 750 3693 6.
768 3637 891 3693 enneade
917 3645 948 3693 ut
973 3645 1001 3692 et
1029 3638 1059 3691 in
1077 3645 1170 3692 annot.
1189 3638 1289 3708 Philip.
1310 3645 1334 3692 4.
1356 3657 1384 3709 p.
1404 3643 1462 3693 439.
1486 3638 1594 3707 statiit,
1625 3640 1750 3694 Paulum

61 3732 100 3781 to.
120 3744 147 3796 p.
169 3731 225 3780 502.
246 3725 378 3779 referunt.
413 3724 518 3779 Paulus
538 3725 574 3779 IL
599 3725 723 3795 pontifex
749 3725 890 3779 Romanus
917 3725 1076 3796 apostolum
1093 3724 1223 3778 hahuuse
1240 3725 1394 3793 conjupem,
1420 3723 1517 3794 σύζυγε
1539 3722 1643 3796 γνήσιε.
1683 3724 1749 3787 Qui·

57 3819 91 3867 ut
105 3829 138 3866 cx
159 3810 299 3867 Stanislao
316 3810 463 3865 Orichovio
480 3812 603 3866 Balacus
615 3812 709 3877 refert,
726 3826 789 3864 cum
807 3826 890 3882 quae
918 3813 984 3865 dam
1002 3810 1053 3864 hoc
1071 3812 1199 3874 referunt
1217 3813 1258 3864 ad
1279 3827 1392 3863 acorem
1416 3811 1518 3880 Pauli,
1546 3829 1610 3864 nam
1637 3810 1750 3866 &neca

57 3899 123 3953 dam
146 3900 276 3969 polimata
299 3898 403 3953 Romae
431 3899 544 3969 legisset
570 3898 600 3952 in
621 3914 650 3952 sc
668 3914 702 3952 ac
720 3897 806 3951 filiam
825 3897 890 3950 scri·
911 3903 1032 3965 possunt
1050 3904 1076 3950 et
1087 3897 1228 3962 feminino
1249 3912 1347 3967 ponere
1359 3897 1460 3966 accipi,
1476 3904 1539 3949 sunt
1551 3905 1642 3951 autem
1654 3898 1752 3967 mapni
1762 3915 1822 3957 χιιι
1834 3912 1877 3957 rsa

57 3992 120 4056 pta,
158 3984 339 4039 illacrimasse
374 3984 475 4039 dicitur
509 3992 538 4040 et
561 3984 597 4038 ob
623 3983 800 4039 acerbitatem
821 3982 890 4053 legis
917 3989 1045 4036 auctores
1069 3985 1149 4051 apud
1169 3981 1310 4048 Graecos,
1337 3982 1387 4051 qui
1404 3989 1519 4052 putant,
1551 3983 1675 4037 Paulum
1700 3986 1749 4038 ha·

56 4072 211 4128 coelibatus
233 4088 295 4126 cum
308 4071 403 4125 amicis
422 4072 620 4142 expostulasse,
638 4070 713 4141 quod
724 4071 757 4139 is,
770 4070 817 4141 qui
835 4087 891 4123 non
919 4070 1147 4132 dunscanorum,
1165 4078 1192 4123 et
1217 4077 1431 4123 consentaneum
1458 4078 1497 4122 est
1520 4070 1651 4123 mulieres
1676 4088 1748 4124 com·

58 4158 147 4213 solum
167 4157 316 4225 ecclesiae,
342 4173 437 4212 verum
462 4159 545 4213 etiam
569 4157 755 4212 continentiae
777 4157 890 4210 antistes
916 4157 1048 4210 mandari
1069 4157 1241 4210 mulieribus.
1267 4156 1296 4210 in
1323 4163 1346 4211 l.
1371 4155 1491 4210 Timoth.
1515 4162 1538 4211 3.
1565 4175 1592 4227 p.
1616 4163 1683 4212 469:
1716 4157 1750 4211 Si

56 4262 118 4300 esse
133 4243 256 4312 deberet,
275 4243 360 4298 filiam
376 4244 405 4298 in
423 4260 470 4299 ore
489 4251 573 4314 atque
589 4243 675 4299 oculis
688 4243 807 4297 civitatis
827 4260 890 4297 cum
917 4244 979 4312 quis
999 4246 1162 4312 perpendat
1186 4244 1285 4296 limum
1307 4251 1461 4311 temporum
1489 4251 1605 4311 statum,
1635 4251 1748 4312 quotam

58 4347 166 4384 summo
182 4329 284 4400 probro
301 4332 404 4385 versari
422 4331 537 4398 rideret,
557 4347 630 4402 quae
649 4330 700 4386 etsi
718 4330 891 4384 erateximia
912 4330 1071 4399 portionem
1097 4329 1237 4382 hominum
1261 4329 1474 4382 monarchorum
1490 4345 1588 4396 propes
1608 4337 1749 4398 occupent,

55 4404 269 4488 pulchritudine,
282 4417 474 4473 sconstiouem
485 4422 577 4472 tamen
592 4417 628 4473 ab
643 4433 672 4471 se
681 4421 768 4470 ortam
781 4413 892 4470 dolebat
916 4423 1027 4485 quotam
1045 4416 1224 4467 sacerdotum
1245 4421 1271 4467 et
1291 4415 1456 4468 clericorum
1480 4414 1614 4482 callepio,
1647 4413 1750 4467 deinde

57 4502 224 4570 existimari,
243 4519 305 4557 cum
324 4502 413 4574 legem
433 4504 487 4560 Dei
506 4504 590 4560 sciret
605 4522 674 4573 esse,
703 4520 759 4574 qua
778 4502 842 4555 huic
861 4502 890 4555 in
912 4503 1080 4572 perpendat,
1098 4501 1316 4570 quampaucie
1335 4509 1412 4554 tanto
1430 4518 1624 4555 numeravere
1642 4508 1750 4554 seruent

56 4589 231 4645 matrimonio
251 4590 327 4643 nasci
348 4590 462 4656 licebat,
486 4592 539 4645 nisi
564 4592 638 4647 idem
663 4589 815 4645 coelibatus
838 4587 889 4643 ob·
915 4589 989 4642 citae
1007 4588 1209 4655 castimoniam,
1239 4589 1270 4641 in
1288 4605 1359 4656 quae
1377 4588 1527 4641 libidinum
1544 4604 1648 4655 penora
1666 4604 1749 4655 qnam

57 4677 186 4743 muner,
211 4675 305 4745 itaque
332 4677 476 4732 consilium
501 4679 592 4748 ipsum
608 4675 732 4747 coepisse
759 4676 794 4730 de
811 4674 889 4729 resti·
915 4675 1055 4729 innumeri
1074 4675 1238 4742 mappam,
1262 4683 1366 4742 quanto
1387 4692 1448 4728 cum
1463 4673 1573 4742 probro
1592 4672 1750 4741 complures

57 4760 161 4816 tuendo
180 4761 355 4817 sacerdotnm
375 4763 547 4818 matrimonio
566 4763 673 4831 ferunt,
691 4762 766 4834 quod
785 4761 831 4815 ille
849 4768 888 4814 ta·
910 4763 1012 4830 palam
1031 4760 1131 4812 incesti·
1146 4761 1202 4813 sint
1221 4768 1247 4814 et
1272 4761 1423 4829 impudici,
1450 4759 1588 4826 fortassis
1604 4759 1750 4828 judicabit

58 4865 120 4903 men
138 4855 226 4902 morte
244 4857 409 4918 praeventus
431 4849 545 4921 exsequi
562 4867 618 4904 non
635 4849 735 4920 potuit.
762 4847 889 4903 (lusam
915 4848 1005 4915 mapis
1029 4847 1172 4916 expedire,
1199 4855 1228 4900 ut
1253 4848 1297 4909 iis,
1322 4849 1371 4915 qui
1389 4864 1510 4917 prorsus
1528 4864 1584 4899 non
1602 4848 1750 4917 continent,

57 4935 136 5006 epist.
156 4941 180 4990 2.
199 4935 236 4989 ad
254 4933 390 4991 Bohemos
409 4937 445 4991 de
465 4952 614 4991 commun:
638 4935 843 5005 Ooruequenter
860 4936 890 4987 in
908 4935 962 5003 jus
975 4935 1032 5000 fiat
1046 4931 1157 5001 publici
1173 4932 1354 5002 matrimonii,
1372 4934 1449 5001 meod
1461 4932 1564 5001 absque
1578 4933 1656 4988 mola
1668 4936 1750 5001 fama

59 5025 95 5078 N.
116 5024 149 5075 Τ.
171 5022 260 5076 uisum
279 5031 320 5075 est
334 5033 400 5091 post
424 5024 532 5092 aliprot
551 5029 677 5091 tempora
704 5028 795 5088 tuota:
824 5037 890 5091 ergo
914 5037 985 5089 pure
1013 5027 1161 5087 sanaeque
1184 5020 1277 5073 colant
1296 5019 1394 5088 potius
1422 5037 1505 5089 quam
1537 5019 1691 5086 infeliciter
1715 5039 1749 5075 ac

59 5125 113 5163 non
133 5108 225 5162 statim
244 5109 280 5163 ab
299 5111 484 5179 apostolorum
502 5107 681 5180 temporibus,
699 5108 748 5163 sed
765 5112 829 5177 post
841 5106 891 5161 ali·
917 5107 1037 5176 turpiter
1052 5106 1247 5172 libidinantur,
1273 5107 1425 5160 sedetiam
1444 5115 1525 5174 atque
1545 5107 1627 5160 etiam
1644 5124 1750 5172 uereor,
1836 5128 1840 5135 ·

59 5199 127 5265 quot
139 5195 248 5249 demum
259 5196 362 5262 secula)
381 5197 549 5250 irrationale
566 5197 638 5259 sore,
659 5195 782 5262 quadiu
801 5194 892 5247 sacris
917 5211 951 5247 ne
969 5210 1066 5246 cenmcs
1085 5191 1267 5246 ecclesiastici
1283 5200 1406 5246 castrent
1424 5193 1508 5246 hodie
1525 5191 1642 5247 clericos
1659 5195 1751 5248 cemus

59 5282 206 5336 ordinibus
225 5283 367 5336 existentes
385 5285 593 5352 contraherent,
618 5280 695 5350 quod
711 5280 739 5334 si
754 5282 893 5345 facerent,
918 5298 1002 5349 quam
1016 5280 1124 5348 pietas,
1144 5281 1210 5332 dum
1229 5279 1388 5343 metuimus,
1406 5298 1441 5332 ne
1460 5282 1537 5347 quod
1554 5287 1691 5349 tenemus,
1709 5282 1750 5333 in·

60 5370 238 5438 separandos
261 5386 333 5433 esse,
357 5368 408 5435 qui
427 5375 520 5426 tomen
546 5377 612 5425 ante
639 5375 772 5435 tanesiam
791 5383 810 5418 a
829 5366 892 5420 Deo
920 5367 1084 5437 tercrpiatur
1103 5372 1153 5418 aut
1171 5373 1244 5418 certe
1261 5364 1333 5418 nihil
1356 5368 1482 5420 accedat.
1506 5366 1536 5420 in
1555 5365 1699 5421 declamat.
1717 5367 1753 5422 de

113 5463 214 5505 Garhmdi
228 5464 274 5506 loci.
295 5463 327 5504 vl.
1393 5476 1424 5525 16
