4020 6014
226 283 287 339 278
800 272 923 332 Locus
940 268 1145 329 uouemus
1163 271 1342 335 QUARTUS

222 462 248 497 v.
268 451 292 500 7,
327 444 398 498 Rad.
411 429 481 495 nin
503 445 532 498 in
555 444 610 515 piel
629 446 766 514 tertiavit,
785 448 868 499 tertio
880 446 970 517 fecit,
991 443 1055 498 hinc
1083 458 1162 511 vero,
1187 441 1298 513 quando
1324 440 1499 514 magistratui
1526 458 1625 496 nomen
1646 442 1692 496 dei
1713 441 1861 510 tribuitur,
1889 440 1918 493 id

224 514 297 602 ²25le
327 537 356 585 et
375 517 462 604 251525
491 547 609 600 magnus
640 533 712 595 dua,
739 533 890 601 princeps,
919 530 1056 597 triumuir,
1084 545 1137 580 non
1155 526 1216 582 fieri
1233 527 1374 596 absolute,
1401 527 1450 582 sed
1469 534 1545 582 certa
1563 545 1625 582 cum
1642 528 1807 581 limitatione
1828 534 1856 583 et
1877 543 1918 581 re-

222 618 262 671 sic
279 617 369 671 dictus
393 623 425 670 ut
448 616 562 687 quidam
589 616 696 684 volunt,
726 618 799 688 quod
826 619 925 674 tertius
945 634 962 670 a
980 632 1056 686 rege,
1083 618 1194 682 spectu,
1219 630 1269 667 nec
1296 614 1420 683 proprie,
1446 614 1495 667 sed
1513 615 1638 682 fipurate
1666 622 1694 668 et
1721 613 1919 684 nuncupative.

222 712 254 758 ut
272 703 360 773 primo
376 703 414 756 sit
441 688 507 779 71ξῖ)
529 719 586 771 ree,
606 711 670 773 post
687 693 781 778 tigilla,
802 706 941 757 seoursdus
954 707 1057 772 etpost
1084 696 1129 752 Sic
1148 699 1183 754 de
1201 699 1298 770 Moyse
1318 700 1421 754 dicitur
1440 699 1526 753 Exod.
1547 706 1577 767 i,
1597 719 1621 755 v.
1649 706 1690 754 tt:
1724 702 1767 751 Tu
1787 700 1843 752 eris
1862 700 1922 768 ipsi

222 774 394 860 1111211521
413 806 430 842 a
447 806 513 860 rege
531 791 637 843 tertius.
673 789 730 843 Alii
756 789 824 843 alias
844 787 1056 843 1211111111τί-
1084 784 1233 855 (Abatoni)
1255 771 1400 852 &abab
1422 787 1452 838 in
1473 769 1760 860 Deum,'l¹arg.2*1'2‡
1787 787 1817 838 in
1835 789 1920 855 prin-

222 875 356 938 vationes,
384 874 441 930 vid.
470 875 671 946 Hieronymum
701 876 729 928 in
758 892 820 946 cap.
848 880 889 931 23.
917 873 1057 929 Essene*
1083 872 1180 938 cepam.
1213 888 1237 923 e.
1257 877 1280 939 l,
1300 889 1325 923 v.
1348 879 1375 927 1:
1400 874 1474 925 Ecce
1493 873 1626 925 constitui
1642 880 1668 925 te
1686 875 1769 925 deum
1788 872 1920 924 Pharao-

223 961 349 1016 Fuerunt
367 967 461 1016 autem
479 960 508 1015 in
527 961 631 1032 populo
650 960 803 1015 Israilitico
823 961 892 1015 varii
907 958 1143 1030 principes,.nis,
1173 956 1221 1010 ubi
1246 956 1356 1028 Moyses
1383 976 1439 1012 non
1467 956 1628 1027 simpliciter
1652 963 1680 1011 et
1697 957 1837 1024 absolute,
1869 957 1921 1011 sed

225 1047 260 1102 de
287 1047 388 1119 quibus
413 1047 537 1102 dicemus
556 1047 684 1111 inferius,
713 1046 824 1117 quando
842 1045 949 1116 species
969 1044 1057 1115 magi·
1084 1041 1152 1094 κατά
1181 1064 1206 1096 τι
1232 1049 1360 1113 respectu
1384 1044 1503 1098 Aaronis
1530 1043 1632 1097 dicitur
1649 1043 1732 1111 deus,
1758 1043 1922 1115 etquidem

224 1138 361 1187 stratuum
384 1132 615 1188 enumerabimus.
1084 1128 1248 1181 oosutitntns
1274 1129 1331 1184 sive
1355 1129 1446 1184 factus
1464 1130 1533 1185 deus
1550 1138 1664 1200 propter
1682 1129 1805 1183 divinam
1823 1139 1920 1183 auoto-

263 1226 301 1275 10.
328 1219 535 1289 Metaphoricae
559 1235 592 1272 ac
612 1216 830 1288 periphrasticos
854 1215 1056 1287 appellationes
1083 1214 1194 1267 ritatem
1214 1231 1247 1268 ac
1265 1221 1446 1285 potestatem,
1467 1233 1523 1286 qna
1542 1225 1601 1271 erat
1620 1216 1750 1271 munitus.
1786 1215 1921 1270 lrenaeus

224 1314 304 1371 sunt,
330 1307 404 1376 quod
422 1312 555 1360 vocantur
576 1311 598 1358 1.
617 1292 753 1378 Εἠὺξξ
772 1302 819 1370 dii,
839 1302 890 1358 Ex.
905 1308 951 1368 22,
967 1318 992 1355 v.
1014 1270 1129 1354 acilio.
1148 1306 1172 1355 3.
1193 1318 1216 1354 o.
1239 1308 1254 1356 o
1282 1318 1344 1372 pag.
1366 1308 1409 1357 ll:
1445 1304 1512 1357 Cum
1535 1319 1594 1367 eos,
1618 1305 1668 1370 qui
1690 1322 1746 1356 non
1771 1310 1836 1355 sunt
1863 1305 1921 1367 dei,

225 1379 360 1468 hirriat}
370 1410 426 1446 non
440 1390 684 1461 maledices,qu0d
697 1366 1071 1479 iinynrsnnicsicexponiturffi
1085 1386 1235 1456 Scriptura
1265 1390 1405 1470 nominat,
1434 1407 1490 1442 non
1524 1389 1553 1441 in
1584 1398 1671 1441 totam
1699 1389 1820 1442 ostendit
1852 1388 1921 1441 illos

225 1469 335 1551 1112111
364 1487 388 1532 et
417 1479 522 1532 aarum
552 1477 582 1528 in
609 1475 717 1544 populo
744 1484 791 1527 tna
818 1493 875 1527 non
898 1473 1159 1541 insolentissimos,
1177 1474 1229 1526 sed
1247 1492 1307 1525 mam
1325 1474 1423 1543 aliquo
1441 1475 1636 1528 additamento
1658 1483 1684 1527 et
1703 1474 1920 1544 sipnificatione,

224 1564 296 1619 Ibid.
316 1581 341 1617 v.
361 1570 389 1619 8:
410 1566 531 1617 Accedet
546 1563 686 1616 Dominus
705 1563 804 1615 ἀσιτιιισ
821 1543 971 1633 &tibist
984 1541 1134 1634 ¹&biper
1159 1576 1243 1627 ptam
1268 1562 1452 1614 ostenduntur
1469 1579 1525 1614 nan
1546 1578 1605 1615 esse
1622 1562 1676 1614 dei.
1714 1559 1787 1614 Ibid.
1805 1579 1831 1630 p.
1854 1566 1919 1615 176:

224 1654 265 1705 ad
283 1654 352 1705 deos
368 1651 426 1703 siue
443 1650 561 1717 judices.
598 1647 700 1701 Psalm.
722 1652 763 1715 82,
783 1664 809 1703 v.
832 1652 861 1702 1:
881 1645 961 1698 Dens
979 1642 1197 1723 starulMopses
1215 1645 1296 1698 homo
1315 1646 1375 1699 Dei
1392 1647 1527 1713 existens,
1554 1649 1622 1700 deus
1644 1646 1755 1717 (iuquit)
1774 1647 1859 1699 datas
1878 1657 1919 1700 est

224 1739 255 1790 in
274 1738 488 1805 conprepatione
507 1737 633 1790 deorum.
651 1750 675 1788 v.
696 1740 725 1788 o:
756 1733 820 1800 Epo
845 1730 924 1794 utri,
945 1749 994 1784 uos
1014 1726 1148 1793 diilante
1166 1731 1362 1797 Pharaonem,
1389 1749 1446 1785 non
1470 1741 1561 1786 autem
1579 1749 1643 1786 vere
1664 1734 1794 1785 ‹ioniinas
1821 1735 1919 1803 appel·

225 1825 300 1877 estis.
335 1822 396 1877 Vox
418 1806 547 1894 Ε’ῦᾞῐξ,
568 1826 717 1889 usurpatur
741 1827 800 1872 tum
821 1835 878 1886 pro
902 1835 967 1870 aero
993 1800 1176 1915 Deozlatum
1207 1836 1257 1871 nec
1284 1820 1353 1871 deus
1379 1826 1496 1872 σσσσειιτ
1519 1838 1537 1871 a
1557 1819 1720 1890 prophetie,
1750 1821 1802 1872 sed
1821 1821 1922 1888 fidelis

224 1916 337 1980 propter
365 1923 545 1978 personarum
573 1904 761 1977 pluralitatem
788 1902 889 1960 Genea.
924 1910 950 1967 1,
981 1920 1006 1955 v.
1037 1905 1200 1972 1.!Mopses
1225 1906 1353 1965 famulm
1379 1914 1405 1958 et
1430 1922 1525 1958 seruus
1548 1906 1606 1958 Dei
1630 1907 1735 1958 dicitur
1757 1923 1777 1956 a
1799 1905 1920 1976 Spiritu,

225 2011 286 2064 cap.
307 2000 348 2056 to,
367 2012 393 2048 v.
414 2000 453 2049 13.
481 1992 594 2047 Deuter.
617 1999 640 2060 5,
658 2009 683 2047 v.
703 1997 743 2046 28.
762 1998 813 2046 etc.
826 1995 947 2060 tumpro
961 1990 1057 2051 idolis,
1069 1980 1072 2065 Ι
1085 1992 1162 2059 quod
1179 2000 1204 2044 et
1224 2001 1292 2045 erat.
1329 1990 1481 2064 Gregorius
1501 1992 1594 2046 homil.
1615 1998 1639 2048 8.
1657 1991 1820 2049 iahtsah:
1838 1994 1920 2046 Deus

226 2096 297 2151 quae
315 2096 386 2134 vana
403 2079 562 2149 superstitio
580 2078 610 2131 in
628 2078 718 2132 locum
737 2076 790 2132 Dei
811 2075 917 2144 evehit,
936 2076 993 2131 Jos
1016 2077 1113 2157 ²3rli²³
1143 2078 1293 2146 Scriptura
1322 2097 1406 2132 sacra
1440 2080 1597 2148 aliquando
1628 2079 1832 2143 essentialiter,
1865 2080 1919 2131 ali-

226 2186 251 2223 v.
272 2172 313 2222 16.
348 2165 423 2220 Esai.
442 2172 493 2232 38,
522 2184 548 2219 v.
572 2171 611 2221 18.
632 2173 690 2219 tum
717 2181 767 2235 pro
787 2163 909 2231 anpelis,
941 2164 1197 2233 quorum'quando
1220 2166 1407 2232 nuncupative
1431 2165 1549 2228 diodor,
1580 2167 1645 2219 licet
1673 2165 1744 2218 enirn
1769 2184 1830 2218 cum
1854 2167 1919 2219 Deo
1934 2175 2007 2216 1111·

225 2269 310 2323 opera
338 2252 415 2307 Deus
448 2253 536 2307 utitur
566 2253 594 2305 in
624 2251 753 2321 operibus
784 2249 841 2303 suis
873 2246 1057 2318 perficiendis,
1084 2251 1313 2303 communicemus
1338 2251 1368 2303 in
1393 2252 1487 2303 multis
1514 2253 1671 2305 nominibus
1696 2259 1721 2304 et
1746 2254 1918 2321 operationi·

224 2340 326 2394 Psalm.
347 2345 388 2406 86,
409 2357 433 2394 v.
454 2343 481 2393 8:
504 2339 570 2390 Non
589 2337 746 2389 estsimilis
763 2337 805 2388 tui
825 2315 1058 2408 ΦῆῖξξέιΤθῐ·
1085 2337 1151 2402 tas,
1185 2338 1215 2390 in
1245 2340 1368 2390 essentia
1394 2346 1485 2391 tamen
1507 2356 1649 2407 nunquam
1676 2341 1919 2406 communicamus,

223 2443 291 2498 gum
318 2416 442 2498 thi'th
460 2408 570 2498 ’bagua
594 2425 666 2476 inter
690 2423 807 2490 ampelos
832 2425 971 2490 σσσσῑισις
998 2427 1057 2476 tum
1083 2422 1148 2474 ltine
1174 2423 1288 2490 Moyses
1307 2423 1364 2474 ait:
1394 2425 1474 2476 Deus
1494 2433 1556 2476 tuas
1575 2426 1656 2476 Deus
1674 2442 1747 2477 unus
1768 2433 1824 2495 est,·
1853 2426 1919 2481 inde

224 2512 344 2582 denique
363 2528 413 2581 pro
433 2511 590 2562 hominibus
609 2510 719 2579 mapnis
738 2518 763 2561 et
783 2511 902 2575 diuinis,
919 2507 1057 2580 dignitate
1085 2515 1126 2561 est
1152 2509 1227 2578 quod
1253 2509 1395 2579 apostolus
1426 2508 1575 2578 distinguit
1599 2509 1671 2562 inter
1696 2526 1792 2564 verum
1816 2510 1918 2578 Deum,

224 2597 443 2668 praestantibus,
473 2595 600 2648 nonnam
618 2594 670 2648 Dei
695 2593 862 2649 habentibus
883 2595 1000 2665 ejusque
1027 2594 1056 2646 in
1084 2594 1297 2663 quissimus,
1327 2599 1356 2649 et
1380 2593 1451 2648 inter
1474 2598 1643 2667 λιγομένους
1665 2595 1762 2665 θεούς,
1785 2597 1918 2668 quisunt

223 2685 303 2739 terris
320 2683 441 2746 vicariis,
461 2689 492 2736 ut
510 2687 575 2734 sunt
594 2681 742 2751 principes,
762 2681 914 2752 prophetae
933 2687 962 2736 et
979 2680 1055 2750 judi·
1085 2679 1164 2733 multi
1184 2686 1205 2735 1.
1222 2678 1284 2734 Cor.
1306 2685 1336 2743 8,
1355 2698 1381 2735 r.
1400 2687 1423 2734 5.
1442 2685 1472 2733 et
1489 2686 1511 2734 8.
1537 2681 1687 2735 intersum
1706 2682 1753 2752 qui
1771 2690 1813 2736 est
1832 2685 1917 2755 φύσει

225 2788 278 2834 ces,
297 2769 386 2824 Exod.
405 2773 446 2832 21,
466 2786 491 2824 v.
512 2774 536 2823 6.
555 2784 617 2838 cap.
636 2774 677 2830 22,
695 2785 720 2824 v.
740 2772 781 2824 28.
813 2766 914 2823 Psalm.
930 2772 972 2830 82,
991 2784 1016 2820 v.
1035 2771 1056 2821 l.
1084 2765 1157 2833 osis,
1176 2774 1205 2820 et
1222 2782 1278 2829 eos,
1298 2766 1346 2837 qui
1363 2771 1440 2820 θέσει
1460 2765 1523 2822 Gal.
1543 2775 1568 2835 4,
1586 2783 1610 2819 v.
1631 2773 1654 2822 8.
1674 2769 1870 2826 constitutione
1889 2781 1918 2826 et

227 2855 347 2920 Quidam
371 2856 425 2909 huc
447 2853 572 2908 referunt
594 2853 696 2907 Psalm.
725 2858 787 2921 138,
817 2871 842 2908 v.
870 2860 896 2908 1:
929 2853 1057 2907 Psallam
1083 2853 1200 2906 nominis
1220 2853 1433 2923 participatione
1452 2854 1491 2907 sic
1510 2863 1653 2910 vocantur.

230 2944 281 2996 tili
298 2960 394 2995 coram
409 2925 536 3014 0³2le
554 2938 603 2993 ubi
624 2939 706 2994 etiam
725 2940 760 2995 de
777 2939 884 3011 angelis
897 2938 985 3009 accipi
998 2943 1058 3008 pot·
1122 2946 1160 2995 11.
1199 2944 1221 2995 2.
1250 2923 1330 3015 ῑῆἦζξ
1365 2942 1414 3016 ³3²,
1440 2940 1502 3008 filii
1532 2941 1634 2994 excelsi
1663 2941 1721 2995 sive
1750 2940 1819 3010 Dei,
1850 2941 1949 3012 quint
1964 2946 2004 2985 F¹¹¹

227 3034 277 3084 est.
312 3026 477 3084 Ambrosius
500 3028 560 3081 15.
585 3026 620 3080 de
641 3025 697 3080 fide
720 3042 781 3094 cap.
803 3033 833 3079 5:
861 3027 941 3079 Deus
963 3041 1058 3077 secun·
1085 3023 1161 3079 Deus
1189 3034 1232 3080 est
1259 3027 1383 3080 encelsns
1404 3043 1489 3095 super
1516 3044 1620 3079 onmem
1645 3036 1749 3080 terram
1780 3036 1806 3080 et
1832 3030 1917 3081 ualde
1932 2999 2006 3038 ‘¹⁰⁰¹'

131 3138 137 3152 ι
227 3118 295 3169 dum
323 3115 488 3183 Scripturas
516 3121 565 3165 aut
595 3130 677 3166 11111
709 3121 748 3164 est
774 3113 869 3179 Deus,
901 3120 931 3163 ut
961 3111 1058 3174 Pater,
1085 3113 1225 3165 exsultatus
1243 3130 1328 3182 super
1347 3129 1440 3165 omnes
1459 3113 1535 3168 deos.
1573 3114 1672 3168 Psalm.
1691 3119 1732 3182 82,
1752 3131 1774 3167 v.
1795 3119 1829 3169 b:
1854 3117 1917 3182 Epo

225 3202 319 3256 Filius
348 3209 373 3254 et
396 3201 521 3269 spirius
550 3217 571 3252 s.
592 3207 641 3251 aut
657 3199 876 3266 nanaspauans,
903 3205 933 3249 ut
953 3198 1058 3266 ampeli,
1085 3201 1158 3266 diei,
1177 3200 1221 3252 aa·
1237 3217 1285 3253 vos
1306 3208 1331 3252 et
1344 3199 1406 3267 filii
1424 3199 1527 3252 enesim
1542 3218 1590 3252 uos
1609 3218 1710 3256 ornnes.
1750 3200 1853 3256 Psalm.
1877 3206 1918 3263 88,
2004 3258 2007 3263 ,

218 3288 354 3357 judicem
383 3295 432 3341 aut
460 3285 569 3349 salsus,
598 3293 629 3337 nt
661 3286 809 3337 daemones
839 3291 866 3335 et
894 3283 1058 3338 simulacra.
1084 3303 1110 3341 v.
1131 3292 1160 3339 7:
1189 3286 1257 3347 Quis
1280 3287 1311 3338 in
1332 3286 1408 3338 coelo
1426 3286 1592 3353 aequabitur
1611 3288 1750 3354 Domino,
1775 3290 1918 3341 assimila·

224 3373 364 3428 Dicuntur
383 3378 476 3425 autem
492 3354 614 3444 D’itbss,
646 3375 667 3425 1.
686 3369 752 3440 quia
769 3386 859 3421 sermo
881 3371 940 3422 Dei
952 3371 993 3422 ad
1011 3385 1058 3423 eos
1086 3373 1158 3423 bitur
1182 3372 1307 3424 Domino
1334 3355 1430 3437 Ε’ξῑς,
1451 3372 1500 3446 Ἦ
1526 3371 1555 3422 in
1583 3371 1653 3434 filiis
1677 3373 1815 3427 demum?
1850 3374 1918 3427 Tar-

218 3461 321 3528 sactns
340 3466 397 3525 est,
423 3464 455 3511 ut
475 3455 588 3526 exponit
606 3455 732 3510 Christus
752 3452 817 3508 toh.
840 3461 883 3520 10,
901 3473 927 3508 v.
946 3460 988 3511 35.
1007 3454 1060 3509 hoc
1086 3475 1166 3528 gum,
1196 3458 1378 3528 Symmachus
1397 3462 1426 3512 et
1444 3456 1548 3527 Aquila
1566 3456 1619 3511 buc
1636 3458 1721 3511 etiam
1739 3459 1862 3513 resonant
1880 3460 1919 3513 lo-

225 3545 350 3617 estquis
370 3543 502 3597 divinitus
519 3550 585 3596 sunt
603 3542 693 3596 vocati
717 3541 753 3595 ad
777 3539 900 3594 officium
925 3540 995 3595 illud
1019 3541 1060 3595 di·
1085 3560 1148 3597 cum
1177 3542 1277 3598 Genea.
1306 3550 1337 3612 8,
1359 3562 1385 3597 v.
1415 3549 1444 3598 2:
1487 3544 1561 3597 Filii
1594 3545 1655 3597 Dei
1682 3547 1813 3598 initiarunt
1842 3547 1920 3609 filias

226 3632 334 3696 vinum,
364 3636 396 3683 ut
426 3629 455 3682 in
478 3629 594 3699 imperio
618 3627 838 3682 administrando
868 3628 924 3681 sint
951 3626 1005 3682 Dei
1031 3628 1059 3681 in
1085 3632 1239 3695 horninum,
1275 3633 1341 3700 quia
1369 3630 1493 3701 Targnm
1530 3630 1652 3685 reddidit
1695 3631 1820 3707 ⁸3³2ss-
1857 3634 1919 3704 ³22,

226 3717 305 3773 terris
325 3715 436 3783 vicani3
461 3722 485 3770 2.
507 3716 574 3787 qnia
597 3733 653 3768 non
669 3716 803 3782 hominis,
830 3717 882 3767 sed
901 3717 960 3768 Dei
978 3716 1059 3783 judi·
1085 3716 1266 3785 Symmachus
1292 3724 1320 3771 et
1336 3717 1442 3787 Aquila
1460 3720 1516 3770 olel
1538 3715 1776 3782 δυναστευόντων,
1800 3718 1850 3774 sed
1868 3720 1919 3774 cir-

226 3805 300 3856 cium
317 3803 533 3864 administrant,
565 3802 648 3857 Dent.
668 3807 697 3863 1,
730 3817 755 3855 v.
785 3806 823 3856 17.
860 3806 883 3855 2.
902 3800 993 3856 Paral.
1019 3807 1059 3864 19,
1085 3805 1268 3860 cumstantiae
1289 3808 1389 3869 textus,
1408 3803 1572 3873 praesertim
1585 3804 1659 3873 quod
1673 3804 1834 3876 conjugium
1847 3805 1920 3861 inter

226 3909 252 3946 s.
273 3895 298 3944 6.
335 3894 360 3944 3.
382 3889 449 3958 quia
473 3892 554 3942 Deua
572 3889 643 3957 ipsis
661 3891 742 3941 adest
766 3887 794 3940 in
814 3888 933 3958 negotiis
951 3887 1059 3957 imperii
1085 3891 1156 3945 filios
1181 3889 1235 3944 Dei
1260 3897 1288 3944 et
1309 3888 1382 3943 filias
1403 3888 1545 3944 bominum
1569 3889 1641 3944 inter
1658 3891 1776 3956 scelera,
1804 3900 1920 3963 propter

228 3985 257 4032 et
279 3974 380 4045 judicii
405 3974 544 4044 gerendis,
568 3973 671 4030 Psalm.
697 3979 738 4041 82,
759 3991 784 4028 r.
810 3981 830 4039 1,
867 3973 1001 4030 2.Ρ1111.
1022 3980 1061 4037 19,
1087 3992 1158 4047 quae
1178 3976 1312 4029 diluvium
1331 3976 1385 4028 fuit
1401 3974 1567 4044 immissum,
1589 3982 1810 4041 connumeratur,
1830 3980 1917 4032 mani·

227 4079 254 4125 v,
273 4068 296 4116 6.
332 4058 459 4114 Justinus
480 4060 511 4114 iu
535 4077 581 4130 qq.
607 4067 634 4115 et
660 4076 732 4129 resp.
760 4060 796 4113 ad
825 4058 931 4115 orthod.
956 4078 981 4130 q.
1007 4066 1060 4116 142.
1086 4063 1156 4117 feste
1174 4061 1338 4129 ostendunt,
1356 4076 1408 4130 per
1422 4061 1499 4124 filios
1516 4061 1576 4113 Dei
1592 4060 1637 4114 hic
1656 4061 1776 4133 intelligi
1793 4073 1918 4132 posteros

228 4168 256 4219 p.
277 4154 324 4203 78:
350 4148 391 4201 Et
408 4147 517 4214 capelia
537 4156 562 4199 et
581 4147 735 4200 hominihus
753 4154 872 4214 propter
887 4147 1060 4200 commissum
1086 4157 1243 4203 sanctorum
1268 4146 1500 4218 patriarcharum,
1526 4147 1574 4218 qui
1596 4160 1660 4202 cum
1684 4149 1752 4213 siliis
1771 4151 1919 4219 hominum,

227 4235 283 4289 sibi
299 4250 398 4288 munus
415 4234 512 4285 datrsm
531 4240 571 4284 est
593 4233 717 4287 obtinere
741 4233 801 4285 Dei
818 4239 844 4284 et
863 4232 1061 4301 dipnationem,
1086 4235 1114 4289 id
1140 4243 1182 4289 est
1205 4233 1376 4289 (lainitarum
1396 4234 1537 4304 progenie,
1564 4251 1582 4289 a
1601 4250 1667 4288 vera
1692 4235 1810 4290 ecclesia
1828 4237 1920 4292 ahena

229 4332 254 4375 et
273 4319 500 4390 appeliationem,
531 4319 581 4385 τὴν
611 4317 688 4379 τάξιν
714 4321 760 4370 snt
790 4317 839 4383 τὴν
860 4324 1059 4391 προσηγορίαν,
1087 4321 1248 4392 conjugium
1273 4321 1402 4375 inierunt.
1446 4320 1620 4392 Augsmtinus
1647 4321 1694 4377 lib.
1724 4329 1761 4378 15.
1787 4322 1821 4378 de
1845 4324 1919 4377 civit.

228 4425 282 4479 quo
307 4422 420 4460 manue
443 4405 516 4459 obito
541 4405 671 4457 desinant
703 4404 802 4457 uocari
825 4405 887 4472 dii,·
914 4405 1060 4473 principes
1087 4408 1140 4462 Dei
1160 4424 1184 4461 c.
1202 4411 1251 4462 23:
1279 4409 1422 4461 Dicuntur
1439 4407 1496 4468 filii
1513 4407 1586 4473 Dei,
1614 4409 1657 4462 uel
1676 4410 1743 4479 quia
1761 4410 1829 4463 olim
1848 4413 1920 4465 tales

228 4495 299 4549 dicit
323 4494 390 4546 deos
416 4508 474 4559 pro
499 4507 546 4557 ea,
575 4491 652 4559 quod
669 4500 716 4557 cst,
740 4491 811 4543 dedi
826 4490 903 4543 uobis
920 4491 1059 4558 honorem,
1087 4498 1218 4561 fiserant,
1250 4494 1293 4546 vel
1324 4494 1393 4562 quia
1422 4493 1547 4560 majores
1583 4494 1726 4563 ipsumam,
1759 4512 1792 4549 ea
1821 4499 1920 4566 quibas

228 4581 392 4651 dipnitatem
423 4584 449 4630 et
489 4575 709 4644 appellationem
743 4593 847 4643 mmm,
887 4574 970 4648 τιμὴν
1013 4582 1059 4630 nal
1088 4580 1205 4634 oriundi
1239 4587 1334 4647 mant,
1371 4580 1443 4631 lane
1478 4580 1697 4650 appellationem
1734 4583 1920 4651 obtinuerunt,

228 4664 305 4727 τάξιν
329 4670 375 4716 τισι
400 4664 509 4731 κλῆσιν,
544 4662 637 4730 itaque
662 4662 785 4728 perinde
810 4662 940 4731 judicate
970 4681 1059 4733 popu·
1087 4671 1195 4721 constat
1211 4663 1286 4719 euim
1305 4679 1339 4718 ex
1359 4663 1454 4734 Suida,
1475 4666 1591 4719 Sethum
1610 4665 1682 4721 inter
1699 4667 1822 4724 homines
1835 4669 1919 4724 deum

227 4753 301 4815 lum,
331 4768 365 4803 ac
393 4751 420 4802 si
451 4765 501 4818 epo
528 4749 588 4817 ipse
610 4747 784 4815 judicarem.
826 4748 963 4803 Divinitas
992 4765 1060 4820 ergo
1086 4751 1256 4821 appellatum
1277 4748 1372 4805 tuisse.
1409 4750 1579 4806 Cainitarum
1601 4750 1675 4807 tiliae
1694 4753 1825 4808 dicuntur
1844 4754 1918 4811 filiae

228 4837 384 4910 principum
398 4853 432 4890 ac
442 4835 569 4906 judicum
585 4851 641 4890 non
655 4833 814 4905 quaerenda
829 4841 871 4888 est
888 4835 917 4888 in
937 4835 1059 4905 ipsorum
1086 4837 1174 4905 07⁸,
1194 4841 1226 4890 ut
1243 4835 1422 4907 significetur,
1440 4838 1514 4908 ipsas
1535 4839 1652 4910 gessisse
1671 4839 1820 4911 imaginem
1832 4841 1918 4908 illam,

229 4923 365 4995 personis,
396 4939 468 4993 quae
495 4929 560 4975 sunt
586 4936 643 4975 una
672 4938 734 4974 cum
766 4920 879 4992 reliquis
902 4920 1059 4976 hominibus
1086 4923 1239 4977 secundum
1266 4939 1349 4994 quam
1377 4922 1503 4978 Adamus
1531 4924 1634 4994 primus
1667 4925 1775 4996 generis
1805 4925 1919 4981 humani

228 5009 366 5064 humanae
392 5007 537 5078 fragilitati
563 5005 711 5072 obnoxiae,
744 5006 792 5061 sed
821 5013 842 5060 1.
866 5005 895 5059 in
912 5023 954 5072 eo,
979 5008 1060 5077 cujus
1087 5026 1188 5079 parens
1207 5009 1308 5063 liberos
1328 5010 1434 5079 genuit,
1454 5025 1509 5064 non
1526 5015 1620 5063 autem
1637 5008 1722 5066 fuisse
1740 5011 1845 5082 Spiritu
1865 5013 1919 5068 Dei

229 5101 294 5150 sunt
324 5093 441 5148 ministri
472 5099 501 5146 et
517 5109 535 5146 a
553 5110 607 5164 quo
626 5093 662 5148 ad
681 5092 758 5148 illam
776 5091 975 5147 sublimitatem
995 5098 1060 5147 sunt
1087 5102 1273 5165 regeneratas.
1312 5094 1413 5149 Posset
1443 5105 1535 5151 tamen
1564 5094 1715 5151 Chaldaica
1740 5097 1918 5169 paraphrasis

229 5182 332 5243 evecti;
362 5185 385 5234 2.
409 5178 438 5232 in
463 5179 525 5248 ipso
551 5179 706 5249 imperandi
724 5193 759 5232 ac
775 5176 921 5247 judicandi
939 5195 1061 5243 munere,
1087 5182 1141 5235 hoc
1159 5199 1241 5236 sensu
1259 5180 1363 5250 accipi,
1381 5197 1437 5235 non
1457 5181 1531 5252 quod
1548 5179 1674 5237 absolute
1694 5190 1723 5238 et
1739 5201 1790 5254 per
1807 5202 1837 5241 se
1854 5202 1918 5256 pec·

228 5267 303 5338 quod
330 5265 366 5321 ob
391 5263 569 5333 sapientiam,
591 5264 731 5334 justitiam
755 5271 784 5318 et
807 5263 976 5334 aequitatem
995 5281 1059 5320 vere
1087 5275 1180 5321 catum
1208 5267 1306 5334 fuerit,
1338 5265 1412 5335 quod
1443 5264 1494 5318 filii
1522 5264 1702 5334 dynastarum
1731 5270 1867 5342 ignobiles
1890 5271 1918 5325 in

229 5352 366 5422 divinum,
387 5357 412 5406 3.
430 5348 569 5404 infructu
588 5356 617 5404 et
636 5349 738 5405 effectu
756 5348 840 5420 hujus
859 5349 994 5418 manens,
1015 5351 1059 5405 cui
1085 5353 1248 5424 conjugium
1277 5347 1459 5415 adsciverint,
1489 5354 1520 5403 ut
1543 5350 1667 5407 Rabbini
1690 5364 1839 5426 nugantur,
1868 5358 1916 5412 sed

228 5438 457 5509 tranquillitatem
475 5436 629 5506 publicam,
656 5452 729 5509 quae
752 5443 795 5493 est
814 5432 979 5490 beneficium
994 5454 1059 5493 vere
1085 5440 1160 5512 quod
1187 5443 1350 5513 magnatum
1374 5446 1408 5484 ⁸⁰
1432 5433 1589 5507 principum
1613 5439 1695 5496 liberi
1720 5460 1771 5496 sua
1793 5444 1945 5513 potentia'

142 5592 147 5601 1
229 5523 367 5594 dunum,
401 5523 519 5581 maxime
560 5523 702 5583 debemus.
756 5521 966 5580 Observandum
990 5538 1056 5581 vero
1084 5525 1149 5583 freti
1177 5526 1291 5599 quassis
1306 5515 1496 5590 oppfflflrint
1513 5528 1543 5577 et
1560 5541 1661 5598 ragam
1676 5526 1822 5585 libidinem
1840 5547 1915 5587 exer
