4020 6014
54 13 241 22 ———

81 4777 137 4821 XIV.
150 4776 195 4820 it&

200 101 262 158 cen
778 89 1123 177 nocusvncrsmus
1142 90 1322 157 cumane

200 246 401 300 subtraherent.
431 247 549 299 Dictura
567 253 608 299 est
624 251 717 299 cutem
729 245 785 298 sis:
805 245 952 298 Neruinem
970 263 1033 299 cca·
1062 243 1144 314 cipit:
1169 245 1260 299 Verba
1277 243 1421 298 driutius
1438 243 1588 313 Baptistae
1607 244 1678 313 quid
1690 243 1734 296 ad
1751 258 1806 295 nos
1820 239 1901 296 etet

201 332 356 399 assessu,
374 330 638 384 turrecremata
651 329 791 397 sestrice.
810 331 940 398 astreas
957 330 1034 384 soca
1062 330 1169 384 casa
1183 331 1342 399 pesam,
1362 337 1394 383 u
1414 346 1447 382 a
1463 330 1526 383 ssa
1543 314 1656 383 mais
1674 344 1807 382 mmm
1821 332 1902 396 psu-

200 417 370 484 sirpends'um
394 423 524 469 castrans.
562 414 668 477 Quibus
688 415 840 483 preprium
865 416 1144 485 stipendiumimus!
1170 417 1237 469 Non
1263 423 1326 469 erat
1343 415 1489 469 ,Iohannes
1507 416 1643 484 Baptista
1668 414 1724 467 illa
1740 413 1804 477 las,
1831 428 1903 481 quac

201 503 335 565 sufficere
351 503 452 555 debere
471 502 623 569 praecepit,
642 501 766 554 militare
785 501 879 568 utique
897 519 953 555 aon
968 516 1114 569 pro-¹acs
1137 500 1300 554 illuminare
1327 501 1459 566 deheim,
1489 503 1542 553 sesi
1567 500 1692 554 Christus
1714 507 1755 552 est
1779 498 1838 551 ilia
1854 497 1904 552 lus

201 585 297 639 hibuit.
325 585 404 640 Idem
420 586 470 640 lib.
487 593 529 643 22.
548 592 636 643 canu.
649 586 744 640 Fami.
757 602 781 639 c.
794 592 836 641 it.
855 586 931 639 eirca
950 580 1139 651 med.:{serc,
1152 586 1495 654 quesitumiuotomnem
1506 586 1654 639 bominem.
1681 584 1833 638 Joiasass
1844 583 1904 635 Ba·

202 672 270 724 Nisi
294 672 368 724 bellu
394 689 413 725 a
433 673 511 725 bortis
535 672 643 738 assmpi
660 679 786 739 possent,
811 671 958 724 Jobcanes
975 689 1036 723 cunc
1049 658 1152 795 iptista
1169 672 1281 723 initium
1297 672 1367 734 fecit
1387 672 1541 739 evangeiii,
1568 658 1770 740 poenitentiam
1794 676 1904 721 tantum

202 758 243 809 ad
259 774 319 810 curn
332 757 496 825 bapts'rcndi
514 757 615 809 milites
638 758 762 810 uenirent
775 758 913 809 stireman:
934 758 973 809 Et
987 774 1038 808 nos
1064 771 1178 822 eamque
1197 773 1229 808 ec
1244 763 1327 824 parte
1340 757 1543 825 praedicabat,
1567 759 1669 808 nedum
1692 763 1723 809 at
1747 756 1821 824 quid
1847 771 1904 806 om·

203 843 273 910 qaid
283 843 444 905 facierum!
463 844 643 910 responderet
655 843 710 895 cis:
730 860 811 896 arma
823 842 945 909 abjicite,
964 843 1036 893 miii-
1048 800 1052 921 l
1063 841 1130 893 aiau
1148 859 1219 894 nouo
1239 840 1346 894 Christi
1359 842 1468 912 populo
1487 843 1656 910 sepiendum
1682 849 1760 903 essa,
1778 841 1903 893 doceret.

202 929 271 980 tiam
289 927 371 980 istam
389 928 522 995 deseras,
548 928 684 981 neminem
702 927 855 996 percutite,
881 927 1037 993 vulnerate,
1069 927 1123 985 (tui
1145 926 1237 979 minor
1262 932 1303 979 est
1327 927 1357 980 ia
1379 943 1466 996 repro
1491 926 1647 993 coelorum,
1673 926 1769 993 major
1788 932 1830 977 est
1848 925 1902 977 Jo-

197 1015 368 1080 prosternite
392 1015 534 1066 nescirem.
570 1012 634 1066 Sed.
654 1014 721 1081 quia
745 1014 856 1077 sdebci,
881 1031 941 1076 eos,
975 1031 1035 1065 cum
1063 1012 1153 1064 ianne
1177 1012 1333 1080 Baptista,
1361 1013 1413 1065 boc
1439 1020 1479 1065 cst
1503 1013 1692 1080 unisquisque
1718 1009 1903 1063 Christianus

202 1099 270 1151 irasc
286 1099 436 1152 militando
455 1101 599 1163 facerent,
626 1118 682 1153 non
708 1116 767 1153 csse
785 1100 954 1165 homicidas,
986 1101 1038 1150 ssd
1061 1098 1127 1166 plus
1144 1098 1227 1150 babet
1245 1098 1413 1164 counitionis
1429 1098 1545 1150 divinae
1562 1096 1714 1150 uoluntatis
1742 1113 1830 1165 quani
1849 1096 1903 1148 Jo-

203 1185 345 1239 rninistros
364 1186 435 1253 lepis
463 1194 489 1239 et
507 1204 563 1237 non
585 1186 691 1239 altores
716 1187 890 1254 injuriarum
914 1202 1037 1251 accrum,
1063 1184 1169 1236 baanes
1187 1185 1323 1252 Baptista
1349 1201 1406 1253 orca
1441 1184 1578 1253 baptista,
1614 1183 1851 1250 qwmasimodum
1875 1189 1901 1234 st

202 1272 254 1324 sed
273 1272 375 1323 saliuis
391 1272 524 1337 psalticae
543 1273 713 1335 descisceret,
734 1272 880 1340 repondit
902 1271 956 1324 eis:
983 1272 1035 1323 Nc·
1062 1269 1208 1322 Joiaaacs
1225 1271 1321 1337 major
1346 1277 1407 1322 erat
1425 1270 1550 1323 omnibus
1566 1268 1720 1337 prophetis,
1746 1268 1816 1336 quia
1833 1267 1902 1336 plus

202 1357 304 1408 minem
323 1357 518 1409 concusseritis
535 1364 587 1410 etc.
626 1356 751 1411 Observa
770 1364 792 1411 l.
810 1356 964 1411 Jobannem
983 1355 1036 1407 Ba·
1049 1360 1051 1401 Ι
1064 1355 1231 1424 coprciticm's
1249 1355 1363 1407 diuinae
1379 1356 1532 1409 voluntatis
1551 1355 1681 1417 babebat,
1702 1370 1787 1421 quam
1806 1369 1922 1425 onustesv

202 1440 314 1511 ptistam
334 1458 395 1509 ecs,
420 1442 467 1510 qui
491 1442 527 1495 ad
547 1441 714 1510 baptismum
735 1459 814 1495 suum
832 1447 974 1504 venerant,
992 1458 1036 1496 ex·
1064 1449 1130 1494 ante
1147 1458 1208 1493 acm
1222 1440 1394 1510 prophetam·
1419 1443 1557 1508 womodo
1583 1441 1670 1509 igitur
1688 1456 1708 1491 a
1724 1439 1860 1492 Jobaane
1874 1448 1901 1490 st

201 1527 340 1581 hortatum
350 1526 444 1592 fuisse,
456 1535 486 1580 ut
490 1528 625 1594 fussent
637 1529 924 1597 snectuspoenitcatia
936 1500 1197 1596 dr'pnos'doctrs'na
1225 1526 1286 1593 rjus
1309 1526 1422 1580 decadi
1444 1542 1568 1579 normam
1589 1531 1688 1593 petant
1719 1524 1901 1578 Christiani!

205 1630 230 1668 v.
250 1616 274 1667 8.
294 1628 349 1683 qua
369 1612 501 1666 concione
517 1612 629 1667 excitati
653 1614 735 1668 etiam
761 1614 860 1668 milites
888 1613 1038 1683 interroga-
1064 1610 1107 1664 ld.
1132 1616 1203 1665 cont.
1230 1610 1301 1680 disp.
1321 1617 1345 1666 t.
1365 1610 1484 1680 priorem
1504 1610 1636 1664 debonis
1661 1609 1766 1679 operib.
1786 1626 1813 1678 p.
1836 1613 1900 1663 2⁴3:

205 1703 284 1760 runt,
301 1698 438 1768 quomodo
455 1704 484 1752 et
502 1697 554 1766 ipsi
573 1698 679 1753 auctus
692 1699 862 1767 poenitentia
881 1699 980 1770 dignos
997 1699 1037 1752 ie·
1064 1698 1131 1751 Non
1145 1697 1285 1765 potestid
1296 1697 1375 1765 queri
1390 1696 1537 1749 Johcancs
1558 1696 1691 1764 Baptista
1708 1695 1900 1763 militerjatst

207 1799 268 1838 cere
299 1790 327 1837 et
357 1784 469 1838 exitium
498 1784 742 1854 impoenitentibus
759 1794 885 1854 paratum
914 1785 1038 1857 effugere
1066 1790 1282 1837 assuescentes
1302 1781 1545 1849 stipendiissais,
1564 1781 1691 1849 sepulum
1708 1780 1824 1834 urendi
1843 1780 1900 1833 cui-

206 1876 335 1938 possent,
353 1868 454 1938 quibus
472 1868 614 1925 Johannes
632 1870 760 1941 Baptista
775 1888 808 1924 eo
826 1871 909 1925 modo
927 1888 1036 1941 respon-
1065 1885 1117 1938 pite
1129 1868 1338 1937 procreatore,
1357 1867 1504 1919 Joiunner
1522 1867 1595 1919 enim
1612 1884 1668 1920 raon
1687 1873 1749 1918 erat
1768 1865 1825 1919 iiia
1843 1865 1900 1932 las,

206 1955 268 2008 det:
295 1956 440 2007 Neminem
469 1956 635 2006 conmaintis
660 1961 712 2009 etc.
730 1973 763 2009 ex
789 1973 844 2025 quo
865 1956 1038 2027 intelligitur,
1064 1955 1116 2007 ssd
1140 1961 1170 2005 ut
1192 1961 1341 2006 testaretur
1368 1954 1403 2004 de
1420 1952 1499 2021 luce,-
1523 1950 1653 2005 Otrous
1674 1950 1813 2004 cratitio
1832 1967 1900 2004 cera

205 2037 328 2093 efficium
340 2039 458 2093 militum
474 2056 538 2093 cum
546 2058 617 2096 ,vera
635 2041 807 2112 poenitentia
825 2048 855 2096 et
869 2058 1037 2112 consequeu—
1063 2041 1121 2102 lac,
1140 2055 1212 2108 prce
1233 2038 1375 2092 illuminat
1393 2053 1502 2090 omnem
1526 2036 1662 2089 homiaem
1684 2037 1714 2088 irs
1732 2037 1805 2090 tanc
1823 2053 1900 2089 maa·

206 2130 247 2179 ter
265 2142 328 2178 cum
349 2125 452 2194 pietate
476 2127 626 2180 consistere
649 2143 739 2196 posse.
777 2133 802 2180 2.
829 2127 1037 2197 approbatione
1064 2128 1131 2177 cium
1148 2124 1265 2176 senuas.
1302 2121 1430 2175 Cirn'stas
1447 2129 1489 2174 est
1509 2122 1664 2189 euangelii,
1689 2124 1817 2190 meoque
1834 2123 1902 2174 acui

205 2209 324 2279 exempli
348 2210 376 2263 in
400 2211 526 2280 subjecto
551 2211 699 2280 approbari
723 2229 780 2266 rem
800 2212 829 2265 in
853 2228 955 2280 genere
973 2218 1002 2266 et
1021 2230 1039 2264 a
1064 2211 1176 2263 uisendi
1190 2209 1300 2276 pencris
1318 2215 1429 2276 mator,
1453 2208 1488 2259 ab
1511 2208 1563 2260 toc
1590 2207 1678 2273 iprtur
1696 2208 1805 2271 omnin,
1830 2223 1901 2275 quae

206 2296 340 2349 concretis
369 2296 404 2349 ad
432 2297 574 2351 abstracta
605 2299 634 2351 in
664 2297 712 2351 tali
744 2298 856 2368 negotio
885 2297 1036 2368 legitimam
1064 2299 1106 2350 cd
1122 2301 1209 2350 cuam
1226 2296 1412 2364 resispispae
1424 2296 1741 2362 ducendampcrtinent‚
1762 2295 1899 2347 descende

205 2381 278 2435 necti
297 2382 529 2452 consequentiam.
561 2382 600 2438 Ut
617 2399 683 2453 ergo
701 2388 776 2437 recte
797 2383 941 2449 concludo,
959 2382 1037 2437 Chri·
1063 2389 1134 2435 sarri.
1170 2380 1251 2436 Hanc
1270 2382 1458 2450 exceptionem
1485 2386 1627 2435 mutuatus
1648 2386 1690 2433 est
1714 2378 1900 2435 Scbmaltzius

205 2473 265 2519 stus
284 2469 448 2537 conjugatos
467 2468 504 2521 ad
523 2468 710 2537 apostolatum
735 2469 854 2535 vocavit,
884 2486 951 2540 ergo
973 2485 1036 2524 con·
1064 2465 1312 2536 abAnabaptistis,
1331 2466 1379 2535 qni
1398 2467 1550 2536 parimodo
1569 2466 1718 2535 excipiunt,
1740 2466 1901 2518 Joiccnaem

203 2553 313 2623 jugium
334 2553 362 2606 in
380 2554 504 2622 personis
525 2554 719 2608 ecclesiasticis
737 2555 888 2625 approbat,
914 2555 954 2608 ita
971 2572 1037 2625 quo·
1061 2553 1223 2622 permisisse
1244 2552 1345 2606 bellurn
1362 2553 1486 2605 Judseis
1509 2562 1539 2604 nt
1559 2551 1740 2620 imperfectis,
1761 2552 1901 2603 curarem

206 2652 259 2707 que
284 2643 359 2690 recte
383 2636 487 2701 infero,
512 2637 654 2692 Johannes
673 2639 802 2708 Baptista
818 2640 917 2709 recipit
940 2640 1039 2694 milites
1065 2647 1158 2691 autem
1175 2638 1259 2706 inape
1278 2638 1363 2691 aliter
1383 2639 1520 2691 decadae.
1538 2635 1675 2690 referente
1695 2634 1826 2704 Philippo
1843 2635 1901 2689 Me

207 2721 235 2774 in
254 2719 344 2776 officio
362 2728 511 2776 manentes.
538 2723 612 2792 Ergo
630 2724 767 2793 approbat
785 2724 918 2781 militiam.
946 2732 970 2781 3.
984 2725 1037 2789 Qui
1065 2723 1198 2777 lanthone
1216 2724 1245 2777 in
1261 2723 1331 2777 locis
1346 2721 1511 2776 communib.
1537 2720 1759 2790 Respondemus:
1782 2726 1804 2774 i.
1824 2736 1902 2774 acce·

207 2807 346 2876 improbat
374 2809 510 2862 duntaxat
546 2808 700 2863 adhaerens
734 2810 773 2863 rei
814 2811 924 2878 vitium,
959 2811 1038 2866 illum
1064 2818 1182 2879 pannus,
1202 2809 1276 2878 quod
1295 2808 1422 2862 concedit
1439 2805 1621 2862 Schmaltsius
1639 2806 1796 2876 argumenti
1815 2805 1902 2859 mino·

206 2909 263 2946 non
297 2891 453 2962 improbare
491 2909 549 2946 rem
578 2893 682 2964 ipsam,
718 2896 769 2950 sed
798 2897 914 2951 eandem
947 2898 1039 2967 potins
1064 2910 1137 2962 rem,
1169 2894 1326 2948 iohannem
1346 2893 1502 2963 Baptistam
1523 2892 1628 2947 scilicet
1644 2892 1813 2961 approbasse
1833 2892 1902 2945 mili·

206 2994 224 3030 a
246 2977 313 3031 vitio
336 2993 487 3046 separare.¹
517 2978 659 3034 lohannes
683 2981 822 3052 improbat
846 2983 980 3037 duntaxat
1000 2936 1140 3057 vi-ltiam.
1166 2985 1188 3033 2.
1207 2978 1344 3049 Perquam
1363 2995 1428 3033 vero
1446 2978 1595 3032 absurdum
1615 2995 1674 3033 esse
1687 2978 1813 3045 dicimus,
1826 2978 1902 3047 quod

206 3067 283 3130 tium,
302 3062 377 3132 quod
396 3063 529 3118 militibus
549 3065 699 3121 adhaerere
720 3067 797 3134 solet,
818 3067 948 3122 videlicet
965 3066 1248 3139 qn0d⁸Schmaltzius
1278 3073 1364 3136 negat
1390 3064 1546 3136 argumenti
1573 3065 1712 3134 majorem.
1756 3064 1903 3126 Quomodo

208 3149 401 3204 consueverint
419 3149 602 3218 provinciales
620 3167 669 3205 sen
689 3152 775 3220 cives,
804 3170 919 3222 quorum
946 3132 1138 3209 defen-lenim
1158 3151 1187 3204 id
1204 3156 1296 3221 potest
1313 3150 1343 3204 in
1362 3150 1395 3206 N.
1414 3150 1447 3203 T.
1468 3167 1528 3204 esse
1547 3148 1733 3219 prohibitum,
1759 3150 1834 3218 quod
1854 3148 1903 3202 dc·

208 3233 280 3286 sioni
300 3233 431 3287 destinati
449 3241 528 3303 sunt,
555 3236 638 3290 variis
662 3236 810 3292 violentiae
833 3239 922 3292 modis
940 3237 1171 3294 vexareihannes
1189 3236 1319 3305 Baptista
1338 3235 1524 3305 approbavit?
1556 3235 1622 3289 Fuit
1639 3235 1782 3289 iohannes
1802 3233 1900 3303 Bapti-

207 3334 240 3372 ac
254 3325 319 3388 post
336 3319 478 3373 victoriam
496 3338 547 3390 per
568 3321 733 3376 calumniam
760 3323 885 3377 innoxios
912 3324 950 3377 ad
967 3296 1109 3407 prin-lata
1124 3339 1298 3390 praecursor
1318 3320 1436 3388 Christi,
1463 3321 1511 3390 qui
1535 3319 1740 3390 praedicatione
1759 3320 1902 3388 poeniten·

206 3404 281 3474 cipes
306 3403 413 3459 deferre
442 3407 521 3476 quasi
540 3407 691 3474 seditionis,
714 3408 804 3462 laesae
829 3409 982 3478 majestatis
1012 3408 1120 3463 etitiae
1138 3407 1211 3460 viam
1230 3411 1297 3460 ante
1313 3407 1403 3476 ipsum
1420 3406 1530 3475 paravit
1549 3406 1615 3459 Luc.
1637 3412 1667 3466 l,
1685 3423 1710 3457 v.
1731 3409 1771 3460 ie.
1791 3405 1841 3475 qui
1858 3405 1903 3458 in·

205 3490 323 3544 aliorum
341 3490 485 3544 criminum
503 3508 579 3555 reos,
607 3498 640 3546 ut
656 3492 709 3547 hac
735 3494 841 3549 mtione
858 3495 1038 3549 facultatibus
1051 3464 1208 3546 istitutione
1226 3492 1290 3545 novi
1308 3492 1385 3560 ritus,
1402 3491 1565 3544 sacramenti
1586 3491 1693 3545 seilicet
1705 3490 1855 3560 baptistici‚
1874 3497 1901 3543 et

206 3581 321 3641 exuant,
338 3576 458 3646 denique
476 3576 616 3646 stipendia
632 3577 711 3642 aleis,
731 3579 841 3648 scortis,
859 3581 1038 3649 compotatio·
1064 3578 1178 3648 publica
1200 3577 1339 3646 evangelii
1363 3576 1568 3647 praedicatione
1593 3577 1627 3630 de
1654 3575 1757 3630 Messia
1778 3575 1901 3633 exhibite

206 3659 288 3714 nibus
306 3668 359 3715 ete.
378 3661 532 3730 dilapidare
550 3670 579 3716 et
590 3662 694 3732 rapinis
713 3663 770 3717 alia
780 3664 933 3723 corradere.
959 3666 1038 3721 Haec
1066 3665 1175 3719 initium
1193 3662 1227 3719 N.
1241 3662 1275 3715 Τ.
1293 3662 1375 3728 iecit,
1394 3663 1481 3717 Mare.
1502 3668 1531 3728 i,
1549 3680 1572 3715 v.
1595 3669 1617 3716 t.
1636 3669 1665 3717 et
1680 3677 1757 3732 seqq.
1774 3678 1832 3731 qua
1848 3661 1900 3732 igi·

207 3762 273 3816 ergo
291 3746 361 3800 vitia
376 3747 518 3801 «lohannes
534 3755 613 3804 taxat
631 3748 723 3803 verbis
736 3766 769 3803 ex
785 3757 806 3805 l.
819 3749 893 3805 Sam.
915 3757 953 3817 12,
973 3771 999 3806 v.
1014 3759 1037 3808 3.
1065 3758 1110 3805 tur
1130 3749 1254 3804 veritatis
1275 3748 1367 3817 specie
1386 3748 1482 3817 negari
1505 3753 1604 3815 potest,
1630 3747 1777 3802 conciones
1794 3746 1901 3803 daban·

205 3831 264 3886 fere
289 3832 400 3900 petitis,
432 3831 541 3886 interim
566 3851 622 3889 non
640 3834 780 3905 improbat
802 3836 892 3906 ipsam
912 3838 1037 3894 militiam
1064 3835 1106 3888 nis
1135 3834 1279 3904 Baptistae
1303 3834 1339 3887 ad
1372 3850 1423 3887 nos
1445 3831 1615 3886 Christianos
1633 3833 1784 3901 pertinere,
1818 3840 1850 3886 ut
1866 3849 1901 3887 ex

207 3933 240 3970 ae
260 3924 363 3971 statum
381 3917 507 3987 militum,
528 3920 578 3974 sed
595 3921 712 3976 eundem
730 3923 822 3992 petius
839 3930 971 3994 tanquam
991 3925 1035 3979 ho·
1050 3904 1119 3975 'iilis
1137 3919 1246 3975 vivendi
1263 3935 1387 3972 normam
1405 3917 1551 3988 petamus?
1570 3918 1644 3973 Num
1663 3934 1827 3987 praecursor
1844 3917 1901 3972 Do

208 4009 329 4069 nestum,
357 4004 543 4057 necessarium
564 4014 592 4059 et
611 4005 672 4060 Deo
689 4007 843 4076 placentem
859 4026 876 4062 a
894 4009 967 4064 vitiis
985 4010 1039 4065 illis
1050 3956 1053 4083 l
1064 4007 1131 4060 mini
1149 4015 1177 4059 et
1196 4005 1255 4076 ipse
1272 4005 1408 4060 Dominus
1423 4004 1561 4058 contraria
1577 4003 1698 4058 docent?
1718 4021 1783 4057 num
1803 4003 1835 4067 is,
1852 4003 1902 4074 qni

207 4093 326 4156 separat.
365 4093 389 4142 4.
414 4088 569 4143 iohannem
596 4090 680 4145 fuisse
703 4109 908 4162 praecursorem
928 4088 1138 4159 Christi,lviam
1156 4098 1304 4161 praeparat
1322 4107 1372 4161 per
1391 4088 1834 4162 poenitentiaepraedicationem
1852 4105 1901 4159 ap·

207 4171 256 4242 qui
275 4171 348 4226 viam
369 4172 422 4241 ipsi
442 4189 609 4242 praeparare
626 4174 755 4230 debuerit
774 4178 913 4248 evangelii
932 4180 1038 4248 praedi·
1051 4156 1184 4273 {probare
1201 4182 1293 4246 potest
1313 4177 1469 4246 quippiam,
1498 4174 1573 4245 quod
1591 4191 1654 4228 cum
1676 4189 1742 4228 vera
1759 4175 1902 4243 poeniten·

207 4257 316 4312 atione
334 4258 363 4311 in
381 4257 512 4312 cordibus
531 4258 680 4316 hominum.
715 4260 755 4314 At
778 4262 830 4316 hoc
856 4262 948 4318 officio
973 4263 1106 4359 divi-'ltin
1122 4268 1151 4318 et
1169 4263 1274 4332 pietate
1292 4263 1418 4333 pugnat?
1444 4267 1518 4316 certe
1538 4260 1567 4312 id
1585 4276 1619 4313 ex
1637 4259 1797 4314 Schmaltaii
1815 4260 1902 4331 hypo

207 4343 281 4396 nitus
306 4343 360 4397 sibi
391 4343 558 4398 demandato
584 4362 640 4399 non
666 4345 763 4400 fuisset
788 4348 841 4402 rite
868 4357 897 4403 et
923 4349 1043 4405 fideliter
1067 4347 1138 4402 thesi
1156 4348 1297 4402 audenter
1312 4347 1444 4416 seqnitur.
1475 4347 1549 4402 Num
1567 4345 1599 4412 is,
1617 4345 1666 4415 qui
1680 4345 1801 4400 instituit
1818 4344 1902 4399 ritum

209 4428 379 4498 perfunctus,
398 4429 422 4482 si
439 4446 504 4498 eos,
526 4429 573 4500 qui
591 4430 620 4483 in
638 4438 714 4485 statu
734 4432 884 4488 damnabili
903 4435 1042 4502 vivebant,
1055 4502 1056 4507 Ἰ
1068 4434 1105 4487 ad
1123 4434 1157 4490 N.
1175 4433 1208 4486 Τ.
1227 4433 1309 4488 unice
1325 4436 1505 4503 spectantem,
1523 4447 1541 4485 a
1557 4431 1690 4485 ministris
1708 4431 1742 4487 N.
1754 4430 1786 4484 T.
1809 4431 1902 4484 exclu-

209 4513 238 4567 in
258 4515 354 4569 eodem
371 4514 574 4578 confirmasset,
602 4532 652 4570 nec
681 4535 778 4571 suasor
795 4520 862 4587 ipsis
883 4518 1197 4589 exstitissetidendns?
1215 4537 1282 4572 num
1297 4519 1329 4582 is,
1349 4518 1482 4589 quiviam
1494 4518 1604 4573 Christo
1616 4532 1784 4586 praeparare
1797 4517 1903 4579 debuit,

209 4600 388 4655 utexeodem
402 4601 584 4656 discederent.
608 4608 633 4657 5.
645 4602 810 4667 iohannem,
824 4621 886 4658 cum
898 4592 1097 4675 consiliumlid
1121 4605 1278 4675 permisisse
1300 4603 1471 4665 censendus,
1498 4604 1574 4673 quod
1604 4603 1730 4657 Christus
1753 4602 1813 4671 ipse
1839 4618 1902 4655 mox

209 4684 278 4738 illud
287 4685 420 4740 militibus
429 4686 508 4740 daret
513 4693 541 4740 et
550 4687 623 4741 vitae
629 4688 754 4758 regulam
762 4689 829 4757 ipsis
835 4691 1043 4761 praescriberet,
1055 4686 1181 4775 isumus
1197 4699 1226 4744 et
1245 4688 1405 4744 damnavit?
1430 4694 1455 4744 3.
1475 4688 1505 4743 si
1516 4688 1536 4743 J
1537 4688 1652 4742 ohannis
1663 4689 1806 4757 Baptistae
1818 4688 1904 4741 verba

206 4770 332 4839 jamdum
344 4771 528 4826 introduxisse
535 4771 570 4828 N.
581 4771 614 4825 Τ.
627 4773 718 4837 ritum,
731 4773 857 4830 videlicet
866 4775 1043 4845 baptismum,
1055 4796 1058 4849 p
1069 4793 1125 4831 non
1137 4776 1277 4844 pertinent
1287 4777 1323 4829 ad
1341 4774 1582 4842 conchristianos,
1600 4779 1633 4827 ut
1649 4771 1761 4827 vivendi
1779 4788 1903 4826 normam

210 4855 326 4924 proinde
355 4873 411 4909 non
436 4864 528 4925 potest
551 4858 683 4928 cogitari,
706 4858 774 4913 haec
800 4860 884 4914 verba
908 4854 1104 4949 ‹lobannisJex
1121 4861 1177 4914 illis
1194 4869 1334 4931 petamus,
1359 4876 1426 4930 ergo
1445 4861 1528 4914 etiam
1547 4859 1671 4928 reliquae
1690 4858 1837 4912 conciones
1854 4858 1902 4913 Je-

210 4939 354 5010 Baptistee
380 4943 417 4996 ad
443 4943 566 4997 homines
591 4945 622 5000 V.
642 4945 674 4999 T.
696 4946 831 4999 duntaxat
852 4947 997 5009 pertinere.
1070 4946 1169 5001 hannis
1188 4964 1243 5000 non
1262 4945 1400 5014 pertinent
1417 4944 1454 4999 ad
1472 4961 1522 4997 nos
1544 4943 1724 5012 Christianos,
1741 4951 1773 4997 ut
1787 4943 1830 4997 vel
1844 4960 1903 4998 ere-

246 5032 305 5082 373.
343 5027 429 5082 Hisce
458 5028 544 5099 probe
571 5029 723 5084 observatis
754 5031 783 5084 in
805 5031 912 5086 sumum
931 5032 1155 5097 abeunt‚!dendi
1179 5031 1223 5085 vel
1247 5030 1358 5084 vivendi
1381 5047 1505 5085 normam
1525 5046 1559 5084 ex
1580 5029 1635 5082 illis
1654 5035 1789 5097 petamus.
1827 5027 1903 5081 Nihil

209 5128 281 5179 quae
299 5119 396 5166 contra
412 5113 565 5183 Augustini
585 5121 778 5185 argumentum
791 5133 825 5170 ex
838 5116 896 5170 'boc
912 5116 973 5171 loco
993 5117 1040 5169 du·
1056 5132 1136 5188 :crgo
1155 5116 1191 5169 ad
1208 5131 1258 5168 nos
1283 5114 1443 5169 attinebant
1468 5113 1647 5167 snaussimae
1671 5113 1735 5167 illae
1757 5113 1904 5167 concinna

207 5201 282 5249 ctum
307 5195 515 5251 aPhotinianis
539 5198 710 5266 afferuntur,
745 5199 929 5254 Schmaltzius
947 5200 1231 5277 conuarBaptistae‚
1254 5199 1283 5252 in
1307 5199 1409 5268 quibus
1429 5198 1551 5252 medulla
1569 5198 1707 5269 evangelii
1730 5194 1902 5267 proponitur.

205 5280 275 5348 disp,
297 5288 321 5336 ti.
340 5290 411 5351 post.
431 5283 552 5341 Frantsii
571 5285 606 5338 de
618 5284 675 5338 reb.
688 5284 791 5340 civilib.
810 5302 839 5354 p.
857 5291 915 5342 395.
935 5287 974 5341 sie
994 5303 1039 5342 ex·
1055 5284 1133 5347 §.lob
1155 5292 1177 5348 l,
1196 5301 1219 5337 r.
1242 5289 1286 5338 it:
1306 5288 1351 5336 De
1362 5284 1539 5352 plenitudiue
1554 5285 1616 5351 ejus
1633 5298 1726 5336 omnes
1745 5284 1904 5351 ecepimus
