4020 6014
634 392 686 448 DE
704 387 926 450 MINISTERIO
946 388 1248 450 sccussmst'lco.
1721 402 1781 457 257

84 553 149 614 est,
177 561 279 617 urgere
307 530 445 617 prbpriam
471 547 616 603 verborum
643 547 872 620 significationem
900 542 1016 624 etlsiri,
1035 548 1063 601 id
1082 556 1124 603 est
1141 550 1188 620 qui
1206 548 1251 603 sel
1269 548 1297 602 in
1310 548 1490 604 fornicatione
1505 547 1610 616 vivunt,
1630 547 1674 602 vel
1690 546 1783 617 plures

84 634 220 703 negative
241 651 274 688 ex
287 633 430 704 Scriptura
448 635 644 706 argumentari,
668 653 731 691 cum
750 636 785 690 sit
805 635 928 707 perfecta
954 633 1034 686 simul
1052 634 1156 689 habent
1175 653 1288 703 uxores,
1315 636 1359 689 vel
1376 634 1490 688 dimissa
1516 651 1549 688 uc
1567 633 1712 704 repudiata
1729 650 1786 688 una

87 719 263 790 agendorum
284 720 530 777 omittendorumve
550 723 655 794 regula.
953 737 1027 774 more
1051 721 1170 776 ,ludaico
1192 729 1270 777 extra
1292 739 1386 776 casum
1410 720 1538 774 adulterii
1563 721 1669 776 ducunt
1693 723 1784 793 aliam,

127 810 186 860 363.
225 811 248 861 Β.
273 805 464 877 Quodcunque
493 825 527 862 ex
559 808 705 879 gentilium
733 805 926 877 superstitione
953 806 996 860 vel
1017 807 1065 878 qui
1085 807 1121 862 ab
1142 809 1196 862 alio
1216 808 1457 879 repudiatamsibi
1475 807 1589 878 eligunt.
1628 808 1709 871 Quod
1722 809 1785 864 Bel·

45 888 57 899 '
89 891 228 961 originem
249 893 343 958 ducit,
373 894 469 949 merito
493 895 521 948 in
545 894 663 949 ecclesia
681 893 839 948 Christiana
852 891 927 962 judi·
952 892 1084 947 larminus
1114 895 1206 964 addit,
1236 897 1394 965 apostolum
1422 897 1559 947 duntaxat
1586 897 1620 948 de
1649 913 1680 949 ea
1708 896 1787 965 loqui

88 984 172 1031 catur
190 986 358 1049 suspectum.
395 985 438 1034 Ac
453 981 675 1052 deuterogamiae
689 979 718 1034 in
736 979 927 1035 sacerdotibus
953 987 1089 1052 tempore,
1126 999 1179 1050 quo
1206 983 1249 1033 cir
1272 982 1351 1034 iltrus
1376 982 1501 1046 sentinae
1533 982 1646 1044 cuerit,
1676 981 1786 1037 facilem

88 1062 241 1131 prohibitio
263 1083 295 1120 ex
313 1067 458 1137 gentilium
477 1067 669 1137 superstitione
687 1067 820 1137 originem
841 1064 928 1121 duxit.
953 1063 1037 1119 habet
1057 1065 1274 1136 explicationem.
1312 1066 1440 1138 Requirit
1463 1066 1573 1120 omnino
1594 1067 1736 1136 apostolus
1756 1069 1786 1123 in

89 1148 175 1221 Ergo.
215 1151 395 1222 Assumptum
410 1153 589 1223 probaturos
608 1153 669 1223 ipso
686 1152 861 1216 Bellarmiuo‚
880 1152 928 1222 qui
954 1151 1057 1206 lemine
1074 1152 1110 1206 ad
1128 1153 1309 1208 ministerium
1328 1153 1460 1207 ecclesiae
1482 1152 1611 1225 eligenda
1630 1155 1786 1210 castitatem
1843 1212 1846 1217 ,

88 1236 195 1307 allegat
216 1237 418 1293 Tertullianum
447 1239 507 1294 libr.
536 1245 558 1296 l.
583 1241 619 1293 ad
644 1255 755 1294 uxorem
775 1239 928 1306 docentem,
955 1238 1146 1310 conjugalem,
1174 1240 1285 1293 interim
1302 1256 1358 1293 non
1375 1239 1497 1295 excludit
1517 1239 1671 1295 castitatem
1690 1242 1785 1297 vidua·

88 1325 169 1391 quod
185 1327 268 1393 apud
284 1327 400 1394 pensiles
419 1327 524 1394 biqami
546 1346 601 1379 nan
617 1326 761 1396 potuerint
785 1343 843 1377 esse
859 1343 928 1394 pou·
954 1322 1017 1395 lem,
1036 1342 1100 1379 cum
1119 1326 1264 1397 utriusque
1281 1326 1393 1380 violatio
1412 1331 1519 1397 pugnet
1531 1343 1594 1379 cum
1611 1334 1687 1382 serto
1707 1344 1786 1397 prae·

90 1408 189 1478 tifices,
202 1410 306 1482 allegat
319 1413 401 1467 ctiam
411 1413 545 1474 Servium,
564 1414 611 1484 qui
628 1413 657 1466 in
671 1419 814 1468 comment.
828 1410 890 1465 libr.
904 1417 927 1466 l.
954 1416 1034 1481 cepto
1053 1418 1138 1482 atque
1158 1411 1269 1481 efficiat,
1287 1429 1322 1466 ne
1342 1410 1445 1466 femina
1468 1411 1516 1465 illa
1534 1410 1619 1466 fuerit
1636 1412 1717 1467 unius
1735 1413 1787 1468 viri

88 1495 206 1552 Aeneid.
226 1501 356 1566 testatur,
381 1499 524 1567 antiquum
541 1500 632 1563 fuisse
656 1502 737 1569 aprtd
752 1499 873 1553 ethnicos
890 1498 929 1550 ri-
954 1514 1030 1554 uror.
1070 1498 1127 1554 lies
1157 1499 1243 1570 igitur
1268 1517 1301 1554 eo
1327 1498 1414 1568 redit,
1447 1499 1521 1568 quod
1551 1497 1691 1568 spostolus
1716 1500 1787 1555 tales

90 1591 167 1651 trum,
199 1600 253 1652 quo
278 1585 485 1653 repellebantur
511 1604 529 1638 a
556 1587 716 1639 sacerdotio
744 1585 787 1638 bis
818 1593 928 1654 nuptae.
953 1583 1052 1638 viduas
1079 1585 1107 1638 in
1135 1585 1267 1640 ccclesiae
1285 1584 1466 1639 ministerium
1493 1583 1558 1654 eligi
1576 1583 1688 1654 jubeat,
1715 1602 1787 1656 quas

90 1666 153 1730 Quo
177 1670 298 1739 pertinet
323 1671 406 1725 etiam
431 1670 501 1725 illud
526 1671 689 1751 Hieronymi
714 1670 759 1724 lib.
787 1676 810 1728 2.
834 1678 929 1725 conus
953 1670 982 1724 in
1001 1670 1173 1743 virginitate,
1202 1671 1332 1741 conjugio
1351 1676 1378 1724 et
1403 1670 1537 1724 viduitate
1558 1671 1691 1725 castitatis
1711 1672 1788 1744 leges

88 1753 245 1809 torinna:
275 1756 414 1811 Unieubas
431 1775 539 1828 semper
552 1757 624 1810 inter
636 1766 782 1810 matronas
801 1757 929 1809 babrsisse
954 1757 1100 1812 inviolatas
1118 1758 1294 1824 servaverint,
1313 1757 1406 1830 qualis
1422 1757 1476 1812 fuit
1487 1757 1589 1812 Henna
1606 1757 1787 1829 prophetissa,

91 1842 200 1905 decutit,
227 1860 284 1911 per
301 1860 371 1911 quas
390 1844 534 1897 Fortunae
559 1843 690 1896 muliebri
715 1862 799 1896 sacra
824 1845 929 1910 fierent,
955 1844 989 1898 de
1016 1862 1071 1914 qua
1101 1845 1170 1899 Luc.
1194 1852 1225 1909 2,
1251 1863 1276 1899 s.
1298 1850 1338 1900 36.
1381 1845 1501 1914 Spiritus
1525 1850 1638 1899 sauctus
1663 1852 1788 1914 testatur,

89 1927 200 1980 nullum
219 1932 391 1983 sacerdotem
409 1931 566 1999 diqamum,
595 1931 704 1984 nullum
726 1931 872 1999 flaminem
891 1929 929 1980 bi·
955 1930 1029 2000 quod
1053 1931 1153 1984 viserit
1170 1949 1232 1985 eum
1256 1933 1316 1985 viro
1341 1949 1392 1985 suo
1412 1933 1495 1984 annis
1514 1940 1615 2001 septem
1636 1949 1655 1984 a
1672 1933 1789 2002 cispini-

91 2015 225 2067 rnaritum
242 2016 324 2085 lcqcs.
954 2023 1013 2068 tate
1039 2035 1098 2072 sua.
1146 2017 1201 2072 Sed
1227 2034 1278 2087 per
1304 2017 1417 2073 iteratas
1448 2018 1560 2086 nuptias
1594 2034 1645 2072 nec
1675 2018 1788 2072 castitas

10 2121 27 2148 ι·
130 2106 188 2156 stt.
225 2099 364 2155 Pontificii
384 2118 434 2171 pro
450 2100 616 2155 stabilienda
639 2118 691 2155 sua
715 2102 851 2156 sententia
871 2099 930 2153 uni·
954 2102 1081 2168 violatur,
1099 2121 1149 2158 nec
1167 2104 1277 2157 macula
1296 2103 1431 2175 quaedam
1447 2102 1584 2157 viduabus
1605 2104 1815 2175 adspergitur„

10 2165 63 2251 iifl?
91 2202 156 2241 cum
169 2186 303 2240 duntaxat
314 2186 457 2256 proferunt
467 2187 625 2257 Scripturas
636 2188 727 2242 locum
743 2206 775 2242 ex
789 2193 810 2243 l.
823 2187 894 2241 Tim.
905 2193 930 2255 3,
955 2187 1023 2242 alias
1051 2208 1106 2244 non
1133 2197 1246 2261 possent
1272 2191 1303 2243 in
1326 2191 1451 2245 Domino
1480 2191 1589 2258 uerbere,
1633 2198 1655 2247 1.
1678 2190 1740 2245 Cor.
1767 2198 1789 2260 t,

10 2274 77 2354 iim.
93 2291 119 2328 v,
139 2279 168 2328 2:
190 2274 304 2343 Oportet
322 2274 480 2342 episcopum
500 2290 559 2326 esse
577 2275 659 2327 unicus
677 2275 772 2328 risoris
790 2275 930 2341 maritum,
956 2293 982 2335 v.
1005 2282 1047 2332 39.
1081 2277 1119 2331 Et
1136 2277 1252 2349 quilibet
1269 2276 1386 2347 cogitet,
1415 2293 1497 2348 quam
1520 2276 1642 2331 absurda
1666 2294 1700 2331 ex
1718 2278 1789 2333 Pon·

10 2364 52 2408 ,ι
94 2376 166 2430 quae
184 2359 270 2414 rerba
288 2360 329 2413 sic
347 2359 502 2430 accipiunt,
531 2359 604 2430 quod
630 2359 684 2413 illis
707 2360 743 2414 sit
762 2359 931 2431 prohibitum
955 2362 1102 2417 tificioruur
1129 2363 1354 2434 interpretatione
1378 2372 1510 2434 sequatur
1537 2362 1686 2432 sententia,
1715 2365 1790 2434 quod

93 2448 179 2500 sacris
196 2446 305 2501 initiare
325 2463 386 2513 eos,
416 2446 464 2517 qui
482 2447 579 2517 quovis
597 2447 678 2501 modo
695 2447 800 2519 bigami
818 2448 929 2506 fuerint.
956 2448 1087 2504 videlicet
1115 2451 1232 2505 ecclesia
1258 2468 1312 2505 non
1337 2450 1439 2505 debeat
1462 2450 1563 2520 eligere
1583 2450 1659 2504 illam
1678 2451 1790 2506 viduam

10 2543 78 2587 ,πω
94 2532 176 2587 Hanc
194 2550 259 2589 sero
279 2549 339 2588 esse
351 2534 501 2604 genuinam
520 2534 572 2588 loci
593 2534 738 2605 apostolici
756 2534 929 2603 sententiam,
955 2552 989 2588 ac
1010 2537 1044 2590 de
1063 2537 1225 2591 necessariis
1245 2536 1287 2590 illi
1305 2537 1475 2606 prospicere,
1497 2554 1568 2607 quae
1587 2537 1790 2593 matrimonium

94 2619 277 2674 Bellarminus
300 2627 321 2675 1.
339 2620 375 2674 de
395 2620 501 2675 clericis
527 2637 588 2690 cap.
611 2625 653 2675 2³.
678 2627 796 2691 quatuor
812 2621 929 2690 probare
956 2621 998 2676 bis
1019 2622 1062 2678 vel
1081 2624 1163 2678 etiam
1183 2630 1224 2677 ter
1242 2623 1398 2692 repetierit,
1429 2641 1493 2676 cum
1517 2624 1633 2692 ipsemet
1649 2626 1791 2695 apostolus

95 2713 211 2760 conetur
233 2707 409 2777 argumentis.
440 2713 461 2762 1.
487 2723 520 2760 ex
547 2713 568 2762 1.
588 2707 660 2762 Tim.
681 2713 708 2770 5,
734 2725 758 2762 r,
778 2712 806 2762 9:
836 2708 929 2761 Vidua
951 2709 1059 2778 jubeat,
1079 2715 1109 2763 ut
1126 2709 1227 2764 viduae
1239 2709 1363 2779 juniores
1382 2709 1482 2762 iterum
1501 2708 1614 2797 nubant.

94 2793 216 2860 stipatur
234 2810 289 2845 non
308 2793 398 2846 minus
415 2793 560 2861 resupinis
580 2811 731 2862 annorum,
751 2809 821 2862 quae
839 2796 930 2859 sumit
991 2801 1048 2850 365.
1074 2798 1100 2847 2.
1113 2797 1366 2866 Extemporaquo
1379 2794 1484 2849 Paulus
1497 2797 1566 2850 haec
1578 2794 1695 2863 scripsit
1715 2797 1791 2849 Nam

93 2881 177 2932 unius
193 2880 250 2932 siri
267 2897 347 2936 uuor.
386 2881 498 2933 Eadem
517 2879 622 2949 phrasi
642 2880 746 2933 dicitur
769 2881 851 2933 unius
875 2882 931 2933 oiri
955 2899 986 2934 ea
1013 2890 1136 2951 tempore
1161 2901 1217 2935 uon
1242 2891 1304 2934 erat
1326 2883 1496 2934 consuetudo
1520 2898 1608 2950 neque
1634 2883 1714 2950 apud
1736 2882 1789 2936 Ju-

93 2983 165 3019 usar
191 2972 217 3018 et
241 2965 324 3018 unius
349 2966 444 3018 uxoris
467 2966 518 3017 uir.
571 2966 640 3018 Jam
663 2981 728 3019 sero
752 2975 854 3019 certum
881 2975 929 3033 est,
956 2970 1057 3037 dacos,
1089 2985 1176 3036 neque
1206 2969 1287 3036 apud
1319 2968 1451 3034 pentilus,
1480 2968 1568 3021 multo
1592 2967 1684 3021 minus
1711 2970 1790 3037 apud

94 3056 171 3108 illud
189 3055 273 3106 senius
290 3053 347 3106 uiri
369 3070 441 3106 usar
465 3070 520 3105 nan
543 3070 625 3121 posse
643 3053 817 3122 significare,
845 3061 874 3104 ut
891 3052 929 3105 vi·
958 3053 1142 3123 Christianos,
1159 3063 1190 3107 ut
1208 3072 1280 3107 unus
1298 3055 1342 3106 vir
1360 3056 1433 3108 duas
1450 3055 1535 3108 simui
1551 3054 1663 3107 baberet
1683 3072 1789 3123 uxores,

96 3143 154 3194 dua
173 3159 230 3194 non
239 3141 336 3205 fuerit
349 3140 482 3193 adultera
493 3140 537 3193 uel
549 3140 706 3208 scoriate-iu,
726 3158 791 3192 nam
808 3149 929 3192 scemam
954 3143 1076 3211 proinde
1094 3143 1172 3210 quod
1187 3159 1244 3195 non
1262 3141 1359 3206 fiebat,
1390 3159 1445 3195 non
1470 3150 1531 3195 erat
1556 3160 1606 3194 cur
1630 3142 1704 3194 serio
1719 3159 1789 3210 pro·
1864 3208 1865 3212 Ἰ

95 3247 151 3282 non
172 3229 276 3281 dieitur
294 3245 378 3292 usar,
397 3228 424 3280 si
443 3230 484 3280 ad
502 3228 661 3281 adulterum
680 3235 728 3280 aut
747 3233 929 3282 scortatorem
956 3228 1104 3283 biberetur.
1146 3228 1228 3289 Qrsod
1244 3229 1325 3297 apud
1340 3229 1458 3297 pactiles
1477 3229 1529 3280 boc
1551 3245 1607 3280 non
1623 3227 1713 3292 fucrit
1732 3228 1789 3281 usi·
1844 3294 1847 3299 ὁ

95 3317 249 3383 referatur,
266 3316 319 3368 sed
337 3313 469 3367 adultera
488 3323 513 3367 et
532 3314 672 3370 meretrix.
712 3315 826 3368 Deinde
845 3315 929 3367 couti·
956 3323 1052 3383 tatum,
1072 3315 1236 3383 satispatet
1256 3330 1288 3366 eu
1308 3330 1354 3378 ec,
1371 3315 1449 3381 qrsod
1467 3315 1496 3367 in
1515 3313 1633 3382 irnperio
1653 3315 1920 3382 numeramus·

95 3404 192 3456 nentia
209 3404 245 3455 ab
264 3401 407 3454 adulterio
426 3408 452 3454 et
468 3401 639 3455 scortatione
656 3418 711 3453 non
730 3401 820 3454 solum
838 3401 931 3469 requi·
958 3420 1011 3470 quo
1030 3409 1096 3454 tunc
1114 3401 1188 3453 orbis
1208 3409 1347 3453 terrarum
1363 3400 1525 3468 repebatur‚
1545 3416 1654 3468 semper
1671 3401 1790 3464 infamis

95 3492 169 3542 ritur
187 3489 218 3542 in
238 3488 370 3552 muliere,
398 3505 452 3556 qno
470 3495 593 3560 tempore
617 3486 683 3541 uiuit
708 3490 753 3540 uir
779 3489 856 3557 ejus,
881 3490 933 3541 sed
954 3497 985 3544 et
1011 3487 1157 3556 prohibita
1190 3487 1248 3549 fuit
1276 3485 1444 3554 paiyqamr‘u
1462 3485 1592 3555 plurium
1621 3504 1737 3540 morum
1754 3487 1790 3539 si·

97 3578 181 3629 etiam
191 3584 302 3644 postea,
322 3576 431 3628 durnin
449 3575 585 3628 uiduitate
604 3573 688 3642 deqit,
707 3582 842 3627 ettamen
856 3574 932 3627 Pau·
957 3575 1025 3628 mul.
1043 3575 1090 3627 lib.
1111 3576 1134 3628 1.
1148 3574 1181 3643 ff.
1202 3574 1237 3627 de
1261 3573 1304 3624 tu
1328 3574 1378 3641 qui
1400 3581 1533 3626 natantur
1555 3573 1689 3641 infamia.
1707 3573 1726 3626 l.
1745 3589 1790 3626 us·

95 3664 141 3717 tus
160 3682 216 3716 non
233 3662 358 3730 loquitur
374 3660 426 3713 boc
443 3661 577 3714 laconici
593 3664 628 3715 de
652 3669 789 3731 tempore,
814 3679 869 3729 quo
887 3662 932 3712 cir
958 3663 1058 3714 minem
1077 3660 1106 3716 C.
1135 3661 1171 3713 de
1190 3659 1302 3712 incestis
1320 3659 1432 3726 nuptiis.
1460 3659 1478 3713 l.
1498 3676 1559 3711 eum
1578 3659 1628 3727 qui
1644 3659 1686 3710 ad
1702 3658 1720 3712 l.
1740 3658 1792 3712 Ju-

97 3752 160 3819 ejus
176 3749 279 3802 uiduae
296 3747 409 3802 os‘uebat.
444 3748 505 3800 Nec
517 3755 611 3817 potest
628 3764 689 3802 esse
709 3764 814 3816 senum,
834 3748 934 3818 elipen-
959 3748 1035 3800 liam.
1063 3749 1098 3797 de
1126 3744 1285 3800 adulteriis.
1326 3746 1407 3808 Quod
1434 3745 1531 3798 attinet
1562 3745 1738 3799 Christianos
1766 3750 1792 3799 st
1823 3776 1826 3780 ·

98 3840 165 3890 dam
184 3852 242 3888 csse
264 3851 339 3903 eam,
367 3852 438 3904 quae
458 3853 512 3888 non
525 3835 621 3902 fuerit
639 3836 789 3888 multorum
809 3835 932 3889 suenum
959 3833 1088 3886 Judaeos
1106 3849 1140 3885 eu
1158 3833 1195 3885 N.
1217 3832 1248 3886 T.
1269 3831 1358 3892 facite
1378 3831 1476 3898 collipi
1489 3840 1594 3901 potest,
1625 3849 1681 3885 non
1703 3833 1793 3896 fuisso

96 3941 169 3976 uror
195 3921 294 3987 simul,
324 3922 358 3974 id
386 3921 457 3974 enim
482 3922 595 3984 frustra
624 3922 769 3992 apostolus
792 3922 933 3990 jussisset,
960 3920 1040 3988 apud
1056 3936 1102 3972 eos
1119 3918 1352 3983 consuetudinem,
1371 3925 1400 3969 ut
1418 3918 1481 3986 quis
1498 3919 1572 3971 duas
1591 3934 1691 3972 uuores
1709 3918 1792 3982 babe-

98 4029 160 4063 cum
185 4025 329 4077 nunquam
353 4015 379 4061 et
407 4025 543 4077 nusquam
558 4009 654 4076 fucrit
681 4009 821 4077 ejusmodi
843 4027 933 4077 casus,
959 4015 1014 4070 ret,
1041 4022 1149 4078 semper
1173 4005 1245 4058 enim
1269 4006 1304 4057 de
1329 4005 1446 4074 conjuge
1465 4003 1495 4057 in
1520 4021 1634 4059 nurnero
1652 4005 1794 4074 sinqulars'

98 4106 127 4149 nt
156 4114 213 4148 una
241 4095 343 4148 mulier
371 4103 441 4148 esset
463 4096 590 4164 plurium
616 4096 740 4148 uirorum
766 4113 844 4148 uuor.
881 4095 932 4150 Re
959 4093 1082 4162 loquitur
1103 4091 1254 4161 Scriptura
1272 4092 1307 4145 N.
1333 4092 1363 4146 Τ.
1382 4091 1485 4147 Mattlr.
1505 4095 1535 4159 5,
1558 4110 1582 4145 v.
1600 4095 1646 4145 32.
1666 4109 1728 4160 cap.
1748 4094 1791 4160 19,

100 4183 283 4255 spondemus:
314 4181 369 4235 imo
389 4198 453 4237 vero
474 4182 556 4236 variis
574 4181 663 4235 modis
690 4180 749 4235 fieri
767 4188 872 4250 potest,
902 4187 933 4235 ut
958 4200 983 4238 a.
1004 4182 1031 4236 3.
1050 4187 1077 4232 et
1095 4181 1138 4232 29.
1167 4179 1235 4234 que.
1255 4182 1295 4246 14,
1315 4197 1339 4234 s.
1360 4180 1406 4232 26.
1437 4182 1459 4231 1.
1479 4176 1544 4232 Cor.
1569 4181 1595 4245 7,
1612 4197 1636 4230 u.
1657 4180 1684 4233 2.
1702 4186 1729 4230 et
1748 4181 1792 4233 27.

100 4270 205 4326 femina
223 4286 277 4323 non
298 4268 334 4322 sit
351 4268 434 4322 unius
454 4268 545 4323 mariti
561 4285 643 4333 uror,
672 4267 715 4322 vel
735 4268 758 4321 si
779 4268 935 4323 discesserit
958 4269 1033 4340 pr.
1054 4272 1080 4330 5,
1099 4285 1121 4321 n.
1142 4268 1187 4321 33.
1214 4265 1344 4333 Leqimas
1361 4271 1445 4318 etiam
1464 4265 1529 4318 Luc.
1552 4270 1574 4329 l,
1591 4283 1613 4318 s.
1634 4269 1656 4319 7.
1683 4264 1793 4317 Zurba-

100 4375 118 4412 a
133 4357 200 4422 viro,
219 4355 264 4410 sel
281 4357 304 4409 si
324 4354 471 4427 repudiata
488 4353 524 4408 ab
543 4372 575 4410 co
602 4354 682 4408 alteri
700 4354 824 4424 nupserit
843 4355 934 4425 priore
956 4357 1031 4408 riam
1049 4371 1134 4407 usare
1151 4353 1245 4405 sterili
1265 4354 1306 4404 ad
1327 4359 1491 4404 senectutem
1514 4367 1599 4418 usque
1613 4357 1793 4418 permanente

101 4445 192 4498 adhuc
216 4443 342 4513 visente,
369 4443 413 4496 rel
440 4442 464 4495 si
489 4448 632 4495 constante
656 4440 829 4495 matrimonio
856 4441 932 4496 adul·
958 4450 1124 4496 nontamen
1139 4439 1338 4508 superduxisse
1356 4438 1489 4505 aberam,
1509 4439 1586 4505 quod
1609 4437 1688 4489 baud
1711 4435 1793 4489 durbia

100 4530 200 4585 terium
230 4535 387 4598 perpetret,
415 4527 481 4599 quia
508 4527 606 4581 mulier
632 4526 715 4581 etiam
740 4525 770 4580 iu
789 4526 935 4597 illegitima
957 4529 1083 4597 fecisset,
1108 4528 1135 4579 si
1163 4527 1196 4578 id
1213 4534 1336 4593 tempore
1369 4542 1400 4578 eo
1432 4525 1564 4577 licuisset.
1605 4523 1709 4575 Scribit
1733 4522 1791 4591 qui·

100 4617 295 4685 conjunctione
320 4615 422 4669 dicitur
443 4613 547 4668 habere
570 4614 667 4670 suum.
706 4612 769 4668 Joh.
790 4619 820 4683 t,
847 4632 872 4666 s.
896 4619 933 4670 ts.
960 4618 1022 4668 dem
1043 4613 1184 4681 Josepbus
1207 4611 1255 4665 tib.
1288 4614 1326 4664 17.
1343 4611 1471 4679 antiquit.
1497 4627 1519 4663 c.
1540 4615 1565 4663 2.
1602 4609 1716 4662 Herodi
1732 4609 1794 4678 reqi

100 4702 168 4756 dicit
185 4700 297 4756 Chrisus
323 4700 359 4753 ad
389 4699 603 4756 Samaritarum:
636 4701 762 4770 Quinque
784 4702 859 4754 uiros
885 4702 933 4753 tra·
958 4718 1053 4755 nauem
1073 4716 1173 4752 uxores
1188 4699 1288 4764 fuisse,
1306 4706 1336 4751 ut
1353 4697 1594 4767 priuatibomines
1613 4696 1696 4748 etiam
1714 4696 1794 4767 apud

101 4790 186 4841 buists'
204 4796 229 4841 ct
249 4805 321 4840 nunc
341 4805 421 4856 quem
439 4787 542 4849 babes,
558 4804 614 4839 non
633 4795 672 4840 est
689 4788 733 4840 uir
750 4796 826 4855 tuus,
848 4787 934 4842 nihilo
959 4790 1089 4842 ludaeos
1110 4786 1283 4856 jamdudum
1306 4785 1449 4838 dederant
1468 4782 1569 4851 plures
1597 4798 1697 4835 usares
1721 4782 1794 4836 aces‘·

100 4883 194 4929 tamen
213 4874 302 4928 miuus
321 4882 404 4929 antea
421 4872 456 4927 ad
483 4872 572 4942 ipsam
591 4873 700 4928 dixerat
722 4892 748 4928 v.
775 4879 819 4930 16:
848 4875 934 4940 Vade,
958 4891 1033 4944 pere.
1071 4871 1298 4942 Respondemus:
1322 4868 1377 4922 imo
1395 4885 1459 4921 vero
1477 4875 1504 4922 et
1522 4867 1597 4936 apud
1615 4868 1747 4939 gentiles,
1766 4874 1795 4924 st

101 4981 169 5017 vaca
192 4963 282 5015 uirum
307 4971 391 5018 tuum.
427 4961 473 5017 Sic
492 4960 636 5030 Augustus
660 4961 808 5031 imperator
826 4960 934 5015 Livium
961 4960 1035 5031 apud
1062 4958 1186 5013 «ludaeos
1211 4963 1278 5010 tunc
1300 4954 1431 5024 temporis
1454 4953 1530 5006 licita
1555 4959 1613 5008 erat
1633 4953 1795 5025 polygsnis

102 5067 118 5103 a
139 5049 232 5103 Druso
250 5048 347 5103 marito
366 5053 464 5118 petens
482 5045 641 5115 impetravit
658 5047 811 5117 gravidam,
829 5065 862 5102 ea
882 5046 935 5101 fuit
959 5047 1132 5101 simultanea.
1166 5042 1328 5112 *rsesligsr
1353 5042 1381 5093 in
1406 5040 1477 5094 notis
1496 5040 1531 5094 ad
1552 5040 1586 5096 N.
1612 5041 1659 5094 T.:
1686 5039 1797 5095 Judass‘

103 5136 185 5190 simul
203 5136 320 5190 duorum
343 5136 464 5188 virorum
489 5151 572 5200 nxor3
597 5131 715 5188 Fabiola
737 5135 811 5205 apud
836 5135 935 5188 Hiero·
960 5151 992 5188 eo
1016 5141 1157 5201 tempore,
1190 5138 1220 5182 nt
1244 5146 1276 5182 es
1298 5126 1424 5196 Joseplto
1449 5127 1600 5190 discimus,
1629 5136 1677 5181 ant
1698 5128 1795 5196 plures

103 5240 216 5293 nymum
245 5222 324 5278 alteri
351 5224 448 5293 nupsit
474 5222 582 5276 vivente
608 5219 700 5273 adhuc
727 5221 818 5289 priore
837 5221 934 5275 marito
960 5237 1059 5275 cruores
1077 5218 1228 5283 ducebant,
1258 5222 1307 5266 aut
1332 5215 1382 5266 uni
1403 5214 1570 5267 concubinas
1597 5214 1794 5282 superinduce-

104 5321 156 5365 etc.
208 5310 340 5373 Quemvis
371 5311 443 5364 enim
473 5309 536 5363 talis
563 5306 691 5361 adultera
718 5307 762 5361 vel
788 5309 935 5377 repudiata
961 5310 1040 5371 bant,
1067 5314 1097 5360 ut
1114 5305 1198 5358 bodie
1220 5301 1332 5354 Judusi
1348 5300 1398 5352 sub
1425 5299 1543 5353 Turcico
1567 5301 1683 5368 imperio
1706 5299 1796 5354 siren·

103 5397 182 5452 alteri
199 5396 305 5451 nubens
316 5413 373 5450 non
386 5397 423 5450 sit
434 5397 517 5467 illius,
538 5413 601 5449 cum
616 5411 671 5466 quo
688 5393 849 5456 consuescit,
867 5412 935 5449 uror
961 5403 1009 5450 tes.
1059 5395 1195 5463 Paqanos
1225 5405 1290 5442 vero
1320 5387 1488 5442 concubinas
1517 5388 1599 5442 uuori
1629 5388 1795 5456 supuinstu-

103 5483 243 5554 legitima,
273 5488 368 5537 mures
390 5485 483 5540 uxoris
510 5482 724 5555 appellationem
750 5480 843 5534 adhuc
870 5482 934 5537 reti·
961 5485 1043 5545 aissa
1062 5481 1090 5535 si
1107 5495 1192 5534 coner
1203 5477 1338 5547 probare,
1358 5475 1460 5529 abutar
1472 5476 1529 5529 otio
1546 5492 1612 5528 mea.
1636 5475 1699 5528 Eas
1713 5477 1797 5529 etiam

104 5579 158 5626 net
190 5567 257 5625 Pari
280 5568 389 5622 ratione
412 5572 552 5640 spostolus
577 5568 706 5643 prohibet
734 5567 762 5622 in
792 5566 936 5638 episcopos
958 5575 1109 5637 postquam
1128 5563 1239 5618 Obristo
1256 5579 1353 5617 nomen
1371 5565 1523 5630 drauum,
1539 5579 1593 5615 non
1612 5562 1795 5629 dimittebant,

104 5656 148 5711 vel
167 5657 297 5725 diaconos
317 5648 385 5718 eligi
410 5667 470 5724 sos,
498 5655 546 5728 qni
569 5673 626 5712 non
652 5661 718 5713 suut
744 5653 827 5709 unius
845 5653 936 5710 uxoris
963 5654 1037 5706 adeo
1054 5659 1085 5704 ut
1101 5648 1280 5705 astutissimi
1306 5664 1427 5704 causum
1446 5649 1553 5704 Graeci
1577 5667 1596 5702 a
1625 5647 1701 5702 Titio
1725 5647 1799 5702 editi

155 5752 257 5797 (tutudi
270 5747 320 5792 last
340 5739 377 5781 Vl·
1434 5759 1465 5808 17
