<?xml version="1.0" encoding="UTF-8"?>
<!DOCTYPE html PUBLIC "-//W3C//DTD XHTML 1.0 Transitional//EN"
    "http://www.w3.org/TR/xhtml1/DTD/xhtml1-transitional.dtd">
<html xmlns="http://www.w3.org/1999/xhtml" xml:lang="en" lang="en">
 <head>
  <title>
</title>
<meta http-equiv="Content-Type" content="text/html;charset=utf-8" />
  <meta name='ocr-system' content='tesseract 3.04.00' />
  <meta name='ocr-capabilities' content='ocr_page ocr_carea ocr_par ocr_line ocrx_word'/>
</head>
<body>
  <div class='ocr_page' id='page_1' title='image "./locitheologicic01gerhgoog/locitheologicic01gerhgoog_0107.png"; bbox 0 0 4020 6014; ppageno 0'>
   <div class='ocr_carea' id='block_1_1' title="bbox 260 159 1372 236">
    <p class='ocr_par' dir='ltr' id='par_1_1' title="bbox 260 159 1372 236">
     <span class='ocr_line' id='line_1_1' title="bbox 260 159 1372 236; baseline -0.004 -13"><span class='ocrx_word' id='word_1_1' title='bbox 260 178 300 236; x_wconf 74' lang='lat'>98</span> <span class='ocrx_word' id='word_1_2' title='bbox 841 163 964 221; x_wconf 81' lang='lat' dir='ltr'>LOCUS</span> <span class='ocrx_word' id='word_1_3' title='bbox 984 159 1187 220; x_wconf 66' lang='lat' dir='ltr'>mansurus</span> <span class='ocrx_word' id='word_1_4' title='bbox 1205 160 1372 218; x_wconf 78' lang='lat' dir='ltr'>TERTIUS</span> 
     </span>
    </p>
   </div>
   <div class='ocr_carea' id='block_1_2' title="bbox 228 276 1968 391">
    <p class='ocr_par' dir='ltr' id='par_1_2' title="bbox 228 276 1968 391">
     <span class='ocr_line' id='line_1_2' title="bbox 228 276 1968 391; baseline -0.005 -15"><span class='ocrx_word' id='word_1_5' title='bbox 228 324 339 391; x_wconf 63' lang='grc'>,61161</span> <span class='ocrx_word' id='word_1_6' title='bbox 368 329 461 375; x_wconf 85' lang='lat' dir='ltr'>autem</span> <span class='ocrx_word' id='word_1_7' title='bbox 483 322 556 375; x_wconf 86' lang='lat' dir='ltr'>ritus</span> <span class='ocrx_word' id='word_1_8' title='bbox 587 319 774 390; x_wconf 84' lang='lat' dir='ltr'>impositionis</span> <span class='ocrx_word' id='word_1_9' title='bbox 802 336 934 373; x_wconf 88' lang='grc'>666666</span> <span class='ocrx_word' id='word_1_10' title='bbox 957 315 1091 386; x_wconf 81' lang='lat' dir='ltr'>publicae</span> <span class='ocrx_word' id='word_1_11' title='bbox 1122 312 1249 371; x_wconf 85' lang='lat' dir='ltr'>Christus</span> <span class='ocrx_word' id='word_1_12' title='bbox 1268 317 1400 388; x_wconf 84' lang='lat' dir='ltr'>apostolis</span> <span class='ocrx_word' id='word_1_13' title='bbox 1419 322 1447 372; x_wconf 91' lang='lat' dir='ltr'>et</span> <span class='ocrx_word' id='word_1_14' title='bbox 1472 315 1649 387; x_wconf 66' lang='lat' dir='ltr'>septuaginta</span> <span class='ocrx_word' id='word_1_15' title='bbox 1665 313 1813 386; x_wconf 72' lang='lat' dir='ltr'>discipulis</span> <span class='ocrx_word' id='word_1_16' title='bbox 1830 276 1968 369; x_wconf 70' lang='grc'>1111611111</span> 
     </span>
    </p>
   </div>
   <div class='ocr_carea' id='block_1_3' title="bbox 127 399 2010 3241">
    <p class='ocr_par' dir='ltr' id='par_1_3' title="bbox 127 399 2009 3217">
     <span class='ocr_line' id='line_1_3' title="bbox 261 399 1966 477; baseline -0.005 -15"><span class='ocrx_word' id='word_1_17' title='bbox 261 407 454 463; x_wconf 79' lang='lat' dir='ltr'>declarationi</span> <span class='ocrx_word' id='word_1_18' title='bbox 473 423 615 477; x_wconf 85' lang='lat' dir='ltr'>personae</span> <span class='ocrx_word' id='word_1_19' title='bbox 639 413 769 474; x_wconf 84' lang='grc'>6666166,</span> <span class='ocrx_word' id='word_1_20' title='bbox 794 414 825 458; x_wconf 82' lang='lat' dir='ltr'>nt</span> <span class='ocrx_word' id='word_1_21' title='bbox 848 403 1019 458; x_wconf 83' lang='lat' dir='ltr'>renrmtintio</span> <span class='ocrx_word' id='word_1_22' title='bbox 1046 401 1096 464; x_wconf 78' lang='lat' dir='ltr'>fiat</span> <span class='ocrx_word' id='word_1_23' title='bbox 1124 417 1157 456; x_wconf 89' lang='lat' dir='ltr'>ac</span> <span class='ocrx_word' id='word_1_24' title='bbox 1176 407 1349 472; x_wconf 87' lang='lat' dir='ltr'>potestatem,</span> <span class='ocrx_word' id='word_1_25' title='bbox 1367 419 1430 457; x_wconf 92' lang='lat' dir='ltr'>cum</span> <span class='ocrx_word' id='word_1_26' title='bbox 1448 400 1629 456; x_wconf 88' lang='lat' dir='ltr'>ministerium</span> <span class='ocrx_word' id='word_1_27' title='bbox 1652 400 1792 472; x_wconf 84' lang='lat' dir='ltr'>evangelii</span> <span class='ocrx_word' id='word_1_28' title='bbox 1811 399 1867 454; x_wconf 93' lang='lat' dir='ltr'>illis</span> <span class='ocrx_word' id='word_1_29' title='bbox 1889 416 1966 454; x_wconf 88' lang='lat' dir='ltr'>ccm-</span> 
     </span>
     <span class='ocr_line' id='line_1_4' title="bbox 261 485 1966 558; baseline -0.004 -11"><span class='ocrx_word' id='word_1_30' title='bbox 261 495 402 548; x_wconf 80' lang='lat' dir='ltr'>iltustrior</span> <span class='ocrx_word' id='word_1_31' title='bbox 434 501 459 546; x_wconf 86' lang='lat' dir='ltr'>et</span> <span class='ocrx_word' id='word_1_32' title='bbox 490 501 520 546; x_wconf 89' lang='grc'>61</span> <span class='ocrx_word' id='word_1_33' title='bbox 550 494 595 546; x_wconf 76' lang='lat' dir='ltr'>liic</span> <span class='ocrx_word' id='word_1_34' title='bbox 628 492 699 545; x_wconf 82' lang='lat' dir='ltr'>ritas</span> <span class='ocrx_word' id='word_1_35' title='bbox 729 493 763 544; x_wconf 85' lang='lat' dir='ltr'>de</span> <span class='ocrx_word' id='word_1_36' title='bbox 793 491 878 544; x_wconf 84' lang='lat' dir='ltr'>certis</span> <span class='ocrx_word' id='word_1_37' title='bbox 908 489 1013 554; x_wconf 71' lang='lat' dir='ltr'>officiis</span> <span class='ocrx_word' id='word_1_38' title='bbox 1042 488 1098 540; x_wconf 84' lang='lat' dir='ltr'>od·</span> <span class='ocrx_word' id='word_1_39' title='bbox 1125 487 1281 556; x_wconf 85' lang='lat' dir='ltr'>mandaret,</span> <span class='ocrx_word' id='word_1_40' title='bbox 1311 487 1361 542; x_wconf 89' lang='lat' dir='ltr'>sed</span> <span class='ocrx_word' id='word_1_41' title='bbox 1381 488 1457 543; x_wconf 90' lang='lat' dir='ltr'>nullo</span> <span class='ocrx_word' id='word_1_42' title='bbox 1476 492 1589 543; x_wconf 87' lang='lat' dir='ltr'>externo</span> <span class='ocrx_word' id='word_1_43' title='bbox 1612 487 1742 558; x_wconf 87' lang='lat' dir='ltr'>symbolo</span> <span class='ocrx_word' id='word_1_44' title='bbox 1759 504 1828 543; x_wconf 88' lang='lat' dir='ltr'>usus</span> <span class='ocrx_word' id='word_1_45' title='bbox 1847 485 1966 557; x_wconf 88' lang='lat' dir='ltr'>legitur.</span> 
     </span>
     <span class='ocr_line' id='line_1_5' title="bbox 263 527 1965 643; baseline -0.004 -10"><span class='ocrx_word' id='word_1_46' title='bbox 263 587 380 633; x_wconf 87' lang='lat' dir='ltr'>moneat.</span> <span class='ocrx_word' id='word_1_47' title='bbox 1126 572 1204 627; x_wconf 87' lang='lat' dir='ltr'><strong>Idem</strong></span> <span class='ocrx_word' id='word_1_48' title='bbox 1230 527 1297 627; x_wconf 86' lang='grc'>16611</span> <span class='ocrx_word' id='word_1_49' title='bbox 1320 579 1384 643; x_wconf 84' lang='grc'>6661</span> <span class='ocrx_word' id='word_1_50' title='bbox 1411 574 1639 629; x_wconf 73' lang='lat' dir='ltr'>resurrectionem</span> <span class='ocrx_word' id='word_1_51' title='bbox 1666 572 1768 629; x_wconf 83' lang='lat' dir='ltr'>Matth</span> <span class='ocrx_word' id='word_1_52' title='bbox 1793 577 1965 641; x_wconf 51' lang='grc'>16619</span> 
     </span>
     <span class='ocr_line' id='line_1_6' title="bbox 136 657 1967 728; baseline -0.004 -8"><span class='ocrx_word' id='word_1_53' title='bbox 136 666 156 705; x_wconf 69' lang='lat'>⁹</span> <span class='ocrx_word' id='word_1_54' title='bbox 172 666 204 705; x_wconf 65' lang='lat'>⁸¹¹</span> <span class='ocrx_word' id='word_1_55' title='bbox 303 673 358 720; x_wconf 79' lang='grc'>1111.</span> <span class='ocrx_word' id='word_1_56' title='bbox 383 663 531 728; x_wconf 78' lang='lat' dir='ltr'>Quaeritur</span> <span class='ocrx_word' id='word_1_57' title='bbox 552 663 687 726; x_wconf 91' lang='lat' dir='ltr'>secundo,</span> <span class='ocrx_word' id='word_1_58' title='bbox 719 680 757 715; x_wconf 87' lang='lat' dir='ltr'>an</span> <span class='ocrx_word' id='word_1_59' title='bbox 781 662 925 715; x_wconf 86' lang='lat' dir='ltr'>ordinatio</span> <span class='ocrx_word' id='word_1_60' title='bbox 949 657 1785 722; x_wconf 78' lang='grc' dir='ltr'>61166616-Μ616.16,1.15.Ν6661166161616101111611</span> <span class='ocrx_word' id='word_1_61' title='bbox 1800 658 1967 713; x_wconf 85' lang='lat' dir='ltr'>mandatum</span> 
     </span>
     <span class='ocr_line' id='line_1_7' title="bbox 137 719 1966 851; baseline -0.007 -42"><span class='ocrx_word' id='word_1_62' title='bbox 137 719 177 809; x_wconf 67' lang='lat' dir='ltr'>hid</span> <span class='ocrx_word' id='word_1_63' title='bbox 177 719 251 808; x_wconf 58' lang='grc'>611110</span> <span class='ocrx_word' id='word_1_64' title='bbox 267 760 386 805; x_wconf 86' lang='grc'>6166166</span> <span class='ocrx_word' id='word_1_65' title='bbox 413 751 533 818; x_wconf 80' lang='lat' dir='ltr'>aliquod</span> <span class='ocrx_word' id='word_1_66' title='bbox 555 749 675 818; x_wconf 79' lang='lat' dir='ltr'>proprie</span> <span class='ocrx_word' id='word_1_67' title='bbox 704 756 729 801; x_wconf 88' lang='lat' dir='ltr'>ct</span> <span class='ocrx_word' id='word_1_68' title='bbox 754 749 883 816; x_wconf 75' lang='lat' dir='ltr'>specifice</span> <span class='ocrx_word' id='word_1_69' title='bbox 910 748 952 801; x_wconf 88' lang='lat' dir='ltr'>sic</span> <span class='ocrx_word' id='word_1_70' title='bbox 977 732 1116 851; x_wconf 55' lang='lat' dir='ltr'>dictumi÷</span> <span class='ocrx_word' id='word_1_71' title='bbox 1129 743 1164 798; x_wconf 87' lang='lat' dir='ltr'>de</span> <span class='ocrx_word' id='word_1_72' title='bbox 1183 743 1232 798; x_wconf 89' lang='lat' dir='ltr'>illa</span> <span class='ocrx_word' id='word_1_73' title='bbox 1253 762 1351 801; x_wconf 90' lang='lat' dir='ltr'>manus</span> <span class='ocrx_word' id='word_1_74' title='bbox 1369 746 1584 815; x_wconf 90' lang='lat' dir='ltr'>impositionein</span> <span class='ocrx_word' id='word_1_75' title='bbox 1602 745 1775 801; x_wconf 89' lang='lat' dir='ltr'>ordinatione</span> <span class='ocrx_word' id='word_1_76' title='bbox 1792 743 1966 808; x_wconf 86' lang='lat' dir='ltr'>adhibenda,</span> 
     </span>
     <span class='ocr_line' id='line_1_8' title="bbox 140 807 1967 900; baseline -0.003 -10"><span class='ocrx_word' id='word_1_77' title='bbox 140 832 192 859; x_wconf 75' lang='lat' dir='ltr'>men</span> <span class='ocrx_word' id='word_1_78' title='bbox 179 824 249 859; x_wconf 73' lang='lat'>¹¹’‘⁰¹¹¹</span> <span class='ocrx_word' id='word_1_79' title='bbox 270 837 410 892; x_wconf 87' lang='lat' dir='ltr'>Pontificii</span> <span class='ocrx_word' id='word_1_80' title='bbox 428 834 573 891; x_wconf 85' lang='lat' dir='ltr'>affirmant.</span> <span class='ocrx_word' id='word_1_81' title='bbox 614 833 661 890; x_wconf 88' lang='lat' dir='ltr'>Sic</span> <span class='ocrx_word' id='word_1_82' title='bbox 679 836 753 890; x_wconf 89' lang='lat' dir='ltr'>enim</span> <span class='ocrx_word' id='word_1_83' title='bbox 775 834 899 889; x_wconf 88' lang='lat' dir='ltr'>decernit</span> <span class='ocrx_word' id='word_1_84' title='bbox 915 832 1013 888; x_wconf 91' lang='lat' dir='ltr'>concil.</span> <span class='ocrx_word' id='word_1_85' title='bbox 1041 807 1116 885; x_wconf 89' lang='lat' dir='ltr'>Tri·</span> <span class='ocrx_word' id='word_1_86' title='bbox 1126 830 1186 899; x_wconf 84' lang='lat' dir='ltr'>jam</span> <span class='ocrx_word' id='word_1_87' title='bbox 1208 848 1273 886; x_wconf 87' lang='lat' dir='ltr'>vero</span> <span class='ocrx_word' id='word_1_88' title='bbox 1304 839 1477 886; x_wconf 86' lang='lat' dir='ltr'>sacramenta</span> <span class='ocrx_word' id='word_1_89' title='bbox 1501 831 1606 887; x_wconf 91' lang='lat' dir='ltr'>debent</span> <span class='ocrx_word' id='word_1_90' title='bbox 1627 848 1688 886; x_wconf 91' lang='lat' dir='ltr'>esse</span> <span class='ocrx_word' id='word_1_91' title='bbox 1712 830 1833 900; x_wconf 83' lang='lat' dir='ltr'>abipso</span> <span class='ocrx_word' id='word_1_92' title='bbox 1854 829 1967 885; x_wconf 83' lang='lat' dir='ltr'>Christo</span> 
     </span>
     <span class='ocr_line' id='line_1_9' title="bbox 271 915 1966 988; baseline -0.004 -11"><span class='ocrx_word' id='word_1_93' title='bbox 271 923 415 978; x_wconf 90' lang='lat' dir='ltr'>dentinum</span> <span class='ocrx_word' id='word_1_94' title='bbox 434 939 500 977; x_wconf 88' lang='lat' dir='ltr'>sess.</span> <span class='ocrx_word' id='word_1_95' title='bbox 525 927 564 976; x_wconf 85' lang='grc'>11.</span> <span class='ocrx_word' id='word_1_96' title='bbox 583 921 617 975; x_wconf 91' lang='grc'>66</span> <span class='ocrx_word' id='word_1_97' title='bbox 635 937 704 975; x_wconf 87' lang='lat' dir='ltr'>sacr</span> <span class='ocrx_word' id='word_1_98' title='bbox 729 919 833 973; x_wconf 76' lang='lat' dir='ltr'>ordinis</span> <span class='ocrx_word' id='word_1_99' title='bbox 853 935 914 973; x_wconf 89' lang='lat' dir='ltr'>cau</span> <span class='ocrx_word' id='word_1_100' title='bbox 932 925 961 973; x_wconf 89' lang='grc'>3.</span> <span class='ocrx_word' id='word_1_101' title='bbox 988 918 1102 984; x_wconf 83' lang='lat' dir='ltr'>Siquis</span> <span class='ocrx_word' id='word_1_102' title='bbox 1129 915 1288 970; x_wconf 87' lang='lat' dir='ltr'>immediate</span> <span class='ocrx_word' id='word_1_103' title='bbox 1314 917 1454 985; x_wconf 84' lang='lat' dir='ltr'>instituta,</span> <span class='ocrx_word' id='word_1_104' title='bbox 1485 919 1551 988; x_wconf 88' lang='lat' dir='ltr'>quia</span> <span class='ocrx_word' id='word_1_105' title='bbox 1573 917 1615 972; x_wconf 92' lang='lat' dir='ltr'>illi</span> <span class='ocrx_word' id='word_1_106' title='bbox 1638 917 1691 972; x_wconf 91' lang='lat' dir='ltr'>soli</span> <span class='ocrx_word' id='word_1_107' title='bbox 1719 917 1852 986; x_wconf 88' lang='lat' dir='ltr'>competit</span> <span class='ocrx_word' id='word_1_108' title='bbox 1873 933 1966 970; x_wconf 80' lang='lat' dir='ltr'>sacra-</span> 
     </span>
     <span class='ocr_line' id='line_1_10' title="bbox 267 1001 1966 1076; baseline -0.004 -14"><span class='ocrx_word' id='word_1_109' title='bbox 267 1009 380 1076; x_wconf 83' lang='lat' dir='ltr'>dr&#39;nerit,</span> <span class='ocrx_word' id='word_1_110' title='bbox 397 1009 524 1060; x_wconf 83' lang='lat' dir='ltr'>ordinem</span> <span class='ocrx_word' id='word_1_111' title='bbox 542 1007 598 1059; x_wconf 86' lang='lat' dir='ltr'>sive</span> <span class='ocrx_word' id='word_1_112' title='bbox 616 1023 728 1059; x_wconf 85' lang='lat' dir='ltr'>sacram</span> <span class='ocrx_word' id='word_1_113' title='bbox 743 1006 948 1058; x_wconf 81' lang='lat' dir='ltr'>ordinationem</span> <span class='ocrx_word' id='word_1_114' title='bbox 966 1021 1023 1055; x_wconf 91' lang='lat' dir='ltr'>non</span> <span class='ocrx_word' id='word_1_115' title='bbox 1042 1019 1101 1055; x_wconf 85' lang='lat' dir='ltr'>esse</span> <span class='ocrx_word' id='word_1_116' title='bbox 1130 1006 1222 1054; x_wconf 89' lang='lat' dir='ltr'>menta</span> <span class='ocrx_word' id='word_1_117' title='bbox 1240 1001 1397 1069; x_wconf 81' lang='lat' dir='ltr'>instituere,</span> <span class='ocrx_word' id='word_1_118' title='bbox 1422 1003 1470 1072; x_wconf 90' lang='lat' dir='ltr'>qui</span> <span class='ocrx_word' id='word_1_119' title='bbox 1489 1008 1581 1072; x_wconf 91' lang='lat' dir='ltr'>potest</span> <span class='ocrx_word' id='word_1_120' title='bbox 1597 1020 1647 1073; x_wconf 90' lang='lat' dir='ltr'>per</span> <span class='ocrx_word' id='word_1_121' title='bbox 1664 1003 1792 1073; x_wconf 82' lang='lat' dir='ltr'>symbola</span> <span class='ocrx_word' id='word_1_122' title='bbox 1809 1018 1966 1056; x_wconf 79' lang='grc'>6661661611·</span> 
     </span>
     <span class='ocr_line' id='line_1_11' title="bbox 266 1086 1967 1162; baseline -0.003 -15"><span class='ocrx_word' id='word_1_123' title='bbox 266 1112 328 1147; x_wconf 87' lang='lat' dir='ltr'>vere</span> <span class='ocrx_word' id='word_1_124' title='bbox 356 1102 382 1146; x_wconf 89' lang='grc'>61</span> <span class='ocrx_word' id='word_1_125' title='bbox 407 1092 526 1162; x_wconf 85' lang='lat' dir='ltr'>proprie</span> <span class='ocrx_word' id='word_1_126' title='bbox 548 1100 753 1145; x_wconf 82' lang='lat' dir='ltr'>sacramentum</span> <span class='ocrx_word' id='word_1_127' title='bbox 784 1109 803 1143; x_wconf 90' lang='grc'>6</span> <span class='ocrx_word' id='word_1_128' title='bbox 836 1091 947 1145; x_wconf 81' lang='lat' dir='ltr'>Christo</span> <span class='ocrx_word' id='word_1_129' title='bbox 978 1090 1102 1143; x_wconf 87' lang='lat' dir='ltr'>Domino</span> <span class='ocrx_word' id='word_1_130' title='bbox 1129 1086 1197 1140; x_wconf 84' lang='lat' dir='ltr'>talia</span> <span class='ocrx_word' id='word_1_131' title='bbox 1225 1087 1345 1157; x_wconf 83' lang='lat' dir='ltr'>gratiam</span> <span class='ocrx_word' id='word_1_132' title='bbox 1371 1087 1505 1144; x_wconf 75' lang='lat' dir='ltr'>conferre.</span> <span class='ocrx_word' id='word_1_133' title='bbox 1541 1088 1595 1144; x_wconf 88' lang='lat' dir='ltr'>Sed</span> <span class='ocrx_word' id='word_1_134' title='bbox 1625 1105 1677 1143; x_wconf 91' lang='lat' dir='ltr'>nec</span> <span class='ocrx_word' id='word_1_135' title='bbox 1706 1089 1825 1159; x_wconf 87' lang='lat' dir='ltr'>apostoli</span> <span class='ocrx_word' id='word_1_136' title='bbox 1856 1087 1967 1158; x_wconf 81' lang='lat' dir='ltr'>uspiam</span> 
     </span>
     <span class='ocr_line' id='line_1_12' title="bbox 127 1172 1968 1245; baseline -0.003 -12"><span class='ocrx_word' id='word_1_137' title='bbox 127 1182 435 1245; x_wconf 68' lang='grc'>1111111166616666,</span> <span class='ocrx_word' id='word_1_138' title='bbox 462 1179 505 1231; x_wconf 85' lang='lat' dir='ltr'>vei</span> <span class='ocrx_word' id='word_1_139' title='bbox 530 1196 590 1231; x_wconf 86' lang='lat' dir='ltr'>esse</span> <span class='ocrx_word' id='word_1_140' title='bbox 601 1179 764 1245; x_wconf 72' lang='lat' dir='ltr'>flymentum</span> <span class='ocrx_word' id='word_1_141' title='bbox 789 1177 934 1245; x_wconf 80' lang='lat' dir='ltr'>quoddam</span> <span class='ocrx_word' id='word_1_142' title='bbox 951 1176 1102 1228; x_wconf 83' lang='grc'>16166666</span> <span class='ocrx_word' id='word_1_143' title='bbox 1128 1172 1303 1242; x_wconf 81' lang='lat' dir='ltr'>mandarunt,</span> <span class='ocrx_word' id='word_1_144' title='bbox 1316 1173 1346 1226; x_wconf 89' lang='lat' dir='ltr'>in</span> <span class='ocrx_word' id='word_1_145' title='bbox 1359 1173 1894 1229; x_wconf 73' lang='lat' dir='ltr'>ormnnuonenecesseriosdhibendam</span> <span class='ocrx_word' id='word_1_146' title='bbox 1907 1189 1968 1228; x_wconf 83' lang='lat' dir='ltr'>esse</span> 
     </span>
     <span class='ocr_line' id='line_1_13' title="bbox 269 1257 1968 1333; baseline -0.004 -14"><span class='ocrx_word' id='word_1_147' title='bbox 269 1267 452 1333; x_wconf 79' lang='lat' dir='ltr'>eccopitotam</span> <span class='ocrx_word' id='word_1_148' title='bbox 475 1281 494 1315; x_wconf 88' lang='grc'>6</span> <span class='ocrx_word' id='word_1_149' title='bbox 517 1264 586 1316; x_wconf 85' lang='lat' dir='ltr'>siris</span> <span class='ocrx_word' id='word_1_150' title='bbox 606 1279 700 1314; x_wconf 85' lang='lat' dir='ltr'>rerum</span> <span class='ocrx_word' id='word_1_151' title='bbox 720 1263 972 1316; x_wconf 84' lang='lat' dir='ltr'>ecclesiasticarum</span> <span class='ocrx_word' id='word_1_152' title='bbox 991 1262 1102 1330; x_wconf 84' lang='lat' dir='ltr'>imperi·</span> <span class='ocrx_word' id='word_1_153' title='bbox 1129 1274 1260 1311; x_wconf 88' lang='lat' dir='ltr'>manuum</span> <span class='ocrx_word' id='word_1_154' title='bbox 1277 1257 1492 1327; x_wconf 86' lang='lat' dir='ltr'>impositionem,</span> <span class='ocrx_word' id='word_1_155' title='bbox 1517 1260 1645 1330; x_wconf 81' lang='lat' dir='ltr'>nuspiam</span> <span class='ocrx_word' id='word_1_156' title='bbox 1662 1259 1745 1315; x_wconf 87' lang='lat' dir='ltr'>etiam</span> <span class='ocrx_word' id='word_1_157' title='bbox 1764 1259 1968 1331; x_wconf 83' lang='lat' dir='ltr'>significarunt,</span> 
     </span>
     <span class='ocr_line' id='line_1_14' title="bbox 268 1343 1969 1417; baseline -0.003 -13"><span class='ocrx_word' id='word_1_158' title='bbox 268 1355 317 1417; x_wconf 88' lang='lat' dir='ltr'>tis,</span> <span class='ocrx_word' id='word_1_159' title='bbox 342 1359 467 1403; x_wconf 77' lang='lat' dir='ltr'>estesse</span> <span class='ocrx_word' id='word_1_160' title='bbox 491 1357 599 1403; x_wconf 87' lang='lat' dir='ltr'>tantum</span> <span class='ocrx_word' id='word_1_161' title='bbox 615 1350 701 1401; x_wconf 85' lang='lat' dir='ltr'>ritum</span> <span class='ocrx_word' id='word_1_162' title='bbox 724 1350 863 1416; x_wconf 83' lang='lat' dir='ltr'>quendam</span> <span class='ocrx_word' id='word_1_163' title='bbox 882 1348 1007 1415; x_wconf 80' lang='lat' dir='ltr'>elipandi</span> <span class='ocrx_word' id='word_1_164' title='bbox 1023 1347 1102 1400; x_wconf 87' lang='lat' dir='ltr'>mini·</span> <span class='ocrx_word' id='word_1_165' title='bbox 1130 1359 1192 1397; x_wconf 90' lang='lat' dir='ltr'>eam</span> <span class='ocrx_word' id='word_1_166' title='bbox 1210 1360 1270 1397; x_wconf 88' lang='lat' dir='ltr'>esse</span> <span class='ocrx_word' id='word_1_167' title='bbox 1288 1343 1370 1397; x_wconf 88' lang='lat' dir='ltr'>ritum</span> <span class='ocrx_word' id='word_1_168' title='bbox 1389 1344 1520 1398; x_wconf 86' lang='lat' dir='ltr'>divinitus</span> <span class='ocrx_word' id='word_1_169' title='bbox 1538 1345 1704 1408; x_wconf 88' lang='lat' dir='ltr'>institutum,</span> <span class='ocrx_word' id='word_1_170' title='bbox 1723 1362 1773 1416; x_wconf 90' lang='lat' dir='ltr'>per</span> <span class='ocrx_word' id='word_1_171' title='bbox 1791 1361 1874 1416; x_wconf 92' lang='lat' dir='ltr'>quem</span> <span class='ocrx_word' id='word_1_172' title='bbox 1888 1344 1969 1399; x_wconf 88' lang='lat' dir='ltr'>Deus</span> 
     </span>
     <span class='ocr_line' id='line_1_15' title="bbox 267 1428 1969 1503; baseline -0.004 -13"><span class='ocrx_word' id='word_1_173' title='bbox 267 1445 340 1491; x_wconf 84' lang='lat' dir='ltr'>atros</span> <span class='ocrx_word' id='word_1_174' title='bbox 357 1437 436 1489; x_wconf 81' lang='lat' dir='ltr'>verbi</span> <span class='ocrx_word' id='word_1_175' title='bbox 453 1435 512 1488; x_wconf 86' lang='lat' dir='ltr'>Dei</span> <span class='ocrx_word' id='word_1_176' title='bbox 529 1442 555 1487; x_wconf 87' lang='lat' dir='ltr'>et</span> <span class='ocrx_word' id='word_1_177' title='bbox 572 1442 809 1487; x_wconf 81' lang='lat' dir='ltr'>sacramentorum</span> <span class='ocrx_word' id='word_1_178' title='bbox 825 1440 877 1488; x_wconf 89' lang='lat' dir='ltr'>etc.</span> <span class='ocrx_word' id='word_1_179' title='bbox 894 1432 1042 1488; x_wconf 87' lang='lat' dir='ltr'>anathema</span> <span class='ocrx_word' id='word_1_180' title='bbox 1058 1432 1103 1487; x_wconf 89' lang='lat' dir='ltr'>sit.</span> <span class='ocrx_word' id='word_1_181' title='bbox 1130 1428 1248 1499; x_wconf 87' lang='lat' dir='ltr'>gratiam</span> <span class='ocrx_word' id='word_1_182' title='bbox 1269 1429 1335 1484; x_wconf 87' lang='lat' dir='ltr'>duro</span> <span class='ocrx_word' id='word_1_183' title='bbox 1355 1429 1429 1497; x_wconf 85' lang='lat' dir='ltr'>velit,</span> <span class='ocrx_word' id='word_1_184' title='bbox 1448 1430 1496 1484; x_wconf 89' lang='lat' dir='ltr'>sed</span> <span class='ocrx_word' id='word_1_185' title='bbox 1511 1430 1594 1485; x_wconf 89' lang='lat' dir='ltr'>ritum</span> <span class='ocrx_word' id='word_1_186' title='bbox 1606 1431 1686 1485; x_wconf 91' lang='lat' dir='ltr'>illum</span> <span class='ocrx_word' id='word_1_187' title='bbox 1699 1436 1884 1503; x_wconf 62' lang='lat' dir='ltr'>proponentur,</span> <span class='ocrx_word' id='word_1_188' title='bbox 1903 1446 1969 1485; x_wconf 91' lang='lat' dir='ltr'>cum</span> 
     </span>
     <span class='ocr_line' id='line_1_16' title="bbox 267 1515 1969 1591; baseline -0.003 -15"><span class='ocrx_word' id='word_1_189' title='bbox 267 1521 452 1578; x_wconf 91' lang='lat' dir='ltr'>Bellarminus</span> <span class='ocrx_word' id='word_1_190' title='bbox 483 1527 548 1574; x_wconf 89' lang='lat' dir='ltr'>tom.</span> <span class='ocrx_word' id='word_1_191' title='bbox 577 1522 604 1572; x_wconf 85' lang='lat'>3.</span> <span class='ocrx_word' id='word_1_192' title='bbox 632 1527 752 1574; x_wconf 85' lang='lat' dir='ltr'>controv.</span> <span class='ocrx_word' id='word_1_193' title='bbox 782 1519 903 1591; x_wconf 91' lang='lat' dir='ltr'>general.</span> <span class='ocrx_word' id='word_1_194' title='bbox 934 1526 958 1574; x_wconf 94' lang='grc'>5.</span> <span class='ocrx_word' id='word_1_195' title='bbox 987 1518 1035 1573; x_wconf 87' lang='grc'>1111.</span> <span class='ocrx_word' id='word_1_196' title='bbox 1069 1518 1103 1573; x_wconf 85' lang='grc'>66</span> <span class='ocrx_word' id='word_1_197' title='bbox 1130 1515 1159 1568; x_wconf 90' lang='grc'>16</span> <span class='ocrx_word' id='word_1_198' title='bbox 1176 1515 1281 1584; x_wconf 88' lang='grc'>666616</span> <span class='ocrx_word' id='word_1_199' title='bbox 1300 1515 1348 1569; x_wconf 88' lang='grc'>1116</span> <span class='ocrx_word' id='word_1_200' title='bbox 1368 1517 1486 1570; x_wconf 86' lang='lat' dir='ltr'>usitatus</span> <span class='ocrx_word' id='word_1_201' title='bbox 1505 1524 1594 1581; x_wconf 87' lang='lat' dir='ltr'>esset,</span> <span class='ocrx_word' id='word_1_202' title='bbox 1614 1517 1700 1573; x_wconf 90' lang='lat' dir='ltr'>libere</span> <span class='ocrx_word' id='word_1_203' title='bbox 1717 1517 1916 1584; x_wconf 81' lang='lat' dir='ltr'>adhibuerunt,</span> <span class='ocrx_word' id='word_1_204' title='bbox 1937 1521 1969 1570; x_wconf 89' lang='lat' dir='ltr'>ut</span> 
     </span>
     <span class='ocr_line' id='line_1_17' title="bbox 268 1601 1969 1676; baseline -0.003 -15"><span class='ocrx_word' id='word_1_205' title='bbox 268 1624 384 1662; x_wconf 87' lang='lat' dir='ltr'>sacram.</span> <span class='ocrx_word' id='word_1_206' title='bbox 402 1604 506 1660; x_wconf 87' lang='lat' dir='ltr'>ordinis</span> <span class='ocrx_word' id='word_1_207' title='bbox 526 1621 549 1658; x_wconf 95' lang='grc'>6.</span> <span class='ocrx_word' id='word_1_208' title='bbox 567 1611 591 1659; x_wconf 81' lang='grc'>2.</span> <span class='ocrx_word' id='word_1_209' title='bbox 610 1604 875 1676; x_wconf 83' lang='grc'>616116166666161,</span> <span class='ocrx_word' id='word_1_210' title='bbox 899 1605 1103 1657; x_wconf 82' lang='lat' dir='ltr'>ordinationem</span> <span class='ocrx_word' id='word_1_211' title='bbox 1128 1617 1246 1670; x_wconf 88' lang='lat' dir='ltr'>persona</span> <span class='ocrx_word' id='word_1_212' title='bbox 1264 1601 1397 1656; x_wconf 90' lang='lat' dir='ltr'>ecclesiae</span> <span class='ocrx_word' id='word_1_213' title='bbox 1416 1601 1528 1671; x_wconf 91' lang='lat' dir='ltr'>publice</span> <span class='ocrx_word' id='word_1_214' title='bbox 1546 1602 1756 1674; x_wconf 79' lang='lat' dir='ltr'>designaretur,</span> <span class='ocrx_word' id='word_1_215' title='bbox 1781 1609 1814 1658; x_wconf 91' lang='grc'>61</span> <span class='ocrx_word' id='word_1_216' title='bbox 1838 1603 1892 1656; x_wconf 93' lang='lat' dir='ltr'>hoc</span> <span class='ocrx_word' id='word_1_217' title='bbox 1912 1602 1969 1657; x_wconf 90' lang='lat' dir='ltr'>ritu</span> 
     </span>
     <span class='ocr_line' id='line_1_18' title="bbox 269 1685 1968 1759; baseline -0.005 -11"><span class='ocrx_word' id='word_1_218' title='bbox 269 1712 327 1748; x_wconf 85' lang='lat' dir='ltr'>esse</span> <span class='ocrx_word' id='word_1_219' title='bbox 346 1699 550 1747; x_wconf 75' lang='grc'>6666666166</span> <span class='ocrx_word' id='word_1_220' title='bbox 567 1708 631 1744; x_wconf 85' lang='lat' dir='ltr'>uere</span> <span class='ocrx_word' id='word_1_221' title='bbox 654 1709 688 1743; x_wconf 87' lang='grc'>66</span> <span class='ocrx_word' id='word_1_222' title='bbox 700 1692 821 1759; x_wconf 80' lang='grc'>6166116</span> <span class='ocrx_word' id='word_1_223' title='bbox 842 1693 953 1744; x_wconf 84' lang='lat' dir='ltr'>dictum.</span> <span class='ocrx_word' id='word_1_224' title='bbox 991 1689 1103 1744; x_wconf 90' lang='lat' dir='ltr'>Nostra·</span> <span class='ocrx_word' id='word_1_225' title='bbox 1129 1690 1245 1740; x_wconf 82' lang='lat' dir='ltr'>vocatus</span> <span class='ocrx_word' id='word_1_226' title='bbox 1264 1686 1299 1740; x_wconf 90' lang='lat' dir='ltr'>de</span> <span class='ocrx_word' id='word_1_227' title='bbox 1318 1685 1443 1756; x_wconf 88' lang='lat' dir='ltr'>legitima</span> <span class='ocrx_word' id='word_1_228' title='bbox 1461 1687 1605 1742; x_wconf 73' lang='lat' dir='ltr'>vocatone</span> <span class='ocrx_word' id='word_1_229' title='bbox 1622 1687 1724 1742; x_wconf 87' lang='lat' dir='ltr'>certior</span> <span class='ocrx_word' id='word_1_230' title='bbox 1742 1685 1915 1755; x_wconf 80' lang='lat' dir='ltr'>redderetur,</span> <span class='ocrx_word' id='word_1_231' title='bbox 1935 1693 1968 1740; x_wconf 89' lang='lat' dir='ltr'>ut</span> 
     </span>
     <span class='ocr_line' id='line_1_19' title="bbox 269 1770 1969 1841; baseline -0.005 -7"><span class='ocrx_word' id='word_1_232' title='bbox 269 1798 330 1834; x_wconf 90' lang='lat' dir='ltr'>rum</span> <span class='ocrx_word' id='word_1_233' title='bbox 358 1777 537 1833; x_wconf 88' lang='lat' dir='ltr'>ecclesiarum</span> <span class='ocrx_word' id='word_1_234' title='bbox 561 1775 630 1830; x_wconf 91' lang='lat' dir='ltr'>haec</span> <span class='ocrx_word' id='word_1_235' title='bbox 655 1782 698 1830; x_wconf 91' lang='lat' dir='ltr'>est</span> <span class='ocrx_word' id='word_1_236' title='bbox 721 1776 874 1839; x_wconf 88' lang='lat' dir='ltr'>sententia,</span> <span class='ocrx_word' id='word_1_237' title='bbox 903 1775 1103 1830; x_wconf 79' lang='lat' dir='ltr'>ordinationem</span> <span class='ocrx_word' id='word_1_238' title='bbox 1130 1777 1204 1826; x_wconf 91' lang='lat' dir='ltr'>esset</span> <span class='ocrx_word' id='word_1_239' title='bbox 1228 1771 1348 1826; x_wconf 90' lang='lat' dir='ltr'>solennis</span> <span class='ocrx_word' id='word_1_240' title='bbox 1374 1770 1531 1826; x_wconf 88' lang='lat' dir='ltr'>testificatio</span> <span class='ocrx_word' id='word_1_241' title='bbox 1550 1773 1580 1827; x_wconf 90' lang='lat' dir='ltr'>in</span> <span class='ocrx_word' id='word_1_242' title='bbox 1604 1773 1729 1841; x_wconf 88' lang='lat' dir='ltr'>ecclesia,</span> <span class='ocrx_word' id='word_1_243' title='bbox 1752 1779 1889 1828; x_wconf 81' lang='lat' dir='ltr'>servatam</span> <span class='ocrx_word' id='word_1_244' title='bbox 1905 1789 1969 1827; x_wconf 88' lang='lat' dir='ltr'>csse</span> 
     </span>
     <span class='ocr_line' id='line_1_20' title="bbox 269 1856 1968 1936; baseline -0.004 -17"><span class='ocrx_word' id='word_1_245' title='bbox 269 1883 351 1936; x_wconf 91' lang='lat' dir='ltr'>posse</span> <span class='ocrx_word' id='word_1_246' title='bbox 372 1862 465 1918; x_wconf 83' lang='lat' dir='ltr'>vocari</span> <span class='ocrx_word' id='word_1_247' title='bbox 488 1867 690 1916; x_wconf 90' lang='lat' dir='ltr'>sacramentum</span> <span class='ocrx_word' id='word_1_248' title='bbox 719 1878 786 1916; x_wconf 86' lang='lat' dir='ltr'>voce</span> <span class='ocrx_word' id='word_1_249' title='bbox 812 1861 896 1916; x_wconf 91' lang='lat' dir='ltr'>latius</span> <span class='ocrx_word' id='word_1_250' title='bbox 920 1869 1051 1931; x_wconf 86' lang='lat' dir='ltr'>accepta,</span> <span class='ocrx_word' id='word_1_251' title='bbox 1080 1860 1103 1913; x_wconf 93' lang='lat' dir='ltr'>si</span> <span class='ocrx_word' id='word_1_252' title='bbox 1129 1856 1271 1911; x_wconf 84' lang='lat' dir='ltr'>electionis</span> <span class='ocrx_word' id='word_1_253' title='bbox 1285 1864 1313 1911; x_wconf 91' lang='lat' dir='ltr'>et</span> <span class='ocrx_word' id='word_1_254' title='bbox 1324 1858 1477 1912; x_wconf 85' lang='lat' dir='ltr'>vocationis</span> <span class='ocrx_word' id='word_1_255' title='bbox 1485 1858 1602 1913; x_wconf 86' lang='lat' dir='ltr'>formam</span> <span class='ocrx_word' id='word_1_256' title='bbox 1615 1858 1968 1928; x_wconf 81' lang='grc'>6111611666166661161661,</span> 
     </span>
     <span class='ocr_line' id='line_1_21' title="bbox 269 1941 1968 2018; baseline -0.003 -13"><span class='ocrx_word' id='word_1_257' title='bbox 269 1957 362 2005; x_wconf 89' lang='lat' dir='ltr'>tamen</span> <span class='ocrx_word' id='word_1_258' title='bbox 387 1948 575 2018; x_wconf 89' lang='lat' dir='ltr'>propriissime</span> <span class='ocrx_word' id='word_1_259' title='bbox 600 1946 676 2018; x_wconf 90' lang='lat' dir='ltr'>loqui</span> <span class='ocrx_word' id='word_1_260' title='bbox 694 1948 825 2010; x_wconf 88' lang='lat' dir='ltr'>velimus,</span> <span class='ocrx_word' id='word_1_261' title='bbox 842 1948 883 2001; x_wconf 88' lang='lat' dir='ltr'>ita</span> <span class='ocrx_word' id='word_1_262' title='bbox 900 1954 932 2001; x_wconf 92' lang='lat' dir='ltr'>ut</span> <span class='ocrx_word' id='word_1_263' title='bbox 949 1963 1103 2001; x_wconf 89' lang='lat' dir='ltr'>sacramen·</span> <span class='ocrx_word' id='word_1_264' title='bbox 1131 1949 1162 1996; x_wconf 88' lang='lat' dir='ltr'>ut</span> <span class='ocrx_word' id='word_1_265' title='bbox 1179 1941 1390 2012; x_wconf 87' lang='lat' dir='ltr'>significaretur,</span> <span class='ocrx_word' id='word_1_266' title='bbox 1408 1943 1500 1997; x_wconf 91' lang='lat' dir='ltr'>Deum</span> <span class='ocrx_word' id='word_1_267' title='bbox 1518 1944 1672 2014; x_wconf 91' lang='lat' dir='ltr'>approbare</span> <span class='ocrx_word' id='word_1_268' title='bbox 1688 1944 1871 2014; x_wconf 84' lang='lat' dir='ltr'>vocatiouem,</span> <span class='ocrx_word' id='word_1_269' title='bbox 1890 1959 1968 2015; x_wconf 84' lang='lat' dir='ltr'>quac</span> 
     </span>
     <span class='ocr_line' id='line_1_22' title="bbox 269 2027 1969 2104; baseline -0.005 -13"><span class='ocrx_word' id='word_1_270' title='bbox 269 2045 328 2092; x_wconf 91' lang='lat' dir='ltr'>tum</span> <span class='ocrx_word' id='word_1_271' title='bbox 354 2036 462 2089; x_wconf 87' lang='lat' dir='ltr'>dicatur</span> <span class='ocrx_word' id='word_1_272' title='bbox 485 2034 620 2087; x_wconf 80' lang='lat' dir='ltr'>duntaxat</span> <span class='ocrx_word' id='word_1_273' title='bbox 642 2033 726 2102; x_wconf 92' lang='lat' dir='ltr'>illud,</span> <span class='ocrx_word' id='word_1_274' title='bbox 753 2034 827 2104; x_wconf 92' lang='lat' dir='ltr'>quod</span> <span class='ocrx_word' id='word_1_275' title='bbox 852 2032 938 2089; x_wconf 90' lang='lat' dir='ltr'>habet</span> <span class='ocrx_word' id='word_1_276' title='bbox 961 2039 1104 2087; x_wconf 87' lang='lat' dir='ltr'>externum</span> <span class='ocrx_word' id='word_1_277' title='bbox 1130 2027 1162 2080; x_wconf 90' lang='grc'>61</span> <span class='ocrx_word' id='word_1_278' title='bbox 1181 2045 1248 2083; x_wconf 89' lang='lat' dir='ltr'>voce</span> <span class='ocrx_word' id='word_1_279' title='bbox 1266 2029 1415 2098; x_wconf 88' lang='lat' dir='ltr'>ecclesiae,</span> <span class='ocrx_word' id='word_1_280' title='bbox 1441 2035 1473 2084; x_wconf 91' lang='lat' dir='ltr'>ut</span> <span class='ocrx_word' id='word_1_281' title='bbox 1490 2030 1578 2085; x_wconf 90' lang='lat' dir='ltr'>oratio</span> <span class='ocrx_word' id='word_1_282' title='bbox 1597 2038 1670 2085; x_wconf 89' lang='lat' dir='ltr'>esset</span> <span class='ocrx_word' id='word_1_283' title='bbox 1686 2030 1840 2098; x_wconf 80' lang='lat' dir='ltr'>ardentior,</span> <span class='ocrx_word' id='word_1_284' title='bbox 1866 2037 1898 2083; x_wconf 90' lang='lat' dir='ltr'>ut</span> <span class='ocrx_word' id='word_1_285' title='bbox 1916 2029 1969 2083; x_wconf 86' lang='lat' dir='ltr'>ad·</span> 
     </span>
     <span class='ocr_line' id='line_1_23' title="bbox 271 2115 1969 2189; baseline -0.003 -14"><span class='ocrx_word' id='word_1_286' title='bbox 271 2123 437 2177; x_wconf 88' lang='lat' dir='ltr'>elementum</span> <span class='ocrx_word' id='word_1_287' title='bbox 470 2119 528 2173; x_wconf 84' lang='lat' dir='ltr'>sive</span> <span class='ocrx_word' id='word_1_288' title='bbox 553 2119 752 2173; x_wconf 86' lang='lat' dir='ltr'>sacramentale</span> <span class='ocrx_word' id='word_1_289' title='bbox 786 2118 943 2189; x_wconf 89' lang='lat' dir='ltr'>symbolum</span> <span class='ocrx_word' id='word_1_290' title='bbox 976 2118 1013 2173; x_wconf 89' lang='lat' dir='ltr'>ab</span> <span class='ocrx_word' id='word_1_291' title='bbox 1044 2117 1105 2186; x_wconf 93' lang='lat' dir='ltr'>ipso</span> <span class='ocrx_word' id='word_1_292' title='bbox 1131 2121 1421 2178; x_wconf 81' lang='lat' dir='ltr'>monereturvocatus,</span> <span class='ocrx_word' id='word_1_293' title='bbox 1440 2132 1469 2169; x_wconf 91' lang='lat' dir='ltr'>se</span> <span class='ocrx_word' id='word_1_294' title='bbox 1487 2115 1549 2171; x_wconf 90' lang='lat' dir='ltr'>Deo</span> <span class='ocrx_word' id='word_1_295' title='bbox 1563 2132 1624 2171; x_wconf 90' lang='lat' dir='ltr'>esse</span> <span class='ocrx_word' id='word_1_296' title='bbox 1638 2122 1832 2172; x_wconf 88' lang='lat' dir='ltr'>consecratum</span> <span class='ocrx_word' id='word_1_297' title='bbox 1844 2119 1874 2171; x_wconf 89' lang='lat' dir='ltr'>et</span> <span class='ocrx_word' id='word_1_298' title='bbox 1887 2131 1969 2170; x_wconf 88' lang='lat' dir='ltr'>sacro</span> 
     </span>
     <span class='ocr_line' id='line_1_24' title="bbox 272 2199 1537 2275; baseline -0.004 -15"><span class='ocrx_word' id='word_1_299' title='bbox 272 2207 381 2261; x_wconf 90' lang='lat' dir='ltr'>Christo</span> <span class='ocrx_word' id='word_1_300' title='bbox 403 2205 487 2261; x_wconf 89' lang='lat' dir='ltr'>inN.</span> <span class='ocrx_word' id='word_1_301' title='bbox 506 2204 538 2259; x_wconf 89' lang='lat' dir='ltr'>T.</span> <span class='ocrx_word' id='word_1_302' title='bbox 557 2204 722 2273; x_wconf 87' lang='lat' dir='ltr'>institutum,</span> <span class='ocrx_word' id='word_1_303' title='bbox 743 2204 787 2258; x_wconf 91' lang='grc'>661</span> <span class='ocrx_word' id='word_1_304' title='bbox 811 2220 919 2258; x_wconf 87' lang='lat' dir='ltr'>annexa</span> <span class='ocrx_word' id='word_1_305' title='bbox 937 2205 973 2257; x_wconf 88' lang='lat' dir='ltr'>eit</span> <span class='ocrx_word' id='word_1_306' title='bbox 989 2203 1104 2275; x_wconf 88' lang='lat' dir='ltr'>promis·</span> <span class='ocrx_word' id='word_1_307' title='bbox 1130 2199 1223 2256; x_wconf 86' lang='grc'>6111616</span> <span class='ocrx_word' id='word_1_308' title='bbox 1243 2201 1323 2272; x_wconf 88' lang='lat' dir='ltr'>quasi</span> <span class='ocrx_word' id='word_1_309' title='bbox 1341 2202 1537 2272; x_wconf 90' lang='lat' dir='ltr'>mancipatum.</span> 
     </span>
     <span class='ocr_line' id='line_1_25' title="bbox 271 2285 2008 2387; baseline -0.005 -40"><span class='ocrx_word' id='word_1_310' title='bbox 271 2294 312 2347; x_wconf 87' lang='lat' dir='ltr'>sio</span> <span class='ocrx_word' id='word_1_311' title='bbox 330 2291 436 2362; x_wconf 86' lang='lat' dir='ltr'>gratiae</span> <span class='ocrx_word' id='word_1_312' title='bbox 456 2291 492 2348; x_wconf 88' lang='lat' dir='ltr'>ad</span> <span class='ocrx_word' id='word_1_313' title='bbox 511 2290 699 2344; x_wconf 90' lang='lat' dir='ltr'>remissionem</span> <span class='ocrx_word' id='word_1_314' title='bbox 717 2296 895 2359; x_wconf 88' lang='lat' dir='ltr'>peccatorum</span> <span class='ocrx_word' id='word_1_315' title='bbox 913 2289 1105 2351; x_wconf 75' lang='lat' dir='ltr'>exhibendam,</span> <span class='ocrx_word' id='word_1_316' title='bbox 1169 2291 1224 2342; x_wconf 80' lang='grc'>142.</span> <span class='ocrx_word' id='word_1_317' title='bbox 1244 2285 1360 2357; x_wconf 88' lang='lat' dir='ltr'>Regerit</span> <span class='ocrx_word' id='word_1_318' title='bbox 1375 2286 1597 2342; x_wconf 85' lang='lat' dir='ltr'>Bellarminusl.</span> <span class='ocrx_word' id='word_1_319' title='bbox 1610 2288 1830 2358; x_wconf 77' lang='lat' dir='ltr'>impositionem</span> <span class='ocrx_word' id='word_1_320' title='bbox 1835 2304 2008 2387; x_wconf 55' lang='lat' dir='ltr'>mannump</span> 
     </span>
     <span class='ocr_line' id='line_1_26' title="bbox 271 2360 2010 2449; baseline -0.004 -16"><span class='ocrx_word' id='word_1_321' title='bbox 271 2377 464 2449; x_wconf 80' lang='lat' dir='ltr'>applicandam</span> <span class='ocrx_word' id='word_1_322' title='bbox 483 2381 511 2429; x_wconf 92' lang='lat' dir='ltr'>et</span> <span class='ocrx_word' id='word_1_323' title='bbox 528 2374 738 2444; x_wconf 85' lang='lat' dir='ltr'>obsignandum,</span> <span class='ocrx_word' id='word_1_324' title='bbox 757 2392 812 2445; x_wconf 92' lang='lat' dir='ltr'>quo</span> <span class='ocrx_word' id='word_1_325' title='bbox 831 2393 913 2430; x_wconf 89' lang='lat' dir='ltr'>sensu</span> <span class='ocrx_word' id='word_1_326' title='bbox 932 2381 960 2428; x_wconf 90' lang='grc'>61</span> <span class='ocrx_word' id='word_1_327' title='bbox 978 2391 1033 2446; x_wconf 90' lang='lat' dir='ltr'>qua</span> <span class='ocrx_word' id='word_1_328' title='bbox 1050 2375 1105 2445; x_wconf 89' lang='lat' dir='ltr'>sig·</span> <span class='ocrx_word' id='word_1_329' title='bbox 1130 2372 1182 2424; x_wconf 86' lang='lat' dir='ltr'>ad</span> <span class='ocrx_word' id='word_1_330' title='bbox 1180 2372 1287 2425; x_wconf 80' lang='grc'>11161616</span> <span class='ocrx_word' id='word_1_331' title='bbox 1305 2373 1396 2436; x_wconf 78' lang='lat' dir='ltr'>fuisse</span> <span class='ocrx_word' id='word_1_332' title='bbox 1407 2391 1463 2427; x_wconf 91' lang='lat' dir='ltr'>non</span> <span class='ocrx_word' id='word_1_333' title='bbox 1479 2373 1570 2426; x_wconf 82' lang='lat' dir='ltr'>solam</span> <span class='ocrx_word' id='word_1_334' title='bbox 1589 2376 1630 2428; x_wconf 83' lang='lat' dir='ltr'>ad</span> <span class='ocrx_word' id='word_1_335' title='bbox 1647 2360 2010 2442; x_wconf 64' lang='grc' dir='ltr'>6661111616,6666116161,Ι</span> 
     </span>
     <span class='ocr_line' id='line_1_27' title="bbox 273 2459 1970 2531; baseline -0.002 -14"><span class='ocrx_word' id='word_1_336' title='bbox 273 2462 429 2518; x_wconf 88' lang='lat' dir='ltr'>nificatiouc</span> <span class='ocrx_word' id='word_1_337' title='bbox 446 2461 601 2531; x_wconf 89' lang='lat' dir='ltr'>baptismus</span> <span class='ocrx_word' id='word_1_338' title='bbox 621 2466 650 2514; x_wconf 93' lang='lat' dir='ltr'>et</span> <span class='ocrx_word' id='word_1_339' title='bbox 669 2460 837 2515; x_wconf 84' lang='lat' dir='ltr'>eucharistie</span> <span class='ocrx_word' id='word_1_340' title='bbox 864 2461 996 2516; x_wconf 90' lang='lat' dir='ltr'>dicuntur</span> <span class='ocrx_word' id='word_1_341' title='bbox 1013 2477 1105 2514; x_wconf 89' lang='lat' dir='ltr'>sacra·</span> <span class='ocrx_word' id='word_1_342' title='bbox 1132 2460 1172 2512; x_wconf 86' lang='lat' dir='ltr'>ad</span> <span class='ocrx_word' id='word_1_343' title='bbox 1192 2460 1398 2527; x_wconf 83' lang='lat' dir='ltr'>ordinandum,</span> <span class='ocrx_word' id='word_1_344' title='bbox 1418 2477 1480 2512; x_wconf 86' lang='lat' dir='ltr'>cum</span> <span class='ocrx_word' id='word_1_345' title='bbox 1499 2459 1649 2528; x_wconf 80' lang='lat' dir='ltr'>Scriptura</span> <span class='ocrx_word' id='word_1_346' title='bbox 1668 2477 1725 2514; x_wconf 88' lang='lat' dir='ltr'>non</span> <span class='ocrx_word' id='word_1_347' title='bbox 1743 2461 1837 2522; x_wconf 74' lang='lat' dir='ltr'>faciat</span> <span class='ocrx_word' id='word_1_348' title='bbox 1853 2461 1970 2513; x_wconf 83' lang='lat' dir='ltr'>mentio·</span> 
     </span>
     <span class='ocr_line' id='line_1_28' title="bbox 273 2543 1971 2617; baseline -0.004 -13"><span class='ocrx_word' id='word_1_349' title='bbox 273 2553 374 2615; x_wconf 90' lang='lat' dir='ltr'>menta,</span> <span class='ocrx_word' id='word_1_350' title='bbox 395 2565 427 2602; x_wconf 92' lang='lat' dir='ltr'>eo</span> <span class='ocrx_word' id='word_1_351' title='bbox 447 2563 539 2614; x_wconf 89' lang='lat' dir='ltr'>sensu,</span> <span class='ocrx_word' id='word_1_352' title='bbox 558 2544 761 2616; x_wconf 84' lang='lat' dir='ltr'>significatione</span> <span class='ocrx_word' id='word_1_353' title='bbox 779 2562 812 2600; x_wconf 89' lang='lat' dir='ltr'>ac</span> <span class='ocrx_word' id='word_1_354' title='bbox 831 2552 960 2617; x_wconf 89' lang='lat' dir='ltr'>respectu</span> <span class='ocrx_word' id='word_1_355' title='bbox 972 2562 1106 2616; x_wconf 87' lang='lat' dir='ltr'>negamus</span> <span class='ocrx_word' id='word_1_356' title='bbox 1132 2561 1193 2597; x_wconf 85' lang='lat' dir='ltr'>nem</span> <span class='ocrx_word' id='word_1_357' title='bbox 1207 2544 1344 2597; x_wconf 83' lang='lat' dir='ltr'>orationis</span> <span class='ocrx_word' id='word_1_358' title='bbox 1366 2550 1387 2598; x_wconf 97' lang='grc'>1.</span> <span class='ocrx_word' id='word_1_359' title='bbox 1404 2543 1476 2600; x_wconf 86' lang='lat' dir='ltr'>Tim</span> <span class='ocrx_word' id='word_1_360' title='bbox 1495 2551 1520 2599; x_wconf 77' lang='lat'>4.</span> <span class='ocrx_word' id='word_1_361' title='bbox 1546 2550 1616 2601; x_wconf 88' lang='grc'>615.</span> <span class='ocrx_word' id='word_1_362' title='bbox 1635 2562 1669 2600; x_wconf 87' lang='lat' dir='ltr'>ac</span> <span class='ocrx_word' id='word_1_363' title='bbox 1689 2551 1713 2602; x_wconf 81' lang='grc'>2.</span> <span class='ocrx_word' id='word_1_364' title='bbox 1729 2545 1800 2600; x_wconf 86' lang='lat' dir='ltr'>Tim</span> <span class='ocrx_word' id='word_1_365' title='bbox 1823 2551 1845 2601; x_wconf 90' lang='lat'>1.</span> <span class='ocrx_word' id='word_1_366' title='bbox 1865 2546 1917 2599; x_wconf 83' lang='grc'>661</span> <span class='ocrx_word' id='word_1_367' title='bbox 1934 2547 1971 2599; x_wconf 83' lang='lat' dir='ltr'>de</span> 
     </span>
     <span class='ocr_line' id='line_1_29' title="bbox 273 2630 2003 2699; baseline -0.003 -9"><span class='ocrx_word' id='word_1_368' title='bbox 273 2633 475 2690; x_wconf 87' lang='lat' dir='ltr'>ordinationem</span> <span class='ocrx_word' id='word_1_369' title='bbox 494 2649 554 2686; x_wconf 87' lang='lat' dir='ltr'>esse</span> <span class='ocrx_word' id='word_1_370' title='bbox 572 2637 782 2687; x_wconf 87' lang='lat' dir='ltr'>sacramentum.</span> <span class='ocrx_word' id='word_1_371' title='bbox 1133 2647 1230 2683; x_wconf 85' lang='lat' dir='ltr'>munus</span> <span class='ocrx_word' id='word_1_372' title='bbox 1250 2630 1425 2699; x_wconf 81' lang='lat' dir='ltr'>impositione</span> <span class='ocrx_word' id='word_1_373' title='bbox 1443 2631 1552 2699; x_wconf 81' lang='grc'>661161,</span> <span class='ocrx_word' id='word_1_374' title='bbox 1574 2649 1637 2685; x_wconf 85' lang='lat' dir='ltr'>cum</span> <span class='ocrx_word' id='word_1_375' title='bbox 1654 2632 1751 2686; x_wconf 83' lang='lat' dir='ltr'>Actor.</span> <span class='ocrx_word' id='word_1_376' title='bbox 1776 2636 1802 2687; x_wconf 85' lang='grc'>6.</span> <span class='ocrx_word' id='word_1_377' title='bbox 1825 2632 1874 2685; x_wconf 82' lang='grc'>661</span> <span class='ocrx_word' id='word_1_378' title='bbox 1889 2632 1971 2684; x_wconf 82' lang='lat' dir='ltr'>ordi·</span> <span class='ocrx_word' id='word_1_379' title='bbox 1984 2637 2003 2676; x_wconf 70' lang='grc' dir='ltr'><strong>Σ</strong></span> 
     </span>
     <span class='ocr_line' id='line_1_30' title="bbox 146 2715 1971 2789; baseline -0.002 -15"><span class='ocrx_word' id='word_1_380' title='bbox 146 2734 216 2782; x_wconf 78' lang='grc'>1666</span> <span class='ocrx_word' id='word_1_381' title='bbox 311 2727 368 2777; x_wconf 82' lang='grc'>111</span> <span class='ocrx_word' id='word_1_382' title='bbox 385 2719 560 2789; x_wconf 79' lang='lat' dir='ltr'>Argumenta</span> <span class='ocrx_word' id='word_1_383' title='bbox 577 2724 689 2771; x_wconf 89' lang='lat' dir='ltr'>nostrae</span> <span class='ocrx_word' id='word_1_384' title='bbox 701 2717 855 2773; x_wconf 82' lang='lat' dir='ltr'>sententiae</span> <span class='ocrx_word' id='word_1_385' title='bbox 871 2716 1021 2787; x_wconf 85' lang='lat' dir='ltr'>praecipua</span> <span class='ocrx_word' id='word_1_386' title='bbox 1038 2715 1107 2770; x_wconf 88' lang='lat' dir='ltr'>haec</span> <span class='ocrx_word' id='word_1_387' title='bbox 1133 2724 1237 2769; x_wconf 82' lang='grc'>666161</span> <span class='ocrx_word' id='word_1_388' title='bbox 1250 2716 1374 2782; x_wconf 68' lang='lat' dir='ltr'>simeoni,</span> <span class='ocrx_word' id='word_1_389' title='bbox 1394 2733 1524 2769; x_wconf 85' lang='grc'>666666</span> <span class='ocrx_word' id='word_1_390' title='bbox 1543 2719 1685 2787; x_wconf 79' lang='lat' dir='ltr'>impositio</span> <span class='ocrx_word' id='word_1_391' title='bbox 1697 2725 1793 2787; x_wconf 85' lang='lat' dir='ltr'>aperte</span> <span class='ocrx_word' id='word_1_392' title='bbox 1813 2718 1971 2787; x_wconf 77' lang='grc'>616116666-</span> 
     </span>
     <span class='ocr_line' id='line_1_31' title="bbox 146 2789 1972 2885; baseline -0.002 -26"><span class='ocrx_word' id='word_1_393' title='bbox 146 2789 223 2885; x_wconf 51' lang='lat' dir='ltr'>Q:</span> <span class='ocrx_word' id='word_1_394' title='bbox 273 2811 355 2859; x_wconf 89' lang='lat' dir='ltr'>sunt.</span> <span class='ocrx_word' id='word_1_395' title='bbox 385 2811 407 2859; x_wconf 90' lang='lat'>1.</span> <span class='ocrx_word' id='word_1_396' title='bbox 425 2802 568 2874; x_wconf 85' lang='lat' dir='ltr'>Quidquid</span> <span class='ocrx_word' id='word_1_397' title='bbox 594 2801 752 2857; x_wconf 84' lang='lat' dir='ltr'>destituitur</span> <span class='ocrx_word' id='word_1_398' title='bbox 777 2803 912 2858; x_wconf 87' lang='lat' dir='ltr'>elemento</span> <span class='ocrx_word' id='word_1_399' title='bbox 933 2808 1046 2857; x_wconf 88' lang='lat' dir='ltr'>externo</span> <span class='ocrx_word' id='word_1_400' title='bbox 1071 2802 1107 2857; x_wconf 92' lang='lat' dir='ltr'>ab</span> <span class='ocrx_word' id='word_1_401' title='bbox 1133 2808 1180 2855; x_wconf 85' lang='lat' dir='ltr'>tur</span> <span class='ocrx_word' id='word_1_402' title='bbox 1200 2802 1236 2853; x_wconf 85' lang='grc'>66</span> <span class='ocrx_word' id='word_1_403' title='bbox 1253 2802 1391 2870; x_wconf 85' lang='lat' dir='ltr'>oratione,</span> <span class='ocrx_word' id='word_1_404' title='bbox 1408 2819 1470 2855; x_wconf 81' lang='lat' dir='ltr'>cem</span> <span class='ocrx_word' id='word_1_405' title='bbox 1487 2803 1615 2858; x_wconf 81' lang='grc'>661661.</span> <span class='ocrx_word' id='word_1_406' title='bbox 1636 2803 1754 2858; x_wconf 77' lang='grc'>11665.</span> <span class='ocrx_word' id='word_1_407' title='bbox 1779 2803 1896 2858; x_wconf 78' lang='lat' dir='ltr'>Nemini</span> <span class='ocrx_word' id='word_1_408' title='bbox 1914 2805 1972 2857; x_wconf 89' lang='lat' dir='ltr'>cito</span> 
     </span>
     <span class='ocr_line' id='line_1_32' title="bbox 146 2886 1974 2978; baseline -0.001 -34"><span class='ocrx_word' id='word_1_409' title='bbox 146 2888 281 2978; x_wconf 57' lang='lat' dir='ltr'>ftffilf·</span> <span class='ocrx_word' id='word_1_410' title='bbox 274 2908 334 2961; x_wconf 87' lang='grc'>1666</span> <span class='ocrx_word' id='word_1_411' title='bbox 352 2889 463 2944; x_wconf 85' lang='lat' dir='ltr'>Christo</span> <span class='ocrx_word' id='word_1_412' title='bbox 481 2889 617 2957; x_wconf 86' lang='lat' dir='ltr'>instituta,</span> <span class='ocrx_word' id='word_1_413' title='bbox 637 2906 692 2942; x_wconf 94' lang='lat' dir='ltr'>non</span> <span class='ocrx_word' id='word_1_414' title='bbox 709 2893 965 2943; x_wconf 89' lang='lat' dir='ltr'>estsacramentum</span> <span class='ocrx_word' id='word_1_415' title='bbox 980 2886 1146 2958; x_wconf 89' lang='lat' dir='ltr'>specifice</span> <span class='ocrx_word' id='word_1_416' title='bbox 1134 2888 1300 2959; x_wconf 81' lang='lat' dir='ltr'>imposueris</span> <span class='ocrx_word' id='word_1_417' title='bbox 1318 2905 1433 2956; x_wconf 86' lang='lat' dir='ltr'>munus,</span> <span class='ocrx_word' id='word_1_418' title='bbox 1456 2905 1507 2942; x_wconf 86' lang='lat' dir='ltr'>nec</span> <span class='ocrx_word' id='word_1_419' title='bbox 1524 2890 1707 2944; x_wconf 87' lang='lat' dir='ltr'>communices</span> <span class='ocrx_word' id='word_1_420' title='bbox 1721 2891 1848 2959; x_wconf 85' lang='lat' dir='ltr'>peccatis</span> <span class='ocrx_word' id='word_1_421' title='bbox 1866 2890 1974 2944; x_wconf 85' lang='lat' dir='ltr'>alienis</span> 
     </span>
     <span class='ocr_line' id='line_1_33' title="bbox 146 2973 1974 3045; baseline 0.001 -17"><span class='ocrx_word' id='word_1_422' title='bbox 146 2991 216 3029; x_wconf 79' lang='grc'>16666</span> <span class='ocrx_word' id='word_1_423' title='bbox 273 2994 307 3031; x_wconf 87' lang='grc'>66</span> <span class='ocrx_word' id='word_1_424' title='bbox 331 2976 442 3045; x_wconf 90' lang='grc'>6166116</span> <span class='ocrx_word' id='word_1_425' title='bbox 466 2977 505 3028; x_wconf 85' lang='grc'>116</span> <span class='ocrx_word' id='word_1_426' title='bbox 540 2974 653 3029; x_wconf 90' lang='lat' dir='ltr'>dictum.</span> <span class='ocrx_word' id='word_1_427' title='bbox 694 2973 839 3029; x_wconf 84' lang='lat' dir='ltr'>Ordinatio</span> <span class='ocrx_word' id='word_1_428' title='bbox 866 2973 1026 3034; x_wconf 89' lang='lat' dir='ltr'>destituitur</span> <span class='ocrx_word' id='word_1_429' title='bbox 1053 2974 1107 3028; x_wconf 90' lang='lat' dir='ltr'>ele·</span> <span class='ocrx_word' id='word_1_430' title='bbox 1133 2928 1974 3044; x_wconf 71' lang='grc'>6666666166666111661611666666666166666661661</span> 
     </span>
     <span class='ocr_line' id='line_1_34' title="bbox 146 3046 1975 3132; baseline 0.001 -16"><span class='ocrx_word' id='word_1_431' title='bbox 146 3046 259 3131; x_wconf 53' lang='grc' dir='ltr'>ἓᾞξέη,</span> <span class='ocrx_word' id='word_1_432' title='bbox 275 3069 369 3116; x_wconf 88' lang='lat' dir='ltr'>mento</span> <span class='ocrx_word' id='word_1_433' title='bbox 389 3066 501 3115; x_wconf 86' lang='lat' dir='ltr'>externo</span> <span class='ocrx_word' id='word_1_434' title='bbox 520 3059 635 3129; x_wconf 81' lang='lat' dir='ltr'>abipso</span> <span class='ocrx_word' id='word_1_435' title='bbox 653 3058 763 3114; x_wconf 83' lang='lat' dir='ltr'>Christo</span> <span class='ocrx_word' id='word_1_436' title='bbox 790 3060 923 3115; x_wconf 88' lang='lat' dir='ltr'>instituto.</span> <span class='ocrx_word' id='word_1_437' title='bbox 960 3059 1035 3130; x_wconf 86' lang='lat' dir='ltr'>Ergo</span> <span class='ocrx_word' id='word_1_438' title='bbox 1054 3077 1109 3114; x_wconf 91' lang='lat' dir='ltr'>non</span> <span class='ocrx_word' id='word_1_439' title='bbox 1131 3060 1257 3129; x_wconf 82' lang='grc'>66666116</span> <span class='ocrx_word' id='word_1_440' title='bbox 1272 3060 1447 3128; x_wconf 74' lang='grc'>6116111666</span> <span class='ocrx_word' id='word_1_441' title='bbox 1459 3069 1522 3114; x_wconf 82' lang='lat' dir='ltr'>orat</span> <span class='ocrx_word' id='word_1_442' title='bbox 1539 3064 1622 3115; x_wconf 81' lang='grc'>61166</span> <span class='ocrx_word' id='word_1_443' title='bbox 1635 3079 1694 3130; x_wconf 84' lang='grc'>616</span> <span class='ocrx_word' id='word_1_444' title='bbox 1713 3063 1891 3132; x_wconf 79' lang='lat' dir='ltr'>nequissimo,</span> <span class='ocrx_word' id='word_1_445' title='bbox 1909 3080 1975 3116; x_wconf 84' lang='lat' dir='ltr'>cnm</span> 
     </span>
     <span class='ocr_line' id='line_1_35' title="bbox 149 3144 1976 3241; baseline -0.001 -40"><span class='ocrx_word' id='word_1_446' title='bbox 149 3153 319 3202; x_wconf 60' lang='grc'>011011’661</span> <span class='ocrx_word' id='word_1_447' title='bbox 345 3150 549 3199; x_wconf 88' lang='lat' dir='ltr'>sacramentum</span> <span class='ocrx_word' id='word_1_448' title='bbox 577 3145 689 3241; x_wconf 78' lang='grc'>6166116</span> <span class='ocrx_word' id='word_1_449' title='bbox 717 3161 750 3197; x_wconf 86' lang='grc'>66</span> <span class='ocrx_word' id='word_1_450' title='bbox 775 3144 904 3214; x_wconf 88' lang='grc'>66661666</span> <span class='ocrx_word' id='word_1_451' title='bbox 928 3145 968 3199; x_wconf 84' lang='grc'>616</span> <span class='ocrx_word' id='word_1_452' title='bbox 995 3146 1108 3201; x_wconf 91' lang='lat' dir='ltr'>dictum.</span> <span class='ocrx_word' id='word_1_453' title='bbox 1131 3165 1302 3217; x_wconf 65' lang='lat' dir='ltr'>perpotamur</span> <span class='ocrx_word' id='word_1_454' title='bbox 1310 3147 1407 3200; x_wconf 80' lang='lat' dir='ltr'>Actor</span> <span class='ocrx_word' id='word_1_455' title='bbox 1419 3149 1613 3215; x_wconf 78' lang='grc'>1466666661</span> <span class='ocrx_word' id='word_1_456' title='bbox 1625 3149 1909 3217; x_wconf 73' lang='lat' dir='ltr'>expromdeorutsone,</span> <span class='ocrx_word' id='word_1_457' title='bbox 1920 3150 1976 3201; x_wconf 81' lang='lat' dir='ltr'>sed</span> 
     </span>
    </p>
   </div>
   <div class='ocr_carea' id='block_1_4' title="bbox 147 3194 1975 3303">
    <p class='ocr_par' dir='ltr' id='par_1_4' title="bbox 147 3194 1975 3303">
     <span class='ocr_line' id='line_1_36' title="bbox 147 3194 1975 3303; baseline 0.003 -19"><span class='ocrx_word' id='word_1_458' title='bbox 147 3194 261 3285; x_wconf 59' lang='grc' dir='ltr'>1116111111ε</span> <span class='ocrx_word' id='word_1_459' title='bbox 276 3231 389 3302; x_wconf 87' lang='lat' dir='ltr'>Majoris</span> <span class='ocrx_word' id='word_1_460' title='bbox 402 3230 504 3285; x_wconf 86' lang='lat' dir='ltr'>veritas</span> <span class='ocrx_word' id='word_1_461' title='bbox 517 3234 641 3299; x_wconf 88' lang='lat' dir='ltr'>patetcx</span> <span class='ocrx_word' id='word_1_462' title='bbox 659 3229 701 3291; x_wconf 90' lang='lat' dir='ltr'>iis,</span> <span class='ocrx_word' id='word_1_463' title='bbox 721 3245 792 3300; x_wconf 89' lang='lat' dir='ltr'>quae</span> <span class='ocrx_word' id='word_1_464' title='bbox 812 3230 848 3283; x_wconf 89' lang='lat' dir='ltr'>de</span> <span class='ocrx_word' id='word_1_465' title='bbox 864 3231 1004 3301; x_wconf 89' lang='lat' dir='ltr'>requisitis</span> <span class='ocrx_word' id='word_1_466' title='bbox 1022 3246 1112 3285; x_wconf 90' lang='lat' dir='ltr'>sacra-</span> <span class='ocrx_word' id='word_1_467' title='bbox 1136 3233 1975 3303; x_wconf 74' lang='grc'>666666666661616666661666616666661166116666,</span> 
     </span>
    </p>
   </div>
   <div class='ocr_carea' id='block_1_5' title="bbox 148 3298 1987 5363">
    <p class='ocr_par' dir='ltr' id='par_1_5' title="bbox 148 3298 1974 3480">
     <span class='ocr_line' id='line_1_37' title="bbox 148 3298 1973 3390; baseline 0.001 -18"><span class='ocrx_word' id='word_1_468' title='bbox 148 3298 248 3387; x_wconf 46' lang='grc' dir='ltr'>,61Πῆ</span> <span class='ocrx_word' id='word_1_469' title='bbox 276 3326 430 3373; x_wconf 85' lang='lat' dir='ltr'>mentorum</span> <span class='ocrx_word' id='word_1_470' title='bbox 449 3317 477 3369; x_wconf 87' lang='grc'>16</span> <span class='ocrx_word' id='word_1_471' title='bbox 496 3333 598 3385; x_wconf 84' lang='lat' dir='ltr'>genere</span> <span class='ocrx_word' id='word_1_472' title='bbox 615 3315 691 3369; x_wconf 87' lang='lat' dir='ltr'>dicta</span> <span class='ocrx_word' id='word_1_473' title='bbox 716 3321 781 3369; x_wconf 88' lang='lat' dir='ltr'>aunt</span> <span class='ocrx_word' id='word_1_474' title='bbox 798 3321 878 3370; x_wconf 85' lang='lat' dir='ltr'>tract.</span> <span class='ocrx_word' id='word_1_475' title='bbox 896 3316 931 3370; x_wconf 88' lang='grc'>66</span> <span class='ocrx_word' id='word_1_476' title='bbox 949 3322 1111 3371; x_wconf 89' lang='lat' dir='ltr'>sacrament.</span> <span class='ocrx_word' id='word_1_477' title='bbox 1137 3319 1164 3370; x_wconf 86' lang='lat' dir='ltr'>si</span> <span class='ocrx_word' id='word_1_478' title='bbox 1188 3319 1231 3371; x_wconf 86' lang='lat' dir='ltr'>vel</span> <span class='ocrx_word' id='word_1_479' title='bbox 1260 3319 1377 3370; x_wconf 84' lang='grc'>6661166</span> <span class='ocrx_word' id='word_1_480' title='bbox 1405 3327 1557 3387; x_wconf 86' lang='lat' dir='ltr'>constaret,</span> <span class='ocrx_word' id='word_1_481' title='bbox 1583 3338 1645 3373; x_wconf 84' lang='grc'>666</span> <span class='ocrx_word' id='word_1_482' title='bbox 1669 3338 1769 3374; x_wconf 84' lang='lat' dir='ltr'>manns</span> <span class='ocrx_word' id='word_1_483' title='bbox 1793 3321 1973 3390; x_wconf 83' lang='lat' dir='ltr'>impositione</span> 
     </span>
     <span class='ocr_line' id='line_1_38' title="bbox 276 3402 1974 3480; baseline 0 -21"><span class='ocrx_word' id='word_1_484' title='bbox 276 3402 304 3480; x_wconf 58' lang='grc' dir='ltr'>ὅ.</span> <span class='ocrx_word' id='word_1_485' title='bbox 327 3413 365 3459; x_wconf 93' lang='grc'>11.</span> <span class='ocrx_word' id='word_1_486' title='bbox 401 3403 512 3473; x_wconf 85' lang='lat' dir='ltr'>Excipit</span> <span class='ocrx_word' id='word_1_487' title='bbox 526 3402 711 3457; x_wconf 88' lang='lat' dir='ltr'>Bellarminus</span> <span class='ocrx_word' id='word_1_488' title='bbox 729 3402 767 3456; x_wconf 91' lang='lat' dir='ltr'>ad</span> <span class='ocrx_word' id='word_1_489' title='bbox 785 3402 932 3471; x_wconf 90' lang='lat' dir='ltr'>minorem,</span> <span class='ocrx_word' id='word_1_490' title='bbox 961 3404 1048 3456; x_wconf 82' lang='lat' dir='ltr'>ritem</span> <span class='ocrx_word' id='word_1_491' title='bbox 1067 3420 1110 3456; x_wconf 82' lang='grc'>66-</span> <span class='ocrx_word' id='word_1_492' title='bbox 1137 3420 1246 3471; x_wconf 86' lang='lat' dir='ltr'>scmper</span> <span class='ocrx_word' id='word_1_493' title='bbox 1271 3403 1448 3470; x_wconf 79' lang='lat' dir='ltr'>conjunctam</span> <span class='ocrx_word' id='word_1_494' title='bbox 1472 3405 1566 3468; x_wconf 86' lang='lat' dir='ltr'>fuisse</span> <span class='ocrx_word' id='word_1_495' title='bbox 1591 3407 1761 3475; x_wconf 86' lang='lat' dir='ltr'>orationem,</span> <span class='ocrx_word' id='word_1_496' title='bbox 1790 3407 1862 3460; x_wconf 79' lang='lat' dir='ltr'>nihil</span> <span class='ocrx_word' id='word_1_497' title='bbox 1879 3414 1974 3459; x_wconf 84' lang='lat' dir='ltr'>temen</span> 
     </span>
    </p>

    <p class='ocr_par' dir='ltr' id='par_1_6' title="bbox 181 3487 1974 3646">
     <span class='ocr_line' id='line_1_39' title="bbox 181 3487 1973 3561; baseline -0.003 -13"><span class='ocrx_word' id='word_1_498' title='bbox 181 3538 186 3548; x_wconf 92' lang='lat'>.</span> <span class='ocrx_word' id='word_1_499' title='bbox 275 3501 436 3558; x_wconf 82' lang='lat' dir='ltr'>ternumque</span> <span class='ocrx_word' id='word_1_500' title='bbox 462 3487 653 3557; x_wconf 72' lang='lat' dir='ltr'>symbolum</span> <span class='ocrx_word' id='word_1_501' title='bbox 641 3505 670 3540; x_wconf 85' lang='grc'>16</span> <span class='ocrx_word' id='word_1_502' title='bbox 695 3488 875 3541; x_wconf 83' lang='lat' dir='ltr'>ordinatione</span> <span class='ocrx_word' id='word_1_503' title='bbox 900 3504 958 3542; x_wconf 86' lang='lat' dir='ltr'>esse</span> <span class='ocrx_word' id='word_1_504' title='bbox 979 3507 1112 3542; x_wconf 86' lang='grc'>666666</span> <span class='ocrx_word' id='word_1_505' title='bbox 1138 3488 1973 3561; x_wconf 67' lang='grc'>661166160166616166,66661666661,6616666616-</span> 
     </span>
     <span class='ocr_line' id='line_1_40' title="bbox 276 3574 1974 3646; baseline 0.001 -18"><span class='ocrx_word' id='word_1_506' title='bbox 276 3575 802 3645; x_wconf 78' lang='grc'>1166661116666,61666616161116161.</span> <span class='ocrx_word' id='word_1_507' title='bbox 818 3579 842 3630; x_wconf 88' lang='grc'>6.</span> <span class='ocrx_word' id='word_1_508' title='bbox 855 3579 893 3628; x_wconf 89' lang='grc'>13.</span> <span class='ocrx_word' id='word_1_509' title='bbox 909 3580 949 3630; x_wconf 84' lang='grc'>11.</span> <span class='ocrx_word' id='word_1_510' title='bbox 973 3581 994 3631; x_wconf 92' lang='grc'>1.</span> <span class='ocrx_word' id='word_1_511' title='bbox 1007 3574 1078 3628; x_wconf 82' lang='grc'>’1116,</span> <span class='ocrx_word' id='word_1_512' title='bbox 1088 3581 1113 3630; x_wconf 84' lang='grc'>4.</span> <span class='ocrx_word' id='word_1_513' title='bbox 1138 3575 1272 3628; x_wconf 76' lang='lat' dir='ltr'>mentalis</span> <span class='ocrx_word' id='word_1_514' title='bbox 1297 3591 1356 3626; x_wconf 87' lang='lat' dir='ltr'>esse</span> <span class='ocrx_word' id='word_1_515' title='bbox 1378 3576 1530 3628; x_wconf 79' lang='lat' dir='ltr'>orationem</span> <span class='ocrx_word' id='word_1_516' title='bbox 1555 3579 1708 3644; x_wconf 82' lang='lat' dir='ltr'>quandem.</span> <span class='ocrx_word' id='word_1_517' title='bbox 1748 3577 1974 3646; x_wconf 87' lang='lat' dir='ltr'>Respondemus:</span> 
     </span>
    </p>

    <p class='ocr_par' dir='ltr' id='par_1_7' title="bbox 271 3659 1974 3904">
     <span class='ocr_line' id='line_1_41' title="bbox 276 3659 1974 3730; baseline 0.001 -16"><span class='ocrx_word' id='word_1_518' title='bbox 276 3666 304 3715; x_wconf 92' lang='lat' dir='ltr'>et</span> <span class='ocrx_word' id='word_1_519' title='bbox 318 3669 341 3714; x_wconf 95' lang='grc'>5.</span> <span class='ocrx_word' id='word_1_520' title='bbox 361 3667 385 3716; x_wconf 84' lang='lat'>2.</span> <span class='ocrx_word' id='word_1_521' title='bbox 398 3661 472 3714; x_wconf 88' lang='lat' dir='ltr'>Tim.</span> <span class='ocrx_word' id='word_1_522' title='bbox 489 3668 510 3716; x_wconf 92' lang='grc'>1.</span> <span class='ocrx_word' id='word_1_523' title='bbox 535 3678 605 3728; x_wconf 77' lang='lat' dir='ltr'>quea</span> <span class='ocrx_word' id='word_1_524' title='bbox 623 3661 687 3714; x_wconf 85' lang='lat' dir='ltr'>ioca</span> <span class='ocrx_word' id='word_1_525' title='bbox 711 3662 747 3713; x_wconf 78' lang='lat' dir='ltr'>cie</span> <span class='ocrx_word' id='word_1_526' title='bbox 768 3661 948 3714; x_wconf 82' lang='lat' dir='ltr'>ordinatione</span> <span class='ocrx_word' id='word_1_527' title='bbox 967 3661 1003 3712; x_wconf 85' lang='grc'>66</span> <span class='ocrx_word' id='word_1_528' title='bbox 1025 3661 1113 3713; x_wconf 90' lang='lat' dir='ltr'>omni-</span> <span class='ocrx_word' id='word_1_529' title='bbox 1139 3661 1237 3715; x_wconf 87' lang='lat' dir='ltr'>mirum</span> <span class='ocrx_word' id='word_1_530' title='bbox 1257 3669 1306 3728; x_wconf 82' lang='lat' dir='ltr'>est,</span> <span class='ocrx_word' id='word_1_531' title='bbox 1324 3676 1378 3730; x_wconf 94' lang='lat' dir='ltr'>quo</span> <span class='ocrx_word' id='word_1_532' title='bbox 1396 3659 1451 3714; x_wconf 90' lang='lat' dir='ltr'>fine</span> <span class='ocrx_word' id='word_1_533' title='bbox 1469 3661 1652 3715; x_wconf 87' lang='lat' dir='ltr'>Bellarminus</span> <span class='ocrx_word' id='word_1_534' title='bbox 1673 3662 1716 3717; x_wconf 85' lang='lat' dir='ltr'>vel</span> <span class='ocrx_word' id='word_1_535' title='bbox 1737 3671 1833 3717; x_wconf 89' lang='lat' dir='ltr'>contra</span> <span class='ocrx_word' id='word_1_536' title='bbox 1846 3662 1974 3717; x_wconf 83' lang='lat' dir='ltr'>Chemni·</span> 
     </span>
     <span class='ocr_line' id='line_1_42' title="bbox 276 3746 1974 3818; baseline 0.001 -20"><span class='ocrx_word' id='word_1_537' title='bbox 276 3746 728 3814; x_wconf 76' lang='grc'>61616161616116666661616661,</span> <span class='ocrx_word' id='word_1_538' title='bbox 740 3747 770 3799; x_wconf 88' lang='lat' dir='ltr'>in</span> <span class='ocrx_word' id='word_1_539' title='bbox 782 3747 944 3818; x_wconf 77' lang='grc'>6611166666</span> <span class='ocrx_word' id='word_1_540' title='bbox 956 3748 1112 3800; x_wconf 83' lang='grc'>6666616-</span> <span class='ocrx_word' id='word_1_541' title='bbox 1138 3748 1220 3812; x_wconf 89' lang='lat' dir='ltr'>cium,</span> <span class='ocrx_word' id='word_1_542' title='bbox 1238 3746 1283 3800; x_wconf 83' lang='lat' dir='ltr'>vel</span> <span class='ocrx_word' id='word_1_543' title='bbox 1301 3752 1400 3800; x_wconf 88' lang='lat' dir='ltr'>contra</span> <span class='ocrx_word' id='word_1_544' title='bbox 1418 3763 1467 3801; x_wconf 89' lang='lat' dir='ltr'>nos</span> <span class='ocrx_word' id='word_1_545' title='bbox 1486 3747 1605 3816; x_wconf 89' lang='lat' dir='ltr'>probare</span> <span class='ocrx_word' id='word_1_546' title='bbox 1623 3748 1753 3815; x_wconf 88' lang='lat' dir='ltr'>voluerit,</span> <span class='ocrx_word' id='word_1_547' title='bbox 1773 3765 1904 3803; x_wconf 89' lang='lat' dir='ltr'>manuum</span> <span class='ocrx_word' id='word_1_548' title='bbox 1922 3747 1974 3800; x_wconf 90' lang='lat' dir='ltr'>im-</span> 
     </span>
     <span class='ocr_line' id='line_1_43' title="bbox 271 3831 1973 3904; baseline 0.001 -19"><span class='ocrx_word' id='word_1_549' title='bbox 271 3833 440 3901; x_wconf 77' lang='lat' dir='ltr'>positionem</span> <span class='ocrx_word' id='word_1_550' title='bbox 451 3832 567 3898; x_wconf 63' lang='grc'>666166</span> <span class='ocrx_word' id='word_1_551' title='bbox 582 3847 640 3883; x_wconf 82' lang='lat' dir='ltr'>esse</span> <span class='ocrx_word' id='word_1_552' title='bbox 653 3832 861 3886; x_wconf 79' lang='lat' dir='ltr'>ordinationem</span> <span class='ocrx_word' id='word_1_553' title='bbox 872 3841 1110 3889; x_wconf 84' lang='lat' dir='ltr'>commemoratur.</span> <span class='ocrx_word' id='word_1_554' title='bbox 1138 3832 1301 3904; x_wconf 89' lang='lat' dir='ltr'>positionem</span> <span class='ocrx_word' id='word_1_555' title='bbox 1325 3848 1380 3886; x_wconf 91' lang='grc'>666</span> <span class='ocrx_word' id='word_1_556' title='bbox 1406 3831 1494 3886; x_wconf 85' lang='lat' dir='ltr'>solum</span> <span class='ocrx_word' id='word_1_557' title='bbox 1517 3832 1554 3886; x_wconf 87' lang='lat' dir='ltr'>ed</span> <span class='ocrx_word' id='word_1_558' title='bbox 1577 3833 1725 3896; x_wconf 90' lang='lat' dir='ltr'>orandum,</span> <span class='ocrx_word' id='word_1_559' title='bbox 1752 3833 1801 3888; x_wconf 88' lang='lat' dir='ltr'>sed</span> <span class='ocrx_word' id='word_1_560' title='bbox 1825 3833 1909 3888; x_wconf 87' lang='lat' dir='ltr'>etiam</span> <span class='ocrx_word' id='word_1_561' title='bbox 1934 3834 1973 3887; x_wconf 86' lang='lat' dir='ltr'>ad</span> 
     </span>
    </p>

    <p class='ocr_par' dir='ltr' id='par_1_8' title="bbox 277 3915 1972 3989">
     <span class='ocr_line' id='line_1_44' title="bbox 277 3915 1972 3989; baseline 0.001 -17"><span class='ocrx_word' id='word_1_562' title='bbox 277 3917 331 3972; x_wconf 85' lang='lat' dir='ltr'>Sed</span> <span class='ocrx_word' id='word_1_563' title='bbox 350 3916 494 3986; x_wconf 90' lang='lat' dir='ltr'>respondit</span> <span class='ocrx_word' id='word_1_564' title='bbox 507 3916 567 3984; x_wconf 88' lang='lat' dir='ltr'>jam</span> <span class='ocrx_word' id='word_1_565' title='bbox 592 3915 657 3970; x_wconf 93' lang='lat' dir='ltr'>olim</span> <span class='ocrx_word' id='word_1_566' title='bbox 676 3915 759 3971; x_wconf 90' lang='lat' dir='ltr'>Doct.</span> <span class='ocrx_word' id='word_1_567' title='bbox 785 3917 975 3983; x_wconf 86' lang='lat' dir='ltr'>Chemnicius,</span> <span class='ocrx_word' id='word_1_568' title='bbox 1000 3919 1111 3989; x_wconf 83' lang='lat' dir='ltr'>symbo-</span> <span class='ocrx_word' id='word_1_569' title='bbox 1137 3919 1320 3974; x_wconf 87' lang='lat' dir='ltr'>ordinandum</span> <span class='ocrx_word' id='word_1_570' title='bbox 1336 3917 1422 3972; x_wconf 88' lang='lat' dir='ltr'>fuisse</span> <span class='ocrx_word' id='word_1_571' title='bbox 1441 3918 1609 3983; x_wconf 89' lang='lat' dir='ltr'>adhibitam,</span> <span class='ocrx_word' id='word_1_572' title='bbox 1633 3936 1696 3973; x_wconf 91' lang='lat' dir='ltr'>cum</span> <span class='ocrx_word' id='word_1_573' title='bbox 1711 3936 1763 3974; x_wconf 92' lang='lat' dir='ltr'>nec</span> <span class='ocrx_word' id='word_1_574' title='bbox 1782 3919 1972 3985; x_wconf 89' lang='lat' dir='ltr'>Chemnicius,</span> 
     </span>
    </p>

    <p class='ocr_par' dir='ltr' id='par_1_9' title="bbox 276 4002 1973 4764">
     <span class='ocr_line' id='line_1_45' title="bbox 276 4002 1973 4075; baseline 0.001 -19"><span class='ocrx_word' id='word_1_575' title='bbox 276 4004 334 4057; x_wconf 90' lang='lat' dir='ltr'>lum</span> <span class='ocrx_word' id='word_1_576' title='bbox 354 4002 424 4056; x_wconf 93' lang='lat' dir='ltr'>illud</span> <span class='ocrx_word' id='word_1_577' title='bbox 442 4008 599 4070; x_wconf 90' lang='lat' dir='ltr'>externum,</span> <span class='ocrx_word' id='word_1_578' title='bbox 625 4020 756 4056; x_wconf 87' lang='lat' dir='ltr'>munuum</span> <span class='ocrx_word' id='word_1_579' title='bbox 775 4003 881 4058; x_wconf 89' lang='lat' dir='ltr'>scilicet</span> <span class='ocrx_word' id='word_1_580' title='bbox 899 4005 1110 4075; x_wconf 89' lang='lat' dir='ltr'>impositionem,</span> <span class='ocrx_word' id='word_1_581' title='bbox 1137 4023 1188 4060; x_wconf 92' lang='lat' dir='ltr'>nec</span> <span class='ocrx_word' id='word_1_582' title='bbox 1208 4005 1354 4075; x_wconf 87' lang='lat' dir='ltr'>quisquam</span> <span class='ocrx_word' id='word_1_583' title='bbox 1373 4011 1496 4059; x_wconf 89' lang='lat' dir='ltr'>nostrum</span> <span class='ocrx_word' id='word_1_584' title='bbox 1509 4004 1578 4058; x_wconf 93' lang='lat' dir='ltr'>illud</span> <span class='ocrx_word' id='word_1_585' title='bbox 1591 4022 1714 4075; x_wconf 89' lang='lat' dir='ltr'>unquam</span> <span class='ocrx_word' id='word_1_586' title='bbox 1726 4013 1858 4075; x_wconf 86' lang='lat' dir='ltr'>negatum</span> <span class='ocrx_word' id='word_1_587' title='bbox 1875 4006 1973 4068; x_wconf 79' lang='lat' dir='ltr'>iverit3</span> 
     </span>
     <span class='ocr_line' id='line_1_46' title="bbox 279 4087 1972 4162; baseline 0.003 -20"><span class='ocrx_word' id='word_1_588' title='bbox 279 4087 435 4142; x_wconf 89' lang='lat' dir='ltr'>adhibitum</span> <span class='ocrx_word' id='word_1_589' title='bbox 454 4088 567 4158; x_wconf 89' lang='lat' dir='ltr'>quidem</span> <span class='ocrx_word' id='word_1_590' title='bbox 585 4087 670 4142; x_wconf 85' lang='lat' dir='ltr'>fuisse</span> <span class='ocrx_word' id='word_1_591' title='bbox 687 4088 723 4141; x_wconf 87' lang='lat' dir='ltr'>ab</span> <span class='ocrx_word' id='word_1_592' title='bbox 742 4089 888 4157; x_wconf 87' lang='lat' dir='ltr'>apostolis,</span> <span class='ocrx_word' id='word_1_593' title='bbox 915 4091 963 4144; x_wconf 90' lang='lat' dir='ltr'>sed</span> <span class='ocrx_word' id='word_1_594' title='bbox 988 4097 1109 4146; x_wconf 87' lang='grc'>616616-</span> <span class='ocrx_word' id='word_1_595' title='bbox 1138 4090 1261 4161; x_wconf 92' lang='lat' dir='ltr'>quinimo</span> <span class='ocrx_word' id='word_1_596' title='bbox 1273 4089 1448 4145; x_wconf 86' lang='lat' dir='ltr'>Chemnicius</span> <span class='ocrx_word' id='word_1_597' title='bbox 1463 4091 1576 4160; x_wconf 86' lang='lat' dir='ltr'>exponit</span> <span class='ocrx_word' id='word_1_598' title='bbox 1588 4091 1723 4161; x_wconf 90' lang='lat' dir='ltr'>quasdam</span> <span class='ocrx_word' id='word_1_599' title='bbox 1736 4108 1844 4160; x_wconf 85' lang='grc'>666666,</span> <span class='ocrx_word' id='word_1_600' title='bbox 1858 4099 1972 4162; x_wconf 84' lang='grc'>6166161</span> 
     </span>
     <span class='ocr_line' id='line_1_47' title="bbox 278 4173 1972 4249; baseline 0.002 -20"><span class='ocrx_word' id='word_1_601' title='bbox 278 4175 397 4229; x_wconf 89' lang='lat' dir='ltr'>moniam</span> <span class='ocrx_word' id='word_1_602' title='bbox 431 4173 563 4242; x_wconf 89' lang='lat' dir='ltr'>liberam,</span> <span class='ocrx_word' id='word_1_603' title='bbox 599 4190 655 4242; x_wconf 91' lang='lat' dir='ltr'>qua</span> <span class='ocrx_word' id='word_1_604' title='bbox 683 4190 830 4243; x_wconf 89' lang='lat' dir='ltr'>personam</span> <span class='ocrx_word' id='word_1_605' title='bbox 860 4174 896 4227; x_wconf 87' lang='lat' dir='ltr'>ad</span> <span class='ocrx_word' id='word_1_606' title='bbox 929 4175 1110 4230; x_wconf 90' lang='lat' dir='ltr'>ministerium</span> <span class='ocrx_word' id='word_1_607' title='bbox 1137 4192 1207 4246; x_wconf 89' lang='lat' dir='ltr'>quas</span> <span class='ocrx_word' id='word_1_608' title='bbox 1224 4174 1546 4245; x_wconf 78' lang='grc' dir='ltr'>111661χ66661616ς66</span> <span class='ocrx_word' id='word_1_609' title='bbox 1564 4176 1766 4232; x_wconf 88' lang='lat' dir='ltr'>ordinationem</span> <span class='ocrx_word' id='word_1_610' title='bbox 1786 4177 1905 4249; x_wconf 87' lang='lat' dir='ltr'>apostoli</span> <span class='ocrx_word' id='word_1_611' title='bbox 1922 4177 1972 4232; x_wconf 90' lang='lat' dir='ltr'>ad·</span> 
     </span>
     <span class='ocr_line' id='line_1_48' title="bbox 278 4259 1971 4334; baseline 0.001 -17"><span class='ocrx_word' id='word_1_612' title='bbox 278 4263 394 4317; x_wconf 89' lang='lat' dir='ltr'>electam</span> <span class='ocrx_word' id='word_1_613' title='bbox 416 4259 545 4330; x_wconf 90' lang='lat' dir='ltr'>precibus</span> <span class='ocrx_word' id='word_1_614' title='bbox 570 4260 629 4314; x_wconf 88' lang='lat' dir='ltr'>Deo</span> <span class='ocrx_word' id='word_1_615' title='bbox 654 4259 890 4329; x_wconf 89' lang='lat' dir='ltr'>commendarent,</span> <span class='ocrx_word' id='word_1_616' title='bbox 917 4278 995 4315; x_wconf 89' lang='lat' dir='ltr'>sacro</span> <span class='ocrx_word' id='word_1_617' title='bbox 1020 4262 1111 4317; x_wconf 87' lang='grc'>616616</span> <span class='ocrx_word' id='word_1_618' title='bbox 1137 4261 1260 4317; x_wconf 83' lang='grc'>1111161666</span> <span class='ocrx_word' id='word_1_619' title='bbox 1287 4262 1441 4317; x_wconf 89' lang='lat' dir='ltr'>videantur.</span> <span class='ocrx_word' id='word_1_620' title='bbox 1480 4262 1554 4316; x_wconf 90' lang='lat' dir='ltr'>Illud</span> <span class='ocrx_word' id='word_1_621' title='bbox 1581 4262 1667 4333; x_wconf 90' lang='lat' dir='ltr'>igitur</span> <span class='ocrx_word' id='word_1_622' title='bbox 1694 4263 1872 4334; x_wconf 88' lang='lat' dir='ltr'>probandum</span> <span class='ocrx_word' id='word_1_623' title='bbox 1903 4271 1971 4331; x_wconf 88' lang='lat' dir='ltr'>erat,</span> 
     </span>
     <span class='ocr_line' id='line_1_49' title="bbox 279 4345 1972 4420; baseline 0.001 -18"><span class='ocrx_word' id='word_1_624' title='bbox 279 4347 473 4417; x_wconf 88' lang='lat' dir='ltr'>manciparent</span> <span class='ocrx_word' id='word_1_625' title='bbox 490 4352 518 4400; x_wconf 87' lang='lat' dir='ltr'>et</span> <span class='ocrx_word' id='word_1_626' title='bbox 537 4345 699 4400; x_wconf 89' lang='lat' dir='ltr'>electionem</span> <span class='ocrx_word' id='word_1_627' title='bbox 717 4346 840 4416; x_wconf 86' lang='lat' dir='ltr'>legitime</span> <span class='ocrx_word' id='word_1_628' title='bbox 863 4347 966 4402; x_wconf 83' lang='lat' dir='ltr'>factam</span> <span class='ocrx_word' id='word_1_629' title='bbox 985 4348 1111 4404; x_wconf 88' lang='lat' dir='ltr'>omnibus</span> <span class='ocrx_word' id='word_1_630' title='bbox 1138 4347 1276 4418; x_wconf 88' lang='lat' dir='ltr'>apostolos</span> <span class='ocrx_word' id='word_1_631' title='bbox 1295 4347 1370 4402; x_wconf 86' lang='lat' dir='ltr'>hunc</span> <span class='ocrx_word' id='word_1_632' title='bbox 1387 4347 1471 4401; x_wconf 91' lang='lat' dir='ltr'>ritum</span> <span class='ocrx_word' id='word_1_633' title='bbox 1492 4346 1653 4402; x_wconf 91' lang='lat' dir='ltr'>adhibuisse</span> <span class='ocrx_word' id='word_1_634' title='bbox 1684 4354 1716 4402; x_wconf 92' lang='lat' dir='ltr'>ut</span> <span class='ocrx_word' id='word_1_635' title='bbox 1735 4348 1893 4420; x_wconf 86' lang='lat' dir='ltr'>symbolum</span> <span class='ocrx_word' id='word_1_636' title='bbox 1922 4348 1972 4404; x_wconf 90' lang='lat' dir='ltr'>ali·</span> 
     </span>
     <span class='ocr_line' id='line_1_50' title="bbox 277 4430 1971 4506; baseline 0.003 -19"><span class='ocrx_word' id='word_1_637' title='bbox 277 4432 392 4504; x_wconf 82' lang='grc'>6661166</span> <span class='ocrx_word' id='word_1_638' title='bbox 409 4432 489 4503; x_wconf 86' lang='lat' dir='ltr'>siguo</span> <span class='ocrx_word' id='word_1_639' title='bbox 503 4437 634 4485; x_wconf 87' lang='lat' dir='ltr'>testatam</span> <span class='ocrx_word' id='word_1_640' title='bbox 645 4430 776 4500; x_wconf 88' lang='lat' dir='ltr'>facerent,</span> <span class='ocrx_word' id='word_1_641' title='bbox 795 4449 851 4487; x_wconf 90' lang='lat' dir='ltr'>non</span> <span class='ocrx_word' id='word_1_642' title='bbox 863 4438 955 4486; x_wconf 87' lang='lat' dir='ltr'>autem</span> <span class='ocrx_word' id='word_1_643' title='bbox 973 4441 1110 4488; x_wconf 85' lang='grc'>6166616-</span> <span class='ocrx_word' id='word_1_644' title='bbox 1137 4434 1212 4505; x_wconf 93' lang='lat' dir='ltr'>quod</span> <span class='ocrx_word' id='word_1_645' title='bbox 1231 4434 1431 4489; x_wconf 84' lang='lat' dir='ltr'>sacramentale</span> <span class='ocrx_word' id='word_1_646' title='bbox 1449 4432 1581 4487; x_wconf 87' lang='lat' dir='ltr'>divinitus</span> <span class='ocrx_word' id='word_1_647' title='bbox 1599 4434 1755 4489; x_wconf 90' lang='lat' dir='ltr'>institutum</span> <span class='ocrx_word' id='word_1_648' title='bbox 1775 4435 1811 4489; x_wconf 88' lang='lat' dir='ltr'>ad</span> <span class='ocrx_word' id='word_1_649' title='bbox 1828 4434 1971 4506; x_wconf 87' lang='lat' dir='ltr'>applican-</span> 
     </span>
     <span class='ocr_line' id='line_1_51' title="bbox 278 4515 1972 4595; baseline 0.003 -22"><span class='ocrx_word' id='word_1_650' title='bbox 278 4518 398 4573; x_wconf 89' lang='lat' dir='ltr'>mentale</span> <span class='ocrx_word' id='word_1_651' title='bbox 422 4516 534 4587; x_wconf 89' lang='lat' dir='ltr'>aliquod</span> <span class='ocrx_word' id='word_1_652' title='bbox 560 4515 715 4586; x_wconf 86' lang='lat' dir='ltr'>symbolum</span> <span class='ocrx_word' id='word_1_653' title='bbox 739 4517 870 4572; x_wconf 80' lang='lat' dir='ltr'>divinitus</span> <span class='ocrx_word' id='word_1_654' title='bbox 895 4519 1052 4574; x_wconf 90' lang='lat' dir='ltr'>institutum</span> <span class='ocrx_word' id='word_1_655' title='bbox 1077 4535 1110 4572; x_wconf 89' lang='lat' dir='ltr'>ac</span> <span class='ocrx_word' id='word_1_656' title='bbox 1138 4520 1202 4573; x_wconf 89' lang='lat' dir='ltr'>dam</span> <span class='ocrx_word' id='word_1_657' title='bbox 1220 4527 1248 4574; x_wconf 92' lang='lat' dir='ltr'>et</span> <span class='ocrx_word' id='word_1_658' title='bbox 1266 4519 1468 4591; x_wconf 81' lang='lat' dir='ltr'>obsignandum</span> <span class='ocrx_word' id='word_1_659' title='bbox 1480 4520 1690 4590; x_wconf 86' lang='lat' dir='ltr'>promissionem</span> <span class='ocrx_word' id='word_1_660' title='bbox 1703 4521 1811 4593; x_wconf 67' lang='lat' dir='ltr'>gratim</span> <span class='ocrx_word' id='word_1_661' title='bbox 1828 4523 1972 4595; x_wconf 79' lang='lat' dir='ltr'>evangelio</span> 
     </span>
     <span class='ocr_line' id='line_1_52' title="bbox 278 4601 1972 4679; baseline 0.003 -22"><span class='ocrx_word' id='word_1_662' title='bbox 278 4603 490 4659; x_wconf 88' lang='lat' dir='ltr'>determinatum</span> <span class='ocrx_word' id='word_1_663' title='bbox 512 4603 547 4656; x_wconf 90' lang='lat' dir='ltr'>ad</span> <span class='ocrx_word' id='word_1_664' title='bbox 566 4601 762 4672; x_wconf 88' lang='lat' dir='ltr'>applicandam</span> <span class='ocrx_word' id='word_1_665' title='bbox 775 4604 984 4674; x_wconf 89' lang='lat' dir='ltr'>promissionem</span> <span class='ocrx_word' id='word_1_666' title='bbox 1004 4605 1110 4676; x_wconf 87' lang='lat' dir='ltr'>gratiae</span> <span class='ocrx_word' id='word_1_667' title='bbox 1137 4605 1282 4675; x_wconf 89' lang='lat' dir='ltr'>propriam.</span> <span class='ocrx_word' id='word_1_668' title='bbox 1331 4604 1412 4669; x_wconf 82' lang='lat' dir='ltr'>Quod</span> <span class='ocrx_word' id='word_1_669' title='bbox 1444 4604 1605 4660; x_wconf 90' lang='lat' dir='ltr'>Bellarmini</span> <span class='ocrx_word' id='word_1_670' title='bbox 1632 4614 1797 4679; x_wconf 87' lang='lat' dir='ltr'>argumenta</span> <span class='ocrx_word' id='word_1_671' title='bbox 1828 4607 1882 4661; x_wconf 92' lang='lat' dir='ltr'>hoc</span> <span class='ocrx_word' id='word_1_672' title='bbox 1912 4607 1972 4662; x_wconf 90' lang='lat' dir='ltr'>loco</span> 
     </span>
     <span class='ocr_line' id='line_1_53' title="bbox 278 4688 1972 4764; baseline 0.002 -20"><span class='ocrx_word' id='word_1_673' title='bbox 278 4689 425 4760; x_wconf 82' lang='lat' dir='ltr'>evangelio</span> <span class='ocrx_word' id='word_1_674' title='bbox 439 4688 587 4761; x_wconf 89' lang='lat' dir='ltr'>propriam.</span> <span class='ocrx_word' id='word_1_675' title='bbox 616 4688 696 4755; x_wconf 86' lang='grc'>116111,</span> <span class='ocrx_word' id='word_1_676' title='bbox 708 4689 869 4743; x_wconf 84' lang='grc'>1666661661</span> <span class='ocrx_word' id='word_1_677' title='bbox 881 4691 993 4761; x_wconf 89' lang='lat' dir='ltr'>quidem</span> <span class='ocrx_word' id='word_1_678' title='bbox 1006 4690 1110 4753; x_wconf 90' lang='lat' dir='ltr'>haberi,</span> <span class='ocrx_word' id='word_1_679' title='bbox 1136 4690 1222 4744; x_wconf 85' lang='lat' dir='ltr'>allata</span> <span class='ocrx_word' id='word_1_680' title='bbox 1241 4691 1347 4756; x_wconf 85' lang='lat' dir='ltr'>attinet,</span> <span class='ocrx_word' id='word_1_681' title='bbox 1366 4690 1400 4746; x_wconf 90' lang='lat' dir='ltr'>de</span> <span class='ocrx_word' id='word_1_682' title='bbox 1419 4690 1462 4759; x_wconf 92' lang='lat' dir='ltr'>iis,</span> <span class='ocrx_word' id='word_1_683' title='bbox 1482 4699 1514 4745; x_wconf 90' lang='grc'>61</span> <span class='ocrx_word' id='word_1_684' title='bbox 1531 4692 1633 4747; x_wconf 89' lang='lat' dir='ltr'>rectius</span> <span class='ocrx_word' id='word_1_685' title='bbox 1646 4692 1785 4764; x_wconf 90' lang='lat' dir='ltr'>judicium</span> <span class='ocrx_word' id='word_1_686' title='bbox 1798 4691 1858 4748; x_wconf 86' lang='lat' dir='ltr'>fieri</span> <span class='ocrx_word' id='word_1_687' title='bbox 1875 4695 1972 4763; x_wconf 91' lang='lat' dir='ltr'>possit,</span> 
     </span>
    </p>

    <p class='ocr_par' dir='ltr' id='par_1_10' title="bbox 277 4774 1974 4850">
     <span class='ocr_line' id='line_1_54' title="bbox 277 4774 1974 4850; baseline 0.004 -24"><span class='ocrx_word' id='word_1_688' title='bbox 277 4781 309 4826; x_wconf 90' lang='lat' dir='ltr'>ut</span> <span class='ocrx_word' id='word_1_689' title='bbox 333 4775 494 4830; x_wconf 87' lang='lat' dir='ltr'>ordinentur</span> <span class='ocrx_word' id='word_1_690' title='bbox 518 4774 648 4844; x_wconf 89' lang='lat' dir='ltr'>ministri,</span> <span class='ocrx_word' id='word_1_691' title='bbox 673 4774 722 4828; x_wconf 87' lang='lat' dir='ltr'>sed</span> <span class='ocrx_word' id='word_1_692' title='bbox 747 4792 802 4828; x_wconf 90' lang='lat' dir='ltr'>uon</span> <span class='ocrx_word' id='word_1_693' title='bbox 825 4775 921 4829; x_wconf 89' lang='lat' dir='ltr'>haberi</span> <span class='ocrx_word' id='word_1_694' title='bbox 939 4778 1110 4841; x_wconf 89' lang='lat' dir='ltr'>mandatum,</span> <span class='ocrx_word' id='word_1_695' title='bbox 1136 4777 1288 4831; x_wconf 86' lang='lat' dir='ltr'>notandum</span> <span class='ocrx_word' id='word_1_696' title='bbox 1295 4781 1473 4846; x_wconf 70' lang='grc' dir='ltr'>χειροθεσίας</span> <span class='ocrx_word' id='word_1_697' title='bbox 1485 4794 1519 4832; x_wconf 87' lang='grc'>66</span> <span class='ocrx_word' id='word_1_698' title='bbox 1525 4787 1698 4847; x_wconf 70' lang='grc' dir='ltr'>χειροτονίας</span> <span class='ocrx_word' id='word_1_699' title='bbox 1708 4797 1805 4834; x_wconf 83' lang='lat' dir='ltr'>vocem</span> <span class='ocrx_word' id='word_1_700' title='bbox 1823 4777 1974 4850; x_wconf 87' lang='lat' dir='ltr'>dupliciter</span> 
     </span>
    </p>

    <p class='ocr_par' dir='ltr' id='par_1_11' title="bbox 276 4859 1973 5022">
     <span class='ocr_line' id='line_1_55' title="bbox 277 4859 1973 4934; baseline 0.006 -24"><span class='ocrx_word' id='word_1_701' title='bbox 277 4862 308 4911; x_wconf 90' lang='grc'>61</span> <span class='ocrx_word' id='word_1_702' title='bbox 333 4859 382 4913; x_wconf 87' lang='grc'>661</span> <span class='ocrx_word' id='word_1_703' title='bbox 404 4861 456 4914; x_wconf 88' lang='grc'>1166</span> <span class='ocrx_word' id='word_1_704' title='bbox 480 4860 523 4916; x_wconf 90' lang='lat' dir='ltr'>vel</span> <span class='ocrx_word' id='word_1_705' title='bbox 550 4860 597 4914; x_wconf 92' lang='lat' dir='ltr'>illo</span> <span class='ocrx_word' id='word_1_706' title='bbox 616 4860 687 4928; x_wconf 90' lang='lat' dir='ltr'>ritu,</span> <span class='ocrx_word' id='word_1_707' title='bbox 715 4861 760 4913; x_wconf 88' lang='grc'>661</span> <span class='ocrx_word' id='word_1_708' title='bbox 786 4861 931 4931; x_wconf 90' lang='lat' dir='ltr'>promissio</span> <span class='ocrx_word' id='word_1_709' title='bbox 948 4862 1057 4933; x_wconf 87' lang='lat' dir='ltr'>gratiae</span> <span class='ocrx_word' id='word_1_710' title='bbox 1074 4863 1110 4916; x_wconf 87' lang='lat' dir='ltr'>sit</span> <span class='ocrx_word' id='word_1_711' title='bbox 1136 4862 1233 4933; x_wconf 90' lang='lat' dir='ltr'>accipi,</span> <span class='ocrx_word' id='word_1_712' title='bbox 1255 4868 1277 4916; x_wconf 89' lang='grc'>1.</span> <span class='ocrx_word' id='word_1_713' title='bbox 1299 4862 1462 4930; x_wconf 85' lang='lat' dir='ltr'>specialiter</span> <span class='ocrx_word' id='word_1_714' title='bbox 1480 4879 1530 4934; x_wconf 88' lang='grc'>616</span> <span class='ocrx_word' id='word_1_715' title='bbox 1545 4865 1606 4920; x_wconf 88' lang='grc'>6616</span> <span class='ocrx_word' id='word_1_716' title='bbox 1631 4882 1762 4919; x_wconf 89' lang='grc'>16666661</span> <span class='ocrx_word' id='word_1_717' title='bbox 1787 4864 1973 4934; x_wconf 87' lang='lat' dir='ltr'>impositione,</span> 
     </span>
     <span class='ocr_line' id='line_1_56' title="bbox 276 4934 1972 5022; baseline 0.005 -25"><span class='ocrx_word' id='word_1_718' title='bbox 276 4961 398 5010; x_wconf 83' lang='lat' dir='ltr'>annexa,</span> <span class='ocrx_word' id='word_1_719' title='bbox 418 4934 543 5000; x_wconf 81' lang='lat' dir='ltr'>Christus</span> <span class='ocrx_word' id='word_1_720' title='bbox 566 4946 638 5001; x_wconf 91' lang='lat' dir='ltr'>enim</span> <span class='ocrx_word' id='word_1_721' title='bbox 657 4943 740 4999; x_wconf 87' lang='lat' dir='ltr'>semel</span> <span class='ocrx_word' id='word_1_722' title='bbox 761 4945 790 4998; x_wconf 93' lang='grc'>16</span> <span class='ocrx_word' id='word_1_723' title='bbox 809 4945 969 4999; x_wconf 86' lang='lat' dir='ltr'>ordinandis</span> <span class='ocrx_word' id='word_1_724' title='bbox 989 4947 1108 5019; x_wconf 90' lang='lat' dir='ltr'>discipu·</span> <span class='ocrx_word' id='word_1_725' title='bbox 1135 4949 1194 5004; x_wconf 82' lang='lat' dir='ltr'>sive</span> <span class='ocrx_word' id='word_1_726' title='bbox 1210 4954 1242 5003; x_wconf 92' lang='lat' dir='ltr'>ut</span> <span class='ocrx_word' id='word_1_727' title='bbox 1260 4946 1444 5003; x_wconf 88' lang='lat' dir='ltr'>Bellarminus</span> <span class='ocrx_word' id='word_1_728' title='bbox 1463 4950 1601 5022; x_wconf 90' lang='lat' dir='ltr'>loquitur,</span> <span class='ocrx_word' id='word_1_729' title='bbox 1620 4967 1704 5021; x_wconf 89' lang='lat' dir='ltr'>super</span> <span class='ocrx_word' id='word_1_730' title='bbox 1723 4959 1808 5022; x_wconf 89' lang='lat' dir='ltr'>caput</span> <span class='ocrx_word' id='word_1_731' title='bbox 1826 4951 1972 5007; x_wconf 87' lang='lat' dir='ltr'>ordinandi</span> 
     </span>
    </p>

    <p class='ocr_par' dir='ltr' id='par_1_12' title="bbox 276 5028 1973 5109">
     <span class='ocr_line' id='line_1_57' title="bbox 276 5028 1973 5109; baseline 0.007 -28"><span class='ocrx_word' id='word_1_732' title='bbox 276 5028 310 5082; x_wconf 92' lang='lat' dir='ltr'>lis</span> <span class='ocrx_word' id='word_1_733' title='bbox 326 5029 409 5082; x_wconf 91' lang='lat' dir='ltr'>ritum</span> <span class='ocrx_word' id='word_1_734' title='bbox 428 5030 622 5086; x_wconf 85' lang='lat' dir='ltr'>insufflationis</span> <span class='ocrx_word' id='word_1_735' title='bbox 634 5031 770 5099; x_wconf 91' lang='lat' dir='ltr'>adhibuit,</span> <span class='ocrx_word' id='word_1_736' title='bbox 788 5029 851 5085; x_wconf 87' lang='lat' dir='ltr'>Joh.</span> <span class='ocrx_word' id='word_1_737' title='bbox 868 5037 910 5100; x_wconf 78' lang='lat'>20,</span> <span class='ocrx_word' id='word_1_738' title='bbox 927 5049 953 5089; x_wconf 86' lang='lat' dir='ltr'>v.</span> <span class='ocrx_word' id='word_1_739' title='bbox 973 5038 1013 5088; x_wconf 81' lang='lat'>22.</span> <span class='ocrx_word' id='word_1_740' title='bbox 1033 5034 1107 5104; x_wconf 94' lang='lat' dir='ltr'>quod</span> <span class='ocrx_word' id='word_1_741' title='bbox 1136 5035 1309 5102; x_wconf 78' lang='lat' dir='ltr'>extensione3</span> <span class='ocrx_word' id='word_1_742' title='bbox 1325 5039 1351 5090; x_wconf 81' lang='lat'>2.</span> <span class='ocrx_word' id='word_1_743' title='bbox 1364 5037 1536 5104; x_wconf 80' lang='lat' dir='ltr'>pcneraiiter</span> <span class='ocrx_word' id='word_1_744' title='bbox 1547 5055 1597 5109; x_wconf 90' lang='lat' dir='ltr'>pro</span> <span class='ocrx_word' id='word_1_745' title='bbox 1609 5043 1667 5090; x_wconf 87' lang='lat' dir='ltr'>tcto</span> <span class='ocrx_word' id='word_1_746' title='bbox 1681 5045 1709 5088; x_wconf 89' lang='grc'>61</span> <span class='ocrx_word' id='word_1_747' title='bbox 1721 5038 1851 5092; x_wconf 86' lang='lat' dir='ltr'>universo</span> <span class='ocrx_word' id='word_1_748' title='bbox 1863 5038 1973 5092; x_wconf 86' lang='lat' dir='ltr'>ordina·</span> 
     </span>
    </p>

    <p class='ocr_par' dir='ltr' id='par_1_13' title="bbox 162 5106 1987 5280">
     <span class='ocr_line' id='line_1_58' title="bbox 162 5106 1987 5194; baseline 0.007 -29"><span class='ocrx_word' id='word_1_749' title='bbox 162 5112 175 5134; x_wconf 77' lang='lat'>⁸</span> <span class='ocrx_word' id='word_1_750' title='bbox 276 5114 299 5166; x_wconf 91' lang='lat' dir='ltr'>si</span> <span class='ocrx_word' id='word_1_751' title='bbox 321 5121 463 5169; x_wconf 85' lang='lat' dir='ltr'>externum</span> <span class='ocrx_word' id='word_1_752' title='bbox 482 5117 595 5186; x_wconf 88' lang='lat' dir='ltr'>aliquod</span> <span class='ocrx_word' id='word_1_753' title='bbox 614 5117 780 5172; x_wconf 91' lang='lat' dir='ltr'>elementum</span> <span class='ocrx_word' id='word_1_754' title='bbox 800 5115 918 5187; x_wconf 89' lang='lat' dir='ltr'>apostoli</span> <span class='ocrx_word' id='word_1_755' title='bbox 932 5118 1109 5186; x_wconf 87' lang='lat' dir='ltr'>judicassent</span> <span class='ocrx_word' id='word_1_756' title='bbox 1134 5118 1217 5172; x_wconf 88' lang='lat' dir='ltr'>tionis</span> <span class='ocrx_word' id='word_1_757' title='bbox 1230 5124 1310 5187; x_wconf 75' lang='lat' dir='ltr'>actu,</span> <span class='ocrx_word' id='word_1_758' title='bbox 1328 5119 1357 5173; x_wconf 90' lang='lat' dir='ltr'>in</span> <span class='ocrx_word' id='word_1_759' title='bbox 1373 5120 1464 5192; x_wconf 90' lang='lat' dir='ltr'>priore</span> <span class='ocrx_word' id='word_1_760' title='bbox 1477 5120 1679 5194; x_wconf 86' lang='lat' dir='ltr'>significatione</span> <span class='ocrx_word' id='word_1_761' title='bbox 1691 5120 1727 5176; x_wconf 86' lang='lat' dir='ltr'>ab</span> <span class='ocrx_word' id='word_1_762' title='bbox 1740 5122 1864 5177; x_wconf 88' lang='lat' dir='ltr'>oratione</span> <span class='ocrx_word' id='word_1_763' title='bbox 1875 5106 1987 5177; x_wconf 73' lang='lat' dir='ltr'>distin-¹</span> 
     </span>
     <span class='ocr_line' id='line_1_59' title="bbox 275 5201 1974 5280; baseline 0.005 -26"><span class='ocrx_word' id='word_1_764' title='bbox 275 5201 473 5267; x_wconf 89' lang='lat' dir='ltr'>necessarium,</span> <span class='ocrx_word' id='word_1_765' title='bbox 505 5202 697 5257; x_wconf 85' lang='lat' dir='ltr'>assumsissent</span> <span class='ocrx_word' id='word_1_766' title='bbox 726 5202 881 5273; x_wconf 84' lang='lat' dir='ltr'>symbolum</span> <span class='ocrx_word' id='word_1_767' title='bbox 905 5202 1108 5273; x_wconf 85' lang='lat' dir='ltr'>insufflationis,</span> <span class='ocrx_word' id='word_1_768' title='bbox 1135 5203 1238 5276; x_wconf 84' lang='lat' dir='ltr'>guitur,</span> <span class='ocrx_word' id='word_1_769' title='bbox 1256 5205 1285 5257; x_wconf 91' lang='lat' dir='ltr'>in</span> <span class='ocrx_word' id='word_1_770' title='bbox 1306 5213 1456 5276; x_wconf 82' lang='lat' dir='ltr'>posteriore</span> <span class='ocrx_word' id='word_1_771' title='bbox 1469 5207 1620 5263; x_wconf 88' lang='lat' dir='ltr'>orationem</span> <span class='ocrx_word' id='word_1_772' title='bbox 1639 5212 1771 5278; x_wconf 90' lang='lat' dir='ltr'>tanquam</span> <span class='ocrx_word' id='word_1_773' title='bbox 1792 5209 1974 5280; x_wconf 87' lang='lat' dir='ltr'>praecipuam</span> 
     </span>
    </p>

    <p class='ocr_par' dir='ltr' id='par_1_14' title="bbox 276 5284 1971 5363">
     <span class='ocr_line' id='line_1_60' title="bbox 276 5284 1971 5363; baseline 0.005 -22"><span class='ocrx_word' id='word_1_774' title='bbox 276 5304 331 5359; x_wconf 92' lang='lat' dir='ltr'>quo</span> <span class='ocrx_word' id='word_1_775' title='bbox 361 5289 420 5357; x_wconf 90' lang='lat' dir='ltr'>ipse</span> <span class='ocrx_word' id='word_1_776' title='bbox 451 5285 576 5340; x_wconf 88' lang='lat' dir='ltr'>Christus</span> <span class='ocrx_word' id='word_1_777' title='bbox 601 5287 693 5343; x_wconf 86' lang='lat' dir='ltr'>fuerat</span> <span class='ocrx_word' id='word_1_778' title='bbox 719 5307 792 5345; x_wconf 90' lang='lat' dir='ltr'>usus.</span> <span class='ocrx_word' id='word_1_779' title='bbox 831 5288 930 5343; x_wconf 86' lang='lat' dir='ltr'>Metth.</span> <span class='ocrx_word' id='word_1_780' title='bbox 959 5296 1002 5359; x_wconf 88' lang='grc'>10,</span> <span class='ocrx_word' id='word_1_781' title='bbox 1030 5308 1055 5346; x_wconf 87' lang='lat' dir='ltr'>v.</span> <span class='ocrx_word' id='word_1_782' title='bbox 1086 5296 1108 5345; x_wconf 90' lang='lat' dir='ltr'>l.</span> <span class='ocrx_word' id='word_1_783' title='bbox 1135 5290 1257 5360; x_wconf 91' lang='lat' dir='ltr'>aliquam</span> <span class='ocrx_word' id='word_1_784' title='bbox 1273 5299 1352 5345; x_wconf 90' lang='lat' dir='ltr'>actus</span> <span class='ocrx_word' id='word_1_785' title='bbox 1372 5290 1455 5362; x_wconf 89' lang='lat' dir='ltr'>hujus</span> <span class='ocrx_word' id='word_1_786' title='bbox 1473 5284 1663 5361; x_wconf 81' lang='lat' dir='ltr'>saeripsrtem</span> <span class='ocrx_word' id='word_1_787' title='bbox 1682 5290 1710 5344; x_wconf 91' lang='lat' dir='ltr'>in</span> <span class='ocrx_word' id='word_1_788' title='bbox 1723 5310 1752 5347; x_wconf 87' lang='lat' dir='ltr'>se</span> <span class='ocrx_word' id='word_1_789' title='bbox 1770 5293 1971 5363; x_wconf 88' lang='lat' dir='ltr'>complectitur.</span> 
     </span>
    </p>
   </div>
   <div class='ocr_carea' id='block_1_6' title="bbox 275 5371 1972 5453">
    <p class='ocr_par' dir='ltr' id='par_1_15' title="bbox 275 5371 1972 5453">
     <span class='ocr_line' id='line_1_61' title="bbox 275 5371 1972 5453; baseline 0.005 -26"><span class='ocrx_word' id='word_1_790' title='bbox 275 5373 410 5442; x_wconf 82' lang='grc'>166163,</span> <span class='ocrx_word' id='word_1_791' title='bbox 432 5391 458 5426; x_wconf 86' lang='lat' dir='ltr'>v.</span> <span class='ocrx_word' id='word_1_792' title='bbox 485 5380 523 5427; x_wconf 85' lang='grc'>11.</span> <span class='ocrx_word' id='word_1_793' title='bbox 549 5371 617 5429; x_wconf 86' lang='lat' dir='ltr'>Luc.</span> <span class='ocrx_word' id='word_1_794' title='bbox 639 5380 671 5437; x_wconf 83' lang='lat'>9,</span> <span class='ocrx_word' id='word_1_795' title='bbox 701 5393 725 5428; x_wconf 86' lang='lat' dir='ltr'>v.</span> <span class='ocrx_word' id='word_1_796' title='bbox 749 5381 770 5429; x_wconf 95' lang='grc'>1.</span> <span class='ocrx_word' id='word_1_797' title='bbox 789 5381 818 5430; x_wconf 88' lang='grc'>61</span> <span class='ocrx_word' id='word_1_798' title='bbox 838 5391 862 5428; x_wconf 91' lang='grc'>6.</span> <span class='ocrx_word' id='word_1_799' title='bbox 885 5381 930 5443; x_wconf 80' lang='lat' dir='ltr'>tt),</span> <span class='ocrx_word' id='word_1_800' title='bbox 953 5391 979 5428; x_wconf 84' lang='lat' dir='ltr'>v.</span> <span class='ocrx_word' id='word_1_801' title='bbox 997 5381 1020 5429; x_wconf 89' lang='lat'>9.</span> <span class='ocrx_word' id='word_1_802' title='bbox 1042 5376 1106 5429; x_wconf 91' lang='lat' dir='ltr'>dedi</span> <span class='ocrx_word' id='word_1_803' title='bbox 1172 5383 1228 5432; x_wconf 81' lang='grc'>113.</span> <span class='ocrx_word' id='word_1_804' title='bbox 1261 5377 1353 5434; x_wconf 81' lang='lat' dir='ltr'>Aliter</span> <span class='ocrx_word' id='word_1_805' title='bbox 1386 5378 1472 5448; x_wconf 83' lang='lat' dir='ltr'>igitur</span> <span class='ocrx_word' id='word_1_806' title='bbox 1506 5374 1688 5433; x_wconf 81' lang='lat' dir='ltr'>Bellarminus</span> <span class='ocrx_word' id='word_1_807' title='bbox 1728 5378 1830 5453; x_wconf 89' lang='lat' dir='ltr'>excipit</span> <span class='ocrx_word' id='word_1_808' title='bbox 1870 5397 1904 5435; x_wconf 91' lang='lat' dir='ltr'>ac</span> <span class='ocrx_word' id='word_1_809' title='bbox 1936 5380 1972 5436; x_wconf 90' lang='lat' dir='ltr'>ds</span> 
     </span>
    </p>
   </div>
   <div class='ocr_carea' id='block_1_7' title="bbox 0 0 2018 6004">
    <p class='ocr_par' dir='ltr' id='par_1_16' title="bbox 0 0 2018 6004">
     <span class='ocr_line' id='line_1_62' title="bbox 0 0 2018 6004; baseline 0 0"><span class='ocrx_word' id='word_1_810' title='bbox 0 0 2018 6004; x_wconf 95' lang='lat' dir='ltr'> </span> 
     </span>
    </p>
   </div>
  </div>
 </body>
</html>
