4020 6014
658 307 712 363 DE
729 306 952 366 MINISTERIO
970 305 1272 368 acchaslasu'lco.
1755 326 1810 382 lot

106 460 228 529 sulpure
256 477 307 514 sao
337 460 473 529 dispellit.
510 461 695 517 Bellarminus
719 463 738 521 l.
767 469 791 519 t.
821 464 855 519 de
880 464 947 534 Just.
961 458 1065 541 laccipi
1078 469 1178 534 potest.
1206 473 1230 522 t.
1249 465 1588 536 ConceditBellarminus,
1607 471 1814 526 ordinationem

112 561 136 599 c.
159 549 184 601 2.
216 551 240 600 3.
269 544 444 601 Eucharistia
470 565 525 602 non
549 564 659 619 semper
684 550 766 605 datur
791 548 1032 631 immediatcjnou
1061 553 1103 604 aci
1127 553 1239 620 prutina
1262 556 1449 623 justrisicantis
1471 557 1667 625 collationem,
1696 559 1748 612 scd
1773 560 1815 612 ad

112 639 175 704 post
192 631 371 702 baptismum,
398 634 447 689 sed
475 637 644 706 quandoque
663 637 735 691 inter
758 636 890 708 baptismi
922 638 1064 729 etjalinm
1078 639 1176 706 potius
1188 641 1275 707 sinan
1295 640 1458 709 institutam,
1478 642 1536 695 sive
1556 650 1588 696 ut
1605 643 1665 712 ipse
1682 643 1813 714 loquitur,

112 718 298 773 eucharistiae
317 736 397 774 usum
411 719 491 774 multi
509 721 684 777 intercedunt
699 723 773 779 anni.
802 723 867 778 dam
884 723 1139 777 vero¹ordinatam
1158 740 1225 779 esse.
1263 725 1301 779 At
1320 741 1352 779 ex
1372 742 1405 780 eo
1427 727 1487 795 ipso
1507 727 1638 798 colligere
1657 744 1812 798 possumus,

110 811 237 875 tempore
257 804 305 860 iilo
322 805 486 862 intermedio
507 807 807 863 multacontrahuntur
825 762 1178 888 peccataiordinationem
1215 827 1270 865 non
1307 826 1366 866 esse
1400 819 1601 867 sacramentum
1638 815 1748 884 proprie
1785 822 1813 870 et

111 891 146 944 ad
172 907 291 962 quorum
315 892 503 947 remissionem
529 893 713 948 eucharistiae
736 894 865 948 salutaris
883 894 963 969 usus,
977 892 1106 962 specifice
1126 894 1166 948 sic
1187 894 1300 964 dictum,
1317 897 1357 951 sic
1372 898 1445 951 enim
1458 906 1692 968 argumentamur.
1724 898 1811 955 Omne

110 983 152 1032 est
179 976 337 1042 institutus,
365 994 397 1031 ac
422 979 540 1048 proinde
565 978 696 1033 frivolum
721 985 764 1035 est
787 979 1177 1097 Bellarmini'sacramentum
1197 980 1354 1035 institutum
1375 981 1483 1037 estfine
1496 1001 1536 1047 eo,
1555 990 1586 1038 ut
1602 985 1811 1057 promissionem

110 1070 314 1131 argumentum.
367 1062 544 1119 Eucharistia
581 1065 664 1119 datur
693 1067 851 1121 immediate
885 1073 950 1136 post
975 1064 1082 1134 gratiae
1100 1066 1223 1135 applicet
1240 1071 1268 1120 et
1286 1066 1428 1140 obsignat,
1450 1069 1507 1125 sive
1526 1077 1557 1125 ut
1575 1070 1734 1126 Bellarminl
1751 1087 1810 1125 rer·

109 1148 288 1221 baptismum.
329 1148 405 1220 Ergo
433 1167 487 1204 non
516 1157 558 1206 est
584 1152 710 1206 instituta
737 1153 772 1205 ad
801 1156 948 1222 peccatum
976 1150 1018 1203 bis
1038 1167 1106 1204 sano
1124 1168 1207 1206 sensu
1227 1158 1347 1219 namur,
1366 1161 1397 1208 ut
1408 1156 1525 1226 gratiam
1535 1156 1735 1226 justificantem
1747 1172 1810 1212 cou-

109 1235 271 1291 tollendum.
319 1242 342 1290 t.
368 1234 498 1300 Quinimo
523 1237 635 1306 quando
664 1238 830 1293 eucharistia
854 1238 948 1291 imme·
974 1235 1053 1290 ferat
1082 1236 1227 1291 Ordinatio
1244 1245 1353 1293 nonest
1366 1240 1493 1296 instituta
1509 1242 1564 1296 line
1577 1259 1625 1311 eo,
1645 1250 1676 1296 ut
1695 1244 1810 1312 promis-

108 1321 187 1376 diste
205 1328 271 1392 post
289 1322 457 1392 baptismum
476 1323 577 1392 datur,
605 1323 783 1378 nihilominus
804 1323 948 1394 promissio
974 1321 1078 1376 sionem
1098 1322 1205 1392 gratiae
1226 1324 1347 1394 applicet
1370 1331 1399 1379 et
1415 1327 1551 1399 obsignat.
1583 1328 1665 1399 Ergo.
1695 1327 1810 1398 Maj0rir

107 1408 218 1479 gratiae
253 1407 288 1462 de
316 1406 484 1478 applicanda
512 1415 539 1462 et
565 1408 741 1479 obsignanda
770 1416 947 1479 peccatorum
976 1408 1076 1460 veritas
1097 1407 1188 1462 elucet
1214 1426 1247 1464 ex
1272 1410 1384 1479 proprio
1408 1420 1640 1468 sacramentorum
1664 1414 1727 1468 fine.
1759 1413 1810 1468 Mi·

107 1493 270 1548 remissione
291 1510 346 1547 non
367 1492 468 1548 desinit
495 1495 520 1548 ei
540 1511 599 1549 esse
619 1510 736 1561 annexa,
753 1501 947 1565 praeterquam
974 1509 1068 1546 norem
1088 1492 1275 1549 Bellarminus
1293 1498 1434 1562 concedit,
1461 1515 1532 1568 quae
1556 1499 1638 1553 etiarn
1657 1505 1700 1554 est
1716 1500 1810 1554 certis·

106 1579 181 1635 euim
200 1579 276 1650 qnod
295 1580 324 1633 in
342 1580 446 1634 renatis
465 1596 574 1650 semper
597 1587 740 1635 remanent
759 1582 866 1652 peccati
885 1581 947 1634 reli·
973 1580 1059 1634 simae
1077 1582 1209 1635 veritatis.
1246 1581 1276 1637 Si
1288 1584 1361 1637 enim
1376 1583 1513 1638 ordinatio
1522 1591 1594 1639 essct
1608 1592 1810 1640 sacramentum

107 1666 201 1736 quiae,
219 1665 328 1721 accedit
345 1666 430 1721 etiam
447 1665 533 1734 illud,
551 1666 625 1736 quod
644 1666 746 1721 collata
763 1668 792 1721 in
810 1667 947 1737 baptismo
972 1666 1105 1720 divinitus
1117 1667 1275 1721 institutum
1292 1669 1327 1722 ad
1340 1669 1537 1739 applicandam
1559 1676 1590 1724 et
1608 1670 1809 1741 obsignandum

105 1752 278 1808 remissionis
308 1752 399 1822 gratia
430 1759 458 1807 et
495 1751 563 1807 fides
597 1770 657 1808 eam
692 1754 862 1824 amplectans
896 1771 946 1807 usu
973 1752 1180 1821 promissionem
1214 1754 1337 1824 gratiae,
1368 1762 1443 1809 certe
1475 1755 1603 1810 omnibus
1632 1755 1686 1810 hoc
1719 1773 1809 1811 sacra·

108 1838 294 1895 eucharistiae
313 1838 490 1893 confirmatur
509 1855 542 1892 ac
561 1839 708 1909 promissio
725 1841 832 1911 gratiae
853 1804 1065 1955 obsig-Jmento
1093 1839 1235 1893 utentibus
1264 1843 1292 1894 et
1320 1856 1374 1894 non
1402 1841 1570 1911 ponentibus
1599 1841 1705 1896 obicem
1732 1841 1809 1897 dare-

107 1933 201 1990 natur,
213 1925 336 1995 itemque
346 1923 464 1995 Spiritus
473 1925 562 1979 sancti
574 1926 647 1978 dona
656 1931 802 1994 augentur.
822 1925 868 1980 Sic
878 1924 946 1994 bap·
973 1930 1019 1977 tur
1048 1924 1139 1994 gratia
1165 1924 1339 1994 justificans3
1377 1927 1500 1999 itemque
1533 1927 1678 1982 ordinandi
1711 1932 1808 1996 essent,

106 2012 208 2066 tismus
219 2011 361 2065 confertur
372 2010 455 2065 etiam
467 2011 530 2074 illis,
548 2011 595 2081 qui
611 2012 669 2080 jam
682 2017 746 2064 ante
764 2027 813 2080 per
831 2010 945 2064 verbum
972 2009 1019 2080 qui
1049 2010 1165 2080 cupiunt
1191 2011 1245 2064 sibi
1272 2012 1408 2082 applicari
1436 2019 1464 2067 et
1489 2013 1629 2083 obsignari
1652 2012 1808 2083 promissio·

105 2106 174 2154 sunt
191 2098 346 2168 regenerati
366 2113 399 2152 ac
418 2097 475 2151 fide
494 2097 596 2161 donati,
615 2097 739 2167 adeoque
758 2095 946 2151 remissionem
972 2112 1034 2150 nem
1053 2096 1088 2150 de
1105 2096 1196 2167 gratia
1218 2097 1394 2167 justificante
1418 2099 1476 2153 sive
1501 2099 1660 2154 remissione
1680 2104 1807 2170 peccato·

106 2191 286 2256 peecatorum
299 2184 449 2252 consecuti,
467 2201 518 2238 nec
532 2190 625 2238 tamen
638 2201 670 2237 er
685 2199 718 2237 eo
730 2181 826 2236 infarri
845 2187 945 2251 potest,
970 2197 1040 2236 rum.

105 2270 280 2341 baptismum
297 2285 353 2323 non
372 2286 430 2325 esse
451 2269 606 2324 institutum
626 2270 663 2322 ad
680 2268 865 2323 remissionem
884 2218 960 2357 pec-i
1010 2271 1066 2323 146.
1087 2267 1181 2338 Atque
1193 2268 1263 2322 haee
1275 2275 1341 2322 sunt
1353 2269 1518 2339 principalia
1530 2270 1683 2325 sententiae
1697 2275 1807 2326 nostrae
1818 2269 1895 2362 &nim

104 2363 242 2412 catorum.
290 2364 313 2411 5.
338 2356 371 2410 In
400 2356 572 2411 ordinatione
601 2356 720 2428 gratiam
747 2353 1149 2461 justificantemJarguments,
1174 2361 1327 2424 sequuntur
1349 2355 1440 2409 minus
1465 2356 1636 2427 principalia.
1675 2362 1699 2411 3.
1718 2355 1807 2411 Omne
1820 2333 1908 2414 isai-¹⁸

105 2442 242 2511 conferri,
269 2459 412 2514 nunquam
437 2443 540 2513 poterit
565 2442 748 2497 Bellarminus
767 2458 799 2496 er
821 2439 884 2496 Joh.
907 2439 1228 2511 reponendarum.
1248 2440 1281 2494 Τ.
1306 2441 1415 2511 proprie
1441 2449 1469 2495 et
1495 2441 1621 2511 specifice
1641 2442 1682 2496 sic
1702 2441 1808 2496 dictum
1821 2431 1923 2517 {iffi

106 2530 308 2599 demonstrare,
325 2544 388 2582 cum
408 2528 479 2584 enim
499 2545 555 2582 non
569 2529 658 2583 solum
674 2528 766 2598 gratia
781 2518 960 2597 justificans}
973 2528 1015 2577 est
1033 2522 1067 2579 N.
1086 2524 1119 2579 Τ.
1138 2525 1289 2596 proprium.
1327 2526 1474 2581 Ordinatio
1497 2545 1552 2582 non
1577 2533 1620 2582 est
1639 2527 1673 2584 N.
1694 2526 1726 2582 Τ.
1747 2545 1808 2596 pro·
1821 2529 1864 2569 ¹¹¹*

105 2616 159 2670 sed
190 2616 275 2670 etiam
304 2621 426 2686 potestas
463 2615 609 2671 ministerii
643 2616 679 2668 sit
709 2614 828 2686 Spiritus
859 2613 947 2667 sancti
972 2610 1051 2679 pria,
1071 2610 1120 2664 sed
1140 2612 1252 2681 utrique
1268 2615 1325 2665 tam
1344 2613 1429 2666 veteri
1449 2630 1533 2683 quam
1554 2631 1626 2668 novo
1643 2619 1809 2669 testamento

106 2703 229 2770 donum,
256 2702 319 2756 ideo
337 2719 356 2757 a
374 2702 535 2772 particulari
562 2701 689 2772 procedit
711 2701 780 2755 illud
801 2662 960 2773 argumeni
973 2692 1138 2765 eommunia,
1166 2714 1229 2750 curn
1256 2698 1412 2753 sacerdotes
1442 2698 1560 2754 Levitici
1591 2700 1625 2755 V.
1653 2699 1686 2752 Τ.
1713 2700 1809 2753 itidem

106 2797 177 2843 tum.
234 2788 361 2846 Cis-rietus
396 2789 427 2841 in
457 2788 638 2842 ordinatione
667 2787 778 2849 confert
809 2786 948 2854 apostolis
973 2783 1055 2839 emtis
1091 2781 1190 2837 ritibus
1220 2784 1256 2837 ad
1288 2784 1470 2839 ministerium
1506 2784 1610 2839 fuerim
1647 2785 1810 2854 consecrati,

108 2874 251 2943 Spiritum
268 2881 403 2928 sanctum.
439 2874 519 2942 Erpo
538 2875 650 2937 confert
666 2872 708 2926 sis
725 2872 848 2940 prntiam
867 2873 947 2939 iusti·
972 2868 1060 2923 Erod.
1086 2874 1126 2924 29.
1166 2869 1195 2923 Si
1222 2869 1311 2933 dicas,
1336 2871 1423 2924 ritum
1441 2876 1708 2944 perpotentncnono
1726 2878 1810 2925 testa·

101 2962 246 3030 ficorum.
279 2959 356 3014 Idem
388 2958 486 3013 vitium
519 2959 640 3013 occurrit
666 2959 696 3012 in
723 2963 889 3029 argumento
914 2974 947 3011 ex
973 2957 1243 3021 antonomasiam,
1267 2956 1480 3026 respondemus,
1509 2957 1588 3012 illum
1613 2958 1704 3029 ipsum
1722 2975 1755 3013 ex
1772 2956 1829 3025 V„

107 3054 134 3104 2.
147 3044 220 3103 uum.
243 3052 264 3101 l.
285 3045 418 3100 deducto:
452 3047 577 3115 Spiritus
589 3064 612 3100 s.
632 3047 709 3098 dona
725 3052 788 3098 cunt
806 3044 948 3097 charisma
959 3049 962 3127 ξ
974 3040 1007 3096 Τ.
1021 3039 1057 3094 ab
1070 3041 1202 3111 apostolis
1215 3041 1301 3098 fuisse
1312 3051 1518 3112 transsumtum,
1536 3051 1568 3100 ut
1585 3049 1684 3115 postea
1699 3043 1810 3099 demon-

107 3131 280 3204 prophetiae,
299 3129 437 3184 charisma
456 3115 622 3202 lidguarum,
641 3130 779 3185 charisma
797 3129 948 3184 sanationis
959 3150 962 3197 ι
974 3126 1115 3181 strabitur.
1154 3126 1188 3180 ln
1216 3128 1279 3198 ipsa
1303 3129 1422 3184 Aaronis
1447 3137 1475 3186 et
1492 3129 1612 3185 filiorum
1631 3130 1718 3201 ipsius
1738 3129 1810 3184 ordi·

109 3222 163 3274 etc.
188 3233 241 3273 noc
269 3223 364 3271 tamen
393 3231 488 3270 omnes
515 3215 642 3270 instructi
675 3217 747 3272 dono
776 3210 1087 3287 prophetiae,}natione
1101 3213 1204 3268 mentio
1217 3213 1250 3268 fit
1262 3215 1315 3269 olei
1333 3216 1487 3281 unctionis,
1513 3216 1694 3286 impositionis
1712 3215 1811 3269 mitrae

108 3306 185 3361 dono
197 3304 370 3375 ‚bugamum
388 3301 461 3357 dono
474 3302 626 3356 sanationis
638 3307 689 3357 ete.
709 3302 814 3357 habent
831 3303 949 3374 gratiam
961 3288 964 3339 i
976 3299 1034 3355 sive
1050 3300 1140 3355 tiarae
1152 3301 1339 3365 sacerdotalis,
1359 3302 1521 3357 induitionis
1535 3303 1651 3357 restium
1670 3317 1810 3356 morarum

105 3390 317 3464 justificantem,
337 3389 390 3444 hoc
408 3395 495 3443 estut
512 3406 544 3443 ex
560 3388 709 3459 Scripturis
729 3389 950 3460 interpretamur,
961 3360 964 3453 i
976 3394 1028 3442 ete.
1045 3387 1182 3456 jubentur
1202 3387 1285 3441 etiam
1298 3388 1392 3443 Aaron
1406 3397 1434 3442 et
1447 3388 1497 3442 filii
1513 3390 1574 3458 ejus
1591 3404 1688 3442 manua
1707 3403 1810 3456 ponere

109 3477 300 3535 remissionem
318 3479 494 3546 peccatorum
514 3480 542 3529 et
553 3476 813 3531 reconciliationem.
844 3475 951 3529 Audiat
962 3466 964 3489 ⁵
977 3488 1059 3542 super
1071 3478 1155 3541 caput
1163 3473 1276 3542 juvenci
1289 3474 1324 3527 ad
1338 3473 1502 3528 sacrificium
1520 3473 1674 3540 mactandi,
1694 3478 1723 3527 et
1735 3473 1810 3544 quod

109 3563 298 3620 Bellarminus
323 3579 352 3617 se
372 3562 477 3631 ipsum,
502 3561 640 3632 quomodo
667 3561 748 3627 alibi,
776 3561 907 3616 videlicet
931 3561 949 3616 l.
976 3558 1062 3628 probe
1082 3558 1234 3611 notandum
1252 3559 1333 3614 Num.
1354 3566 1378 3628 8,
1398 3576 1424 3615 v.
1449 3568 1455 3612 1
1462 3568 1485 3614 tl.
1505 3559 1555 3613 filii
1575 3559 1659 3613 lsrael
1676 3559 1811 3629 jubentur

115 3658 138 3707 1.
151 3650 317 3704 desectam.
332 3648 360 3702 in
373 3663 476 3718 genere
494 3664 519 3703 c.
539 3652 580 3703 26.
598 3647 684 3702 verba
697 3647 800 3702 Christi
818 3652 949 3718 exponat:
961 3666 964 3709 t
976 3663 1075 3697 monier
1089 3661 1197 3714 ponere
1217 3662 1302 3712 super
1321 3647 1449 3714 Lucitas,
1468 3663 1501 3700 ex
1519 3662 1574 3716 quo
1592 3652 1732 3701 mutuatos
1751 3662 1812 3701 esse

110 3738 170 3791 Per
186 3735 324 3804 Spiritum
344 3741 471 3786 sanctum
491 3733 601 3804 (inquit)
621 3734 806 3802 intelligimus
824 3734 876 3787 iiio
889 3733 950 3787 loco
975 3731 1058 3797 ritus,
1081 3745 1149 3800 quos
1176 3729 1396 3786 inordinatione
1422 3748 1472 3786 sua
1492 3731 1633 3787 Pontificii
1652 3732 1811 3796 observant,

109 3822 255 3878 Joirannis
272 3827 438 3890 potestatem
456 3820 619 3873 remittendi
634 3828 768 3888 peccata,
791 3826 822 3870 ut
846 3817 949 3870 inteili-
976 3816 1072 3886 negari
1099 3814 1175 3868 nulla
1202 3815 1327 3870 veritatis
1355 3818 1448 3888 specie
1478 3824 1578 3888 potest.
1626 3817 1811 3873 Bellarminus

109 3916 180 3978 punt
214 3907 341 3975 Cyrillus
378 3913 403 3959 et
433 3903 643 3972 Uhrpsostomus
674 3907 704 3958 in
738 3906 819 3957 iilum
849 3904 949 3957 iocum.
976 3902 994 3957 l.
1018 3909 1037 3956 l.
1057 3901 1094 3955 de
1113 3917 1181 3954 sacr.
1204 3900 1262 3956 ord.
1279 3919 1307 3960 c.
1330 3909 1352 3957 ἵ.
1371 3904 1484 3972 statuit,
1510 3905 1639 3958 ordinem
1664 3906 1811 3958 suddiaco-

110 3996 209 4049 Poteat
226 4000 320 4046 autem
339 3991 407 4045 iaec
421 3999 547 4060 potestas
564 4008 622 4043 esse
639 3992 700 4044 sine
723 3992 819 4059 pratia
837 3998 949 4059 protam
977 4004 1075 4039 norum
1093 4002 1151 4040 esee
1168 3996 1380 4058 armamentum,
1397 4007 1459 4044 cum
1479 3996 1572 4044 tamen
1591 3991 1697 4061 absque
1714 4006 1813 4044 manus

108 4081 244 4148 faciente.
279 4077 361 4139 Quod
377 4085 468 4130 cutem
485 4078 596 4130 nomine
617 4077 743 4147 Spiritus
760 4076 852 4129 sancti
869 4075 949 4128 intel·
961 4096 964 4105 ¹
976 4073 1150 4144 impositione
1168 4072 1207 4127 illi
1227 4074 1398 4141 ordinentur,
1417 4077 1556 4145 quomodo
1576 4077 1663 4148 igitur
1680 4092 1812 4131 manuum

111 4166 166 4236 iips'
182 4166 293 4237 possint
310 4163 449 4233 quaelibet
473 4164 534 4232 ejus
560 4165 650 4229 riona,
674 4164 738 4217 licat
762 4180 818 4216 non
833 4161 950 4228 jaciant
976 4160 1116 4231 impositio
1126 4160 1301 4214 essentialem
1315 4161 1499 4217 differentiam
1520 4164 1592 4218 inter
1609 4160 1811 4220 ordinationem

110 4251 251 4307 hominem
271 4257 409 4313 sancctum,
431 4257 511 4320 patet
531 4267 563 4302 ec
588 4253 611 4302 1.
633 4249 696 4305 Cor.
716 4253 765 4303 12:
798 4248 1076 4317 Unicutqruiveteris
1108 4263 1142 4301 ac
1174 4249 1237 4301 novi
1268 4250 1424 4303 testamenti
1462 4250 1628 4304 constituet?
1664 4256 1689 4305 l.
1722 4247 1811 4306 Omne
1824 4262 1910 4316 tun:

113 4339 203 4392 datur
221 4336 415 4404 manifestatio
436 4335 562 4405 Spiritus
575 4338 616 4389 od
632 4336 790 4402 utilitatem,
813 4335 881 4388 aliis
900 4284 1178 4403 da-isacramentum
1199 4339 1240 4388 est
1258 4334 1360 4388 bonum
1378 4335 1464 4389 totius
1492 4336 1632 4391 ecclesiae.
1665 4335 1810 4391 Ordinatio
1823 4317 1921 4416 iffi,
2005 4373 2007 4376 >

114 4431 224 4493 turpsr
238 4421 378 4490 Spiritum
391 4438 482 4474 serino
496 4422 655 4490 sapientiae
668 4427 721 4475 etc.
734 4428 760 4474 et
775 4425 797 4473 1.
820 4422 881 4480 Cor.
901 4406 1032 4489 lteinon
1058 4424 1100 4474 est
1126 4419 1210 4473 totius
1228 4419 1360 4476 ecclesiae
1384 4421 1502 4489 bonum,
1530 4423 1577 4476 sed
1605 4421 1673 4476 certi
1692 4421 1810 4492 alicuius
1823 4422 1903 4459 '²⁸⁸²'-

115 4509 243 4580 Spiritus
263 4508 468 4578 prophetarum
486 4508 635 4577 prophetis
658 4508 778 4576 subjecti
805 4517 881 4578 cunt,
904 4509 964 4581 ubij
978 4511 1074 4569 statua,
1088 4504 1218 4559 videlicet
1230 4505 1417 4561 ministrorum
1433 4507 1566 4562 ecclesiae
1578 4507 1696 4577 propria.
1726 4507 1809 4578 Ergo.

113 4595 247 4666 spiritum
266 4601 348 4647 occat
364 4595 467 4646 donum
481 4593 676 4664 prophetandi
693 4611 711 4645 a
732 4594 841 4663 Spiritu
856 4592 1002 4651 sanctuli.
1032 4592 1085 4654 Qui
1112 4591 1222 4646 ordines
1252 4608 1269 4645 a
1292 4592 1402 4648 Christo
1430 4601 1458 4648 et
1482 4593 1616 4664 apostolis
1640 4608 1675 4646 ne
1699 4591 1947 4663 quidethrdlw

114 4684 218 4736 dutum.
268 4679 350 4733 Item:
385 4679 547 4732 Auctoritas
575 4680 743 4745 conferendi
765 4674 1170 4751 sacramentainominantur,
1199 4677 1308 4733 illorum
1336 4679 1364 4733 in
1390 4680 1534 4734 ecclesiam
1560 4678 1727 4733 introductio
1756 4696 1811 4734 non
1824 4646 1920 4741 {iiiiii

115 4784 171 4822 non
197 4773 239 4821 cst
266 4765 362 4832 pratia
393 4773 506 4835 pratum
529 4766 656 4830 faciens,
688 4767 739 4819 sed
760 4768 850 4833 pratis
875 4750 966 4834 narn,²
979 4769 1072 4834 potest
1103 4781 1163 4819 esse
1193 4772 1395 4820 sacramentum
1421 4765 1531 4836 proprie
1558 4769 1586 4818 et
1614 4764 1742 4835 specifice
1772 4755 1953 4844 sic:{„⁸,{⁰,’„„

57 4858 101 4902 tn
114 4871 164 4908 nec
182 4854 225 4906 ita
239 4858 353 4921 pstpnat
370 4868 431 4904 crim
443 4851 621 4919 improbitate
639 4853 722 4915 citae,
739 4861 769 4905 ut
789 4853 873 4905 simol
893 4870 954 4906 cnm
980 4851 1100 4913 dictum,
1118 4850 1255 4921 siquidem
1274 4867 1354 4905 omne
1373 4857 1572 4905 sacramentum
1592 4857 1701 4922 oportet
1718 4869 1777 4908 esse
1795 4869 1814 4907 a
1826 4855 1906 4905 teron.

114 4956 147 4994 sc
166 4955 226 4993 esse
244 4944 376 5007 nequem,
402 4937 479 5006 qaod
501 4936 627 5009 Caiphae
650 4938 774 5007 eccmplo
797 4938 884 5007 liquet
903 4926 1088 5003 „to-{christo
1112 4936 1276 4992 institutum.
1314 4937 1378 4992 dam
1402 4954 1467 4991 vero
1490 4936 1615 5007 plerique
1636 4939 1747 4994 ordines
1765 4956 1812 5010 pa-

114 5027 177 5080 aaa.
202 5028 245 5079 11.
270 5031 295 5076 et
321 5023 441 5077 aliorum
471 5024 587 5076 uirtutes
611 5026 750 5077 edentium
780 5026 809 5077 in
842 5025 966 5079 nomine,
980 5024 1056 5094 pales
1074 5039 1091 5077 a
1111 5023 1220 5078 Christo
1237 5030 1266 5077 et
1283 5023 1413 5094 apostolis
1438 5039 1472 5076 ne
1480 5022 1603 5093 'quidem
1628 5025 1812 5081 nominantur.

116 5109 235 5178 Christi,
270 5108 373 5162 Marti.
399 5114 420 5164 7.
466 5110 511 5162 An
545 5116 638 5178 posset
669 5110 792 5179 apertius
820 5111 872 5166 sibi
900 5109 1069 5181 ipsiliulta
1089 5108 1222 5175 Christus,
1242 5108 1329 5162 multa
1348 5107 1463 5172 Petrus,
1488 5109 1569 5179 plura
1587 5110 1692 5164 Paulus
1712 5110 1748 5162 ad
1766 5109 1813 5164 Ti-

114 5194 299 5253 Beilarminus
327 5194 536 5249 contradicere?
567 5200 591 5250 6.
617 5195 687 5250 Cum
712 5213 844 5250 manuum
866 5197 951 5266 impo·
980 5195 1118 5250 motheum
1135 5201 1162 5249 ot
1182 5195 1276 5249 Titum
1301 5195 1334 5248 de
1358 5194 1435 5249 verbi
1460 5196 1612 5251 ministerio
1631 5204 1659 5250 et
1678 5194 1813 5250 ministro·

113 5282 212 5338 sitione
229 5282 259 5335 in
277 5281 418 5351 primitiva
439 5280 557 5336 ecclesia
576 5281 693 5350 apostoli
712 5281 816 5336 fuerint
835 5284 876 5338 usi
897 5299 951 5336 non
978 5299 1039 5335 rum
1058 5280 1150 5336 officio
1171 5281 1328 5350 proferunt,
1358 5280 1408 5334 sed
1432 5281 1500 5335 nihil
1524 5282 1605 5336 audis
1631 5282 1667 5336 de
1685 5281 1812 5344 ostiariis,

114 5369 202 5424 solum
223 5366 252 5421 in
271 5366 459 5433 ordinatione,
480 5367 528 5421 scd
549 5365 633 5421 etiam
652 5365 680 5419 in
701 5366 847 5423 collatione
868 5385 950 5438 pecu·
964 5357 966 5387 ¹
979 5369 1013 5423 de
1030 5368 1180 5434 exorcistis,
1200 5366 1235 5420 ‹le
1253 5365 1397 5437 acoluthis,
1416 5368 1451 5421 de
1469 5367 1655 5433 subdiaconis,
1672 5367 1707 5421 de
1724 5383 1812 5423 sacar·

113 5454 223 5510 hedum
250 5451 369 5524 Spiritus
395 5453 485 5507 sancti
520 5451 730 5514 charismatum,
757 5452 820 5508 ideo
846 5454 1089 5531 dictum5dotibus
1107 5450 1243 5507 missificis
1264 5458 1315 5507 eto.
1355 5451 1439 5526 Ergo.

115 5544 139 5595 ².
162 5538 234 5594 Sim.
262 5544 291 5607 1,
323 5555 348 5592 v.
375 5543 401 5598 a.
425 5537 567 5595 commode
588 5537 624 5593 de
646 5542 766 5610 utraque
785 5542 965 5612 perpetratu*
1016 5546 1071 5596 tlt.
1095 5546 1120 5596 a.
1139 5538 1269 5609 Denique
1290 5537 1401 5610 ipsimet
1417 5538 1557 5595 Pontificii
1586 5545 1608 5596 l.
1631 5539 1668 5595 de
1686 5538 1814 5595 ordinum
1825 5506 1943 5599 ididiae
