4006 6022
635 235 687 290 DE
707 233 929 292 MINISTERIO
948 233 1250 292 ECCLESIASTICO.
1727 245 1784 303 tat

84 410 140 447 non
165 391 203 445 ad
232 391 321 446 solum
348 390 543 465 ministerium,
568 388 719 444 sedetiam
737 389 774 443 ad
793 387 922 444 Christia-
951 404 1087 444 consensu
1111 390 1359 460 progrediendum,
1386 392 1435 445 sed
1462 395 1530 447 ordo
1550 412 1568 449 a
1587 394 1694 449 Christo
1712 410 1791 464 prae·

10 491 61 532 ’.ιι
84 496 151 532 num
176 477 372 548 magistratum
391 477 536 548 utriusque
556 475 669 529 tabulae
690 475 817 546 decalogi
835 481 924 530 custo·
951 474 1071 544 scriptus
1098 476 1197 531 Matth.
1220 483 1264 546 18,
1292 496 1317 530 v.
1348 483 1387 533 15.
1414 478 1563 551 diligenter
1590 480 1789 538 observandus.
1812 466 1816 477 ’

85 564 150 616 dem
176 563 297 633 pertinet
316 580 350 617 ac
368 580 432 616 cum
448 578 585 616 consensu
604 560 737 616 ecclesiae
755 559 815 616 fieri
834 559 924 623 debet,
951 559 1079 631 Denique
1100 562 1207 617 ratione
1226 563 1398 634 objectomm
1410 570 1577 635 potestatem
1587 567 1789 637 jurisdictionis

83 650 148 703 ideo
170 649 209 704 ad
233 655 399 719 potestatem
418 647 522 702 ordinis
543 647 693 702 ministerio
712 647 852 718 propriam
869 664 925 701 non
951 652 1078 701 statuunt
1098 648 1251 718 duplicem:
1282 667 1465 720 communem,
1491 652 1529 706 ad
1553 658 1641 708 totum
1660 653 1789 709 ecclesia·

83 734 152 789 satis
168 735 314 790 commode
333 733 429 789 referri
449 739 548 804 potest.
584 733 726 789 iiHabet
741 733 860 788 ecclesia
876 751 925 804 po·
949 732 1049 787 sticum
1067 740 1175 789 coctum
1193 736 1349 791 auditorum
1359 744 1541 808 spectantem,
1557 756 1628 810 quae
1642 747 1789 810 propteroa

82 826 214 876 testatem
232 819 355 876 faciendi
374 820 593 890 constitutiones,
613 821 731 876 sednon
744 820 797 875 nisi
810 821 845 875 de
858 820 924 875 acti·
950 827 1065 874 vocatur
1082 820 1241 892 popularis3
1261 830 1290 878 et
1305 824 1470 892 propriam,
1489 826 1525 880 ad
1544 843 1676 895 personas
1696 826 1725 880 in
1746 844 1788 882 ec-

82 908 136 962 bus
155 907 316 979 adiaphoris
337 914 365 961 et
384 906 491 975 mediis,
509 926 580 976 qaas
594 914 863 978 proptereaveteres
877 909 923 962 de·
950 908 1113 963 clesiasticis
1139 909 1237 965 officiis
1263 911 1427 966 constitutas
1446 914 1639 982 pertinentem,
1661 931 1732 983 quas
1752 914 1788 968 ob

84 1003 162 1057 creta
187 995 286 1064 petius
311 1002 336 1046 et
360 992 480 1053 κανόνας
497 994 645 1063 appellare
661 995 821 1048 malcerent
841 1012 925 1064 quam
950 994 979 1047 id
1004 1002 1121 1049 vocatur
1146 995 1289 1051 clericalis.
1328 996 1374 1050 Ad
1397 997 1469 1051 hanc
1494 1004 1659 1068 potestatem
1675 999 1787 1070 jurisdi-

85 1081 205 1154 νόμους,
229 1087 262 1135 ut
287 1080 384 1135 scribit
405 1080 532 1136 Socrates
552 1081 568 1134 l.
588 1085 612 1134 3.
633 1097 656 1136 c.
676 1087 699 1136 6.
720 1086 748 1135 et
767 1081 785 1135 l.
803 1087 826 1135 6.
841 1097 865 1134 c.
883 1087 923 1136 36.
950 1080 1049 1136 ctionis
1079 1082 1164 1137 etiam
1187 1082 1308 1152 pertinet
1334 1085 1477 1136 ordinatio
1502 1086 1709 1154 ministrorum,
1737 1103 1788 1156 per

83 1170 118 1222 de
144 1167 256 1223 actibus
277 1172 370 1222 autem
393 1167 555 1223 necessariis
583 1172 611 1221 et
637 1167 674 1221 ad
693 1167 841 1222 essentiam
859 1166 923 1222 fidei
952 1184 1034 1237 quarn
1055 1168 1237 1224 ministerium
1259 1170 1466 1225 commendatur
1479 1170 1608 1226 fidelibus
1621 1173 1787 1238 hominibus,

82 1253 289 1325 pertinentibus
312 1271 436 1309 normam
456 1260 484 1307 et
501 1254 578 1325 leges
596 1254 683 1309 veluti
701 1253 923 1308 fundamentales
936 1273 937 1276 ¹
952 1259 981 1309 et
1000 1273 1120 1308 cernere
1139 1275 1261 1325 rnorem,
1284 1273 1333 1326 per
1353 1274 1436 1327 quam
1455 1258 1483 1311 in
1501 1257 1592 1313 officio
1611 1261 1787 1315 eontinentur

83 1342 163 1411 regni
183 1339 288 1394 Christi
309 1340 413 1393 nullam
431 1339 642 1408 condemnandi,
661 1341 710 1395 sed
728 1346 837 1395 tantum
852 1340 923 1409 judi·
952 1340 1099 1396 auditores.

83 1427 166 1482 candi
188 1432 357 1497 potestatem
376 1424 468 1489 habet,
488 1443 605 1498 eamque
625 1428 714 1529 ipsam
732 1445 787 1481 non
804 1427 857 1480 nisi
877 1428 923 1482 de·
987 1431 1043 1480 195
1080 1427 1224 1490 Quomodo
1249 1428 1387 1495 lepitimua
1414 1429 1617 1481 ecclesiasticae
1636 1430 1720 1498 liujus
1734 1449 1786 1500 po·
1800 1424 1909 1514 {⁰²¹⁸”f'

82 1515 221 1585 legatam,
248 1511 454 1566 ministerialem
474 1514 534 1568 et‘
522 1512 727 1587 ερμηιιυτικήν
736 1515 768 1548 ⁴*
804 1512 923 1578 Quidam
951 1514 1058 1566 testatis
1077 1532 1144 1566 neus
1163 1519 1338 1582 comparatus
1354 1530 1414 1568 esse
1426 1514 1535 1578 debeat
1555 1531 1588 1569 ex
1602 1516 1786 1587 descriptione
1798 1485 1916 1568 sdffizn

83 1605 252 1670 potestatem
281 1598 385 1652 ordinis
409 1599 667 1670 subdistinguunt
661 1619 689 1654 m
715 1600 785 1654 duas
807 1599 922 1669 species,
951 1598 1035 1652 officii
1054 1598 1249 1654 ecclesiasticis
1266 1599 1390 1668 personis
1408 1599 1784 1658 incumbentisinferiustra·
1797 1579 1920 1670 mm

81 1685 241 1742 videlicet
232 1705 263 1740 ιιι
280 1683 460 1758 δογμαιικήν,
486 1704 558 1757 quae
578 1692 619 1742 est
638 1686 757 1741 facultas
791 1686 924 1742 ecclesiae
950 1685 1042 1740 denda
1065 1685 1118 1740 erit
1140 1685 1334 1755 conspicuum,
1359 1685 1488 1740 hocloco
1507 1693 1604 1740 contra
1625 1688 1784 1745 Pontificius
1798 1681 1913 1783 quim,

82 1775 156 1828 cirea
182 1772 338 1828 doctrinam
356 1778 385 1827 et
402 1772 467 1828 fidei
487 1773 632 1843 dogmata,
654 1772 784 1826 videlicet
800 1778 923 1843 potestas
950 1771 1211 1839 demonstrandum,
1237 1776 1405 1842 potestatem
1433 1771 1647 1827 ecclesiasticam
1680 1780 1701 1830 1.
1729 1794 1785 1829 non
1935 1755 1941 1775 ¹

83 1859 262 1915 custodiendi
280 1859 437 1929 Scripturas
455 1859 543 1913 instar
559 1858 728 1924 tabellionis,
746 1877 793 1915 cas
807 1858 924 1931 diligen·
950 1874 1008 1910 esre
1025 1858 1200 1911 dominatum
1219 1861 1358 1927 puericiam
1373 1859 1539 1929 poliacum,-
1565 1865 1588 1914 2.
1608 1877 1656 1913 nec
1675 1863 1785 1916 adsola-
1870 1825 1890 1871 ο

83 1954 123 2002 ter
142 1945 265 2017 legendi,
285 1945 438 2000 secundum
452 1945 610 2016 Scripturas
628 1946 663 1999 de
683 1944 861 2017 dogmatibus
877 1946 922 2014 ju·
949 1950 1006 1996 tam
1033 1943 1215 1998 dictatoriam
1238 1952 1263 1997 et
1283 1942 1522 2012 ἀὐτοκρατορικὴν
1545 1948 1689 2012 pacandam
1708 1956 1785 2019 pote·

84 2032 205 2095 dicandi,
224 2031 361 2104 genuinas
387 2039 415 2086 et
433 2049 580 2103 germanas
599 2032 750 2102 scripturas
768 2048 786 2085 a
800 2029 878 2084 salsis
896 2036 923 2084 et
948 2036 1055 2083 etatem.
1117 2029 1199 2083 Prius
1242 2029 1462 2095 demonstramus
1506 2030 1559 2084 hoc
1589 2031 1786 2089 fundamento:

84 2118 249 2174 adulterinis
268 2119 355 2172 instar
373 2118 491 2172 vindicis
509 2118 698 2184 discernendi,
717 2117 872 2170 doctrinam
890 2134 922 2171 ex
950 2115 1138 2186 Quaecunque
1156 2120 1308 2186 potestates
1328 2117 1403 2169 Deus
1423 2116 1483 2185 ipse
1503 2116 1648 2171 distinctas
1664 2135 1724 2173 esse
1738 2136 1785 2174 vo·

85 2205 236 2275 Scripturis
265 2204 439 2276 approbandi
462 2221 495 2258 ac
522 2204 622 2257 falsam
646 2202 799 2257 doctrinam
824 2203 922 2272 impro-
950 2202 1017 2271 luit,
1045 2219 1094 2257 eae
1120 2220 1175 2256 non
1198 2207 1264 2256 sunt
1281 2202 1398 2256 invicem
1419 2202 1637 2259 commiscendae
1658 2206 1702 2259 vel
1721 2222 1784 2260 con·
1797 2211 1855 2252 ¹¹11·
1870 2210 1900 2252 ll·

86 2293 183 2355 bundi;
212 2297 241 2345 et
263 2289 439 2356 corrosuris
465 2308 512 2345 seu
540 2290 760 2356 constitutivam,
790 2294 924 2359 quaeest
949 2287 1116 2344 fundendae.
1138 2288 1193 2342 Sed
1203 2289 1420 2343 ecclesiasticam
1431 2294 1459 2341 et
1467 2288 1608 2358 politicam
1618 2296 1784 2360 potestatem

85 2383 207 2449 potestas
226 2377 359 2432 ecclcsiae
378 2377 406 2430 in
425 2377 508 2430 rebus
527 2375 646 2431 externis
659 2382 688 2429 et
699 2374 923 2429 indifferentibus
950 2375 1026 2429 Deus
1046 2375 1106 2445 ipse
1125 2374 1284 2430 distinctam
1304 2392 1363 2429 esse
1378 2375 1473 2428 voluit.
1504 2375 1579 2446 Ergo
1591 2383 1642 2430 etc.
1672 2377 1786 2432 Assum-
1845 2382 1848 2387 “

85 2482 205 2519 canones
232 2481 265 2518 ac
291 2465 401 2534 regulas
427 2463 464 2516 ad
491 2463 613 2516 ordinem
634 2467 663 2515 et
683 2462 825 2528 decorum,
857 2461 923 2516 item
949 2466 1008 2515 tum
1033 2462 1116 2516 variis
1139 2462 1228 2516 modis
1253 2463 1435 2517 demonstrari
1454 2467 1558 2531 potest,
1587 2464 1636 2517 scd
1654 2463 1706 2519 hoc
1725 2465 1786 2519 loco

86 2559 172 2605 certos
199 2551 268 2604 ritus
291 2549 477 2605 constituendi
504 2565 538 2602 ac
561 2548 596 2601 ad
621 2547 769 2602 fovendum
790 2546 923 2601 ecclesiae
950 2549 1072 2604 conteuti
1106 2549 1207 2604 erimus
1243 2535 1447 2603 distinctionem
1475 2550 1619 2620 utriusque
1640 2551 1786 2620 potestatis

87 2638 271 2693 membrorum
301 2637 330 2690 in
354 2643 467 2690 externo
485 2634 563 2688 cultu
582 2650 746 2688 consensum
764 2631 922 2687 stabiliendi
949 2636 977 2688 in
997 2635 1199 2706 quadripartito
1219 2651 1322 2705 genere
1339 2653 1485 2689 causarum
1497 2637 1650 2692 ostendere.
1679 2637 1785 2691 Distin-

86 2725 127 2778 rel
152 2723 237 2778 etiarn
257 2722 428 2792 abrogandi,
454 2727 538 2791 prout
556 2719 688 2775 ecclesiae
709 2719 860 2774 necessitas
878 2719 922 2772 vel
948 2727 1073 2791 guantur
1099 2721 1163 2775 illae
1182 2721 1271 2791 primo
1289 2740 1376 2774 corae
1394 2720 1527 2795 ὀργανικῇ
1545 2723 1602 2774 sice
1619 2723 1785 2776 instrumen-

86 2810 189 2864 utilitas
208 2808 339 2880 postulat
375 2807 430 2862 Sed
450 2807 501 2861 hae
519 2811 670 2877 potestates
685 2806 721 2859 ad
735 2805 920 2859 totameccle-
948 2807 1008 2861 tali.
1051 2807 1179 2861 Potestas
1213 2807 1401 2862 ecclesiastica
1427 2808 1514 2861 utitur
1538 2808 1633 2878 gladio
1659 2807 1785 2878 Spiritus,

86 2899 153 2952 siam
174 2896 331 2967 pertinent,
349 2912 405 2948 non
424 2899 515 2948 autem
536 2893 713 2947 ecclesiastici
734 2891 839 2946 ordinis
858 2899 922 2946 suut
948 2892 1078 2947 videlicet
1096 2893 1189 2962 verbo,
1207 2893 1308 2963 Ephes.
1328 2899 1351 2961 6,
1373 2910 1397 2947 v.
1422 2899 1460 2947 lt.
1485 2910 1519 2947 ac
1535 2894 1614 2948 clave
1634 2894 1738 2965 ligante
1757 2902 1787 2949 et

86 2983 220 3055 propriae,
240 2980 367 3052 quamvis
386 2980 487 3051 primas
506 2996 539 3034 ac
557 2979 722 3050 praecipuas
741 2979 815 3033 illius
827 2984 922 3050 partes
947 2980 1080 3048 solvente,
1099 2979 1197 3033 lllattb.
1221 2986 1260 3048 16,
1278 2997 1304 3032 v.
1327 2986 1365 3035 19.
1384 2988 1436 3034 etc.
1454 2997 1631 3051 nequaquam
1648 2998 1713 3036 vero
1725 2983 1785 3053 gla-

86 3069 238 3126 miuisterio
257 3067 446 3123 ecclesiastico
464 3071 620 3137 competere
632 3065 714 3120 facile
727 3067 920 3121 concedamus.
947 3065 993 3119 dio
1022 3066 1171 3136 corporali,
1208 3083 1262 3136 quo
1290 3071 1415 3135 potestas
1441 3065 1557 3134 politica
1584 3067 1716 3122 divinitus
1742 3073 1786 3123 est

10 3177 64 3228 tastu
121 3164 178 3213 tat.
215 3157 345 3210 Potestas
354 3154 574 3223 jurisdictionis,
587 3170 670 3224 quam
680 3158 781 3207 vocant
792 3152 921 3227 κριτικήν,
947 3160 1067 3216 armata,
1096 3152 1166 3207 Gen.
1192 3159 1223 3216 9,
1248 3170 1275 3207 v.
1296 3159 1320 3207 6.
1349 3152 1428 3206 ltom.
1459 3158 1505 3220 13,
1532 3170 1558 3209 v.
1578 3159 1602 3209 t.
1638 3161 1659 3209 1.
1678 3153 1739 3208 Pet.
1759 3160 1784 3222 2,

10 3234 74 3315 zm„
87 3245 113 3297 in
130 3262 182 3297 usu
202 3242 322 3296 clavium
339 3238 472 3296 consistit.
502 3239 554 3294 Est
570 3246 663 3293 autem
683 3237 783 3309 duplex
802 3238 920 3293 clavium
946 3256 971 3294 v.
1005 3246 1043 3296 tt.
1077 3245 1129 3294 etc.
1174 3245 1197 3294 2.
1227 3239 1357 3291 Materia
1386 3240 1464 3291 cirea
1488 3257 1571 3307 poam
1592 3258 1640 3294 reu
1667 3242 1783 3309 objecto.

87 3336 217 3400 potestas,
236 3329 345 3382 solvens
358 3335 384 3379 et
397 3327 499 3394 ligans,
516 3325 614 3380 Matth.
631 3331 670 3393 16,
688 3343 714 3380 v.
729 3330 768 3378 19.
798 3324 864 3378 Joh.
879 3332 920 3393 20,
949 3325 1076 3380 Potestas
1099 3325 1289 3380 ecclesiastica
1309 3331 1461 3395 occupatur
1481 3325 1510 3379 iu
1530 3325 1613 3380 rebus
1632 3327 1783 3396 spirituali-

86 3436 109 3471 v.
136 3423 177 3472 23.
215 3414 348 3479 Quamvis
371 3412 444 3466 enim
466 3429 552 3465 uuum
576 3412 613 3466 sit
632 3410 709 3464 verbi
730 3410 920 3475 ministerium,
946 3411 999 3465 bus
1017 3418 1045 3466 et
1062 3412 1182 3466 aeternis
1201 3411 1370 3466 adsalutem
1389 3411 1611 3481 consequendam
1624 3412 1784 3469 immediate

86 3522 138 3574 quo
163 3509 281 3574 peccata
307 3500 451 3554 solvuntur
477 3503 505 3552 et
533 3497 667 3569 ligantur,
696 3496 813 3566 proinde
837 3498 1151 3569 ctiampspcctantibum
1178 3497 1293 3566 politica
1319 3513 1383 3550 vero
1403 3503 1554 3567 occupatur
1574 3498 1601 3551 iu
1621 3498 1704 3552 rebus
1723 3516 1781 3554 cor·

86 3590 213 3661 generica
230 3586 449 3643 consideratione
467 3601 522 3638 una
542 3584 627 3640 clavis
644 3584 681 3638 ad
699 3583 880 3654 aperiendum
893 3589 921 3638 et
945 3585 1086 3654 poralibus
1105 3590 1133 3638 et
1153 3584 1285 3649 externis,
1312 3584 1341 3636 in
1361 3584 1553 3638 conservanda
1571 3600 1641 3652 pace
1661 3589 1689 3639 et
1706 3591 1781 3640 ιιιιι-

87 3676 270 3730 claudendum
291 3691 405 3745 reguum
424 3672 561 3726 coelorum
581 3671 692 3739 effica13
713 3675 806 3724 tamen
818 3687 868 3741 pro
879 3671 917 3724 di·
946 3670 1090 3743 quillitate,
1104 3669 1781 3733 indefendendissubditorumfacultatibus,fama

87 3763 212 3818 versitate
238 3759 422 3830 objectorum,
445 3759 597 3812 mediorum
621 3764 649 3810 et
676 3757 836 3812 effectorum
863 3774 919 3811 una
946 3766 974 3812 ct
993 3757 1169 3827 corporibus,
1187 3757 1216 3810 in
1235 3756 1474 3811 administratione
1494 3756 1582 3811 civilis
1596 3757 1733 3826 justitiae,
1751 3757 1779 3811 in

88 3849 169 3903 clavis
200 3846 304 3901 dieitur
333 3846 456 3908 solvens,
483 3860 539 3915 qua
562 3844 735 3913 poenitentes
757 3861 775 3896 a
797 3844 918 3914 peccatis
946 3844 1128 3915 gubernanda
1147 3842 1294 3913 disciplina
1312 3851 1425 3897 externa
1445 3848 1496 3897 etc.
1525 3844 1562 3896 ad
1581 3842 1699 3897 salutem
1716 3860 1779 3898 con·

88 3936 266 3990 absolvuntur
293 3939 320 3987 et
345 3931 452 3986 coelum
476 3929 532 3983 illis
549 3929 688 4001 aperitur3
712 3930 800 3984 altera
818 3931 918 3997 ligans,
930 3932 933 3941 “
945 3928 1115 4000 sequendam
1124 3928 1257 3982 indirecte
1266 3945 1299 3982 ac
1309 3929 1428 3983 mediate
1435 3929 1634 3999 spectantibus,
1650 3929 1745 3983 l.Tim.
1754 3934 1778 3997 2,

89 4040 138 4093 qua
165 4018 411 4091 impoenitentibus
438 4022 555 4088 peccata
580 4016 733 4071 retinentur
759 4023 786 4070 et
811 4016 918 4071 coelum
944 4033 971 4073 v.
991 4021 1015 4070 2·
1056 4021 1079 4069 3.
1100 4016 1213 4070 Forma.
1245 4015 1442 4068 Ecclesiastico
1454 4021 1576 4082 potestas
1589 4020 1630 4068 est
1642 4014 1779 4068 ministra·

88 4108 137 4162 illis
155 4106 303 4162 clauditur.
346 4104 399 4158 llla
415 4110 530 4157 vocatur
548 4102 702 4164 absolutio,
723 4102 792 4157 haec
812 4120 917 4156 ercom—
943 4100 1016 4156 toria
1039 4101 1076 4154 ad
1098 4101 1300 4170 praescriptum
1324 4101 1417 4171 legum
1440 4101 1596 4154 divinarum
1616 4101 1779 4170 simpliciter

89 4195 243 4247 munientia.
278 4192 404 4262 Utraque
423 4187 467 4244 vel
488 4188 610 4261 publice,
630 4189 674 4243 vcl
694 4188 823 4258 privatim
843 4206 917 4243 exer·
944 4187 1085 4256 restricta,
1106 4186 1218 4257 politica
1238 4194 1280 4240 est
1296 4186 1443 4255 praetoria,
1466 4203 1537 4256 quae
1555 4186 1641 4240 habet
1657 4193 1778 4256 potesta-

88 4289 167 4336 cetnr.
203 4277 352 4332 Absolutio
375 4275 489 4347 publica
508 4280 558 4339 est,
578 4273 689 4344 quando
707 4274 835 4331 omnibus
853 4292 917 4329 vere
944 4281 1001 4329 tem
1021 4273 1197 4328 ferendarum
1215 4273 1308 4343 legum
1326 4273 1509 4342 politicarum.
1544 4272 1598 4326 Illa
1609 4277 1720 4326 coercet
1731 4273 1777 4329 de·

89 4364 288 4436 poenitentibus
310 4382 343 4419 ex
361 4362 505 4433 evangelio
525 4360 707 4415 annuntiatur
718 4360 842 4413 remissio
854 4379 916 4432 pec·
943 4360 1099 4431 linquentes
1127 4360 1226 4426 verbo,
1255 4360 1323 4414 haec
1346 4376 1436 4429 poena
1458 4358 1593 4428 corporali
1621 4364 1649 4411 et
1673 4359 1776 4429 gladio.

89 4460 206 4507 catorum
222 4455 336 4522 propter
347 4448 502 4517 Christum3
523 4445 968 4517 privata,quandoinspecie,1l.
997 4447 1076 4499 Fine.
1112 4445 1322 4499 Ecclesiasticae
1347 4444 1491 4514 potestatis
1517 4443 1579 4497 finis
1605 4450 1646 4498 est
1666 4444 1778 4513 justitia

88 4539 165 4594 alicui
190 4536 342 4609 poenitenti
368 4540 485 4606 peccata
504 4531 688 4587 remittuntur.
724 4530 917 4587 Excommuni·
944 4532 1108 4604 spiritualis,
1137 4548 1190 4601 pax
1209 4530 1439 4585 conscientiarum
1465 4537 1491 4585 et
1514 4531 1590 4584 salus
1609 4531 1776 4600 animarum

88 4626 154 4681 catio
179 4623 294 4696 publica
320 4629 374 4685 est,
400 4620 511 4692 quando
529 4619 656 4674 omnibus
674 4618 916 4689 impoenitentibus
944 4618 1073 4689 politicae
1089 4633 1154 4671 vero
1169 4616 1281 4687 justitia
1301 4617 1396 4683 civilis,
1413 4633 1466 4686 pax
1476 4617 1558 4686 hujus
1573 4616 1645 4670 vitae
1660 4623 1688 4670 et
1700 4618 1776 4671 salus

89 4720 114 4765 et
132 4709 281 4766 incredulis
300 4726 333 4764 ex
353 4707 414 4779 lege
432 4706 612 4761 annuntiatur
632 4705 673 4760 ira
685 4703 739 4759 Dei
759 4712 787 4759 et
804 4711 916 4760 aeterna
942 4703 1119 4775 reipublicae.
1160 4704 1229 4757 &tm
1252 4704 1297 4756 lea
1316 4703 1476 4771 eoonpelice
1500 4700 1608 4766 (scribit
1629 4708 1725 4756 auctor
1743 4703 1775 4756 li·

89 4798 239 4866 damnatio,
259 4796 375 4868 privata,
387 4795 499 4865 quando
512 4793 541 4847 in
556 4793 648 4863 specie
662 4791 746 4846 alicui
761 4791 916 4862 praefracte
942 4790 1008 4844 belli
1032 4791 1067 4843 de
1092 4789 1192 4846 eccles.
1218 4795 1247 4844 ct
1266 4789 1380 4859 politica
1399 4793 1534 4857 potestate
1553 4788 1682 4842 Francos.
1703 4807 1776 4845 anno

88 4884 233 4939 facinoroso
253 4889 428 4953 peccatorum
447 4880 566 4935 retentio
582 4878 767 4933 denuntiatur.
796 4878 914 4932 Ratione
943 4881 1017 4932 1612.
1043 4875 1108 4931 edit.
1138 4895 1165 4947 p.
1187 4877 1241 4945 13.)
1264 4875 1348 4928 ericam
1375 4883 1518 4927 aeternam
1536 4892 1592 4943 pro
1610 4877 1670 4943 fine
1691 4883 1775 4944 atque

88 4971 216 5040 graduum
249 4970 349 5040 duplex
378 4967 510 5022 statuitur
536 4964 794 5027 excommunicatio,
826 4964 914 5017 minor
940 4965 1064 5016 animem
1086 4963 1237 5019 humanam
1259 4979 1316 5030 pro
1341 4961 1461 5013 materie
1483 4968 1508 5012 et
1532 4961 1654 5028 subiecto
1682 4962 1774 5013 nativo

89 5058 187 5111 scilicet
212 5063 240 5110 et
264 5057 361 5127 major.
399 5054 451 5107 llla
477 5058 519 5107 eat
542 5051 664 5106 exclusio
688 5053 746 5104 sive
772 5051 914 5121 suspensio
939 5051 1053 5112 habeat,
1080 5057 1140 5102 tota
1159 5049 1292 5118 occupari
1309 5048 1388 5099 debet
1405 5046 1434 5098 in
1454 5046 1571 5099 internis
1589 5047 1773 5100 conscientiae

89 5143 191 5196 abusu
219 5132 322 5197 coenae
341 5139 517 5205 Dominicae;
544 5138 613 5192 baec
633 5155 648 5192 a
667 5136 914 5191 communicatione
940 5137 1057 5191 motibrss
1086 5136 1257 5203 dirigendis,
1288 5133 1400 5186 minime
1426 5149 1490 5185 sero
1516 5134 1545 5185 in
1568 5151 1653 5186 mann
1675 5141 1724 5185 ant
1746 5133 1776 5185 oi

88 5230 211 5285 ccclesiae
232 5228 342 5299 ejectio;
369 5227 417 5281 illa
435 5232 548 5279 vocatur
565 5229 737 5293 καθαίρεσις,
763 5223 832 5279 baec
848 5239 913 5276 vcro
940 5231 1053 5277 erinna
1077 5221 1246 5286 cohibenda,
1272 5236 1306 5271 ae
1329 5219 1452 5287 proinde
1475 5219 1589 5286 judicat
1613 5220 1649 5270 de
1673 5219 1773 5270 mediis

88 5314 244 5390 ἀμορισμός.
277 5313 323 5368 Ad
340 5312 415 5367 hunc
436 5318 585 5368 extremum
604 5312 805 5366 ecclesiastieae
819 5327 913 5365 censu·
926 5264 1107 5409 ssnecessariis
1132 5311 1173 5362 ad
1190 5306 1392 5360 beatdudinem
1411 5306 1593 5371 conformiter
1613 5306 1653 5357 aei
1671 5322 1773 5358 coisses

88 5420 128 5456 rae
149 5403 267 5476 gradem
295 5417 350 5454 non
381 5405 423 5452 est
449 5405 550 5454 temere
576 5399 633 5451 sino
656 5397 733 5467 gravi
753 5397 866 5451 consilio
886 5401 913 5452 et
926 5398 1101 5493 leverrentr'elee
1118 5394 1282 5466 spirituales
1300 5393 1446 5460 relipronis
1468 5393 1658 5460 Christianae,
1683 5392 1774 5446 idest

88 5489 139 5545 sine
168 5486 301 5545 ecelesiae
329 5491 358 5540 et
382 5485 531 5556 praecipue
558 5481 707 5538 Christiani
735 5456 1051 5556 magistratuslsuosive
1072 5492 1178 5537 tantum
1198 5491 1222 5537 et
1241 5479 1373 5534 directim
1388 5497 1442 5550 per
1459 5480 1536 5533 verti
1554 5478 1644 5532 diuini
1653 5480 1773 5550 praedi·

1372 5581 1413 5638 90
