4020 6014
157 240 163 248 ·
211 218 249 277 20
772 210 910 268 ‘Locus
930 207 1134 267 uouemus
1154 207 1317 265 TERTIUS

210 371 279 436 gata
295 365 385 420 veruo
403 366 569 436 generaliter
593 365 717 420 reddidit
739 366 830 433 prinu
847 365 876 417 in
894 363 1044 429 fratibus,
1072 360 1125 416 bus
1143 368 1262 434 negatur
1276 345 1340 415 'esse
1355 361 1415 430 lux,
1444 359 1507 416 Joh.
1530 367 1558 426 l,
1587 377 1613 414 v.
1636 366 1661 416 8.
1686 359 1736 415 sed
1760 361 1826 430 qnia
1843 367 1911 414 sunt

211 452 259 506 scd
274 451 396 505 ostendit
407 453 541 506 Actorum
557 452 682 519 historia,
695 450 845 505 ministerio
857 450 1044 505 ecclesiastico
1072 448 1168 519 λύχνοι
1181 449 1327 514 καιόμενοι
1340 453 1385 502 καὶ
1399 454 1555 519 φαίνοντες,
1572 449 1707 500 lucernae
1727 448 1861 500 ardentes
1883 456 1910 498 et

210 538 285 607 ipsos
304 535 388 591 fnisse
406 537 525 607 functos,
544 537 723 607 subjungitur
742 536 814 591 enim
834 553 859 591 v.
879 541 924 591 32:
949 536 1045 589 ruam
1071 537 1202 603 lucentes,
1220 534 1283 589 Joh.
1304 541 1328 601 t,
1346 552 1371 586 v.
1393 540 1433 587 35.
1454 541 1518 586 sunt
1535 532 1683 587 luminaria
1703 532 1859 586 illuminata
1883 542 1912 585 et

211 633 302 676 oseem
320 631 346 675 et
368 624 460 686 Silas,
486 642 547 676 11111
568 624 625 692 ipsi
648 639 753 691 quoqne
779 632 866 674 essent
880 622 1046 690 prophetae,
1071 621 1268 688 illuminantia,
1293 638 1310 676 a
1335 627 1447 674 verast
1466 620 1605 675 essentiali
1624 619 1861 674 luccilluminata
1881 625 1911 672 et

129 751 133 758 .
211 709 301 762 cerdis
322 710 455 777 plurimis
481 708 620 761 consolati
641 716 703 759 crint
726 708 844 771 fratres.
888 706 973 761 Hebr.
1005 710 1044 773 13,
1072 724 1202 776 accensa,
1229 715 1260 761 ut
1275 707 1364 760 lucem
1386 706 1528 760 doctrinae
1552 711 1686 776 spargant
1702 721 1791 776 eaque
1810 705 1908 758 mnndi

212 812 236 845 v.
258 801 284 846 t:
307 793 493 866 μνημονείετε
518 795 573 846 τῶν
594 793 773 864 ἡγουμένων,
797 792 844 847 ubi
869 793 962 846 statim
981 790 1043 844 sub·
1072 792 1203 848 tenebras
1222 793 1389 861 illuminent,
1407 792 1474 863 quin
1495 798 1523 846 et
1541 792 1601 846 vita
1618 808 1651 846 ac
1669 790 1793 845 moribus
1813 791 1909 845 lucere

208 879 303 947 jicitur
317 879 449 949 ἐξήγησις,
464 895 597 948 quosnam
610 878 662 932 hoc
674 878 784 932 nominc
800 877 865 930 velit
879 877 1043 943 intellectos,
1072 878 1182 947 debent,
1200 878 1298 932 Mattb.
1318 887 1341 945 5,
1359 896 1384 934 v.
1406 884 1444 934 16.
1484 878 1556 932 Phil.
1576 884 1599 946 2,
1618 896 1642 934 v.
1664 885 1703 934 15.
1735 876 1857 930 Rabbini
1878 878 1908 929 in

212 966 261 1034 pai
273 965 360 1019 locuti
372 966 523 1019 suntoobis
536 964 713 1019 cerdumDsi.
730 980 755 1018 v.
776 967 819 1016 l't:
838 969 970 1016 πείθεσθε
989 968 1046 1022 τοῖς
1071 982 1171 1036 genere
1198 965 1336 1034 sapientes
1360 972 1459 1017 vocant
1481 948 1572 1036 0¹33?
1595 954 1661 1024 1111,
1686 964 1787 1016 mandi
1810 963 1910 1022 lucem,

213 1050 377 1123 ἡγουμένοις
396 1050 489 1119 ὑμῶν,
513 1049 561 1103 nbi
578 1050 673 1105 itidem
692 1048 871 1119 subjungitur
888 1048 1043 1118 explicatio,
1072 1050 1146 1104 unde
1172 1053 1201 1104 in
1226 1051 1244 1104 l.
1272 1050 1363 1104 select.
1389 1068 1460 1121 gem.
1487 1052 1516 1103 in
1535 1067 1558 1104 c.
1583 1050 1618 1104 de
1635 1048 1772 1118 sapientia
1790 1048 1908 1102 dicunt:

213 1136 270 1205 apsi
292 1139 362 1189 enim
388 1137 505 1202 cipitcnt
536 1154 594 1205 pro
627 1135 774 1188 animabus
806 1134 917 1200 cestris,
951 1141 1045 1203 utpote
1073 1137 1220 1206 Sapientes
1245 1138 1274 1189 in
1300 1146 1376 1190 terra
1399 1145 1462 1189 sunt
1482 1139 1559 1204 gttod
1583 1137 1737 1189 luminario
1765 1136 1792 1187 in
1819 1136 1910 1199 coelo,

213 1222 349 1274 rationem
367 1221 518 1275 reddituri.
538 1239 561 1274 v.
580 1227 627 1274 ut:
660 1220 901 1273 811111111111111
920 1236 1043 1287 praepo·
1071 1241 1135 1275 riam
1153 1221 1314 1275 illuminant
1333 1224 1466 1274 mundum
1484 1230 1509 1275 et
1524 1221 1637 1289 pellunt
1657 1222 1785 1274 tenebrae
1804 1238 1911 1273 emam.

212 1307 280 1360 citos·
309 1316 423 1362 vestros.
474 1306 614 1360 Dicuntur
641 1310 734 1359 autem
764 1304 880 1359 ministri
912 1304 1045 1360 ecclesiae
1071 1307 1194 1361 Hilarius
1213 1307 1240 1360 in
1260 1306 1286 1363 h.
1307 1307 1323 1360 l.
1343 1305 1457 1361 Marcu:
1478 1306 1606 1359 Mundus
1625 1315 1704 1360 estro
1724 1306 1911 1373 contuitionem

213 1392 376 1463 ἡγούμενοι,
402 1410 457 1447 non
477 1392 553 1461 quod
570 1391 715 1460 politicum
735 1390 856 1462 aliquem
873 1390 1044 1445 dominatum
1072 1394 1131 1447 Dei
1144 1395 1254 1460 positas
1269 1394 1403 1447 obscurus
1416 1392 1575 1445 tenebatur
1590 1392 1910 1458 ipnorcntiaetencbris,

212 1480 240 1531 in
279 1479 422 1533 ecclesiam
456 1493 584 1532 exercere
614 1476 746 1545 debeant,
778 1476 945 1530 contrarium
973 1474 1046 1530 enlm
1071 1481 1117 1532 cai
1129 1497 1184 1548 per
1201 1481 1345 1548 apostolos
1365 1479 1498 1531 scierstiae
1523 1479 1614 1532 lumen
1635 1478 1774 1531 inoeltitur
1799 1487 1823 1529 et
1846 1495 1912 1545 cop·

212 1565 375 1635 praescribit
391 1565 430 1618 eis
449 1564 574 1618 Christus
593 1563 661 1616 Luc.
683 1569 728 1627 22,
755 1580 780 1616 v.
795 1568 835 1617 25.
862 1561 911 1617 sed
940 1569 960 1617 1.
981 1562 1047 1631 quia
1072 1566 1142 1618 nitio
1163 1565 1223 1618 Dei
1246 1565 1348 1633 claret,
1378 1573 1403 1617 ct
1427 1567 1463 1618 de
1483 1565 1583 1634 porois
1606 1581 1701 1618 eorum
1725 1565 1912 1633 corpusculis,

211 1647 1046 1716 110111111111111111111011111111111111111,1.Τί111.1,
1074 1667 1233 1720 pacemque
1265 1652 1445 1712 incesserint,
1480 1650 1528 1702 lue
1562 1651 1682 1703 tenebris
1720 1650 1910 1702 sninistratnr.

212 1756 237 1791 v.
253 1743 296 1793 12:
318 1738 389 1790 Esto
401 1745 484 1805 typus
501 1736 628 1800 fidetirtm
641 1736 669 1787 in
681 1736 770 1798 cerdo,
785 1735 816 1788 in
830 1735 1046 1802 conversatione,
1073 1737 1201 1803 Quidam,
1219 1737 1290 1791 inter
1304 1754 1374 1809 quos
1385 1734 1623 1807 Theophylactus,
1636 1735 1719 1791 ctiam
1733 1734 1789 1789 hnc
1802 1750 1912 1788 accom-

214 1825 243 1876 t'n
261 1823 393 1891 caritate,
420 1824 449 1873 in
473 1823 545 1888 tide,
574 1822 601 1872 in
631 1821 766 1872 castitate.
810 1821 891 1872 Hanc
915 1819 1047 1873 rationem
1074 1823 1189 1877 modant
1203 1822 1289 1878 verba
1303 1823 1461 1894 sequentia:
1479 1824 1647 1891 Nonpotsst
1660 1822 1760 1875 cicitm
1774 1821 1914 1873 abscondi

212 1908 407 1978 appellationis
420 1905 530 1959 videtur
542 1905 750 1959 subministrare
764 1905 843 1974 epist.
858 1904 894 1957 ad
907 1904 1048 1960 Hebraeos
1074 1926 1163 1977 snpra
1189 1917 1307 1961 montem
1328 1908 1439 1977 posita,
1464 1924 1513 1960 nec
1538 1909 1693 1960 accendant
1717 1906 1861 1960 lucanam
1886 1915 1912 1958 et

212 2012 235 2048 1.
257 1999 302 2062 13,
330 2011 355 2048 v.
377 1999 405 2047 l:
432 1994 600 2045 Mementote
620 1990 798 2063 ἡγουμένων,
820 1991 1048 2059 praepositorum
1070 2003 1180 2063 ponunt
1199 2011 1260 2046 cam
1278 1995 1328 2046 sub
1347 1994 1456 2061 mortio,
1474 1995 1527 2046 sest
1543 2010 1629 2060 super
1649 1992 1862 2059 condelabrum,
1880 2001 1913 2044 ot

212 2088 382 2145 nestrorum,
406 2095 523 2146 quorum
548 2077 685 2128 intuentes
710 2077 930 2129 contreetationis
948 2076 1048 2129 epitom
1074 2080 1165 2132 laceat
1183 2080 1324 2147 omuibus,
1350 2081 1400 2148 qni
1415 2087 1478 2131 suist
1498 2080 1528 2131 in
1547 2081 1638 2131 dorna
1674 2077 1798 2132 Isidorus
1815 2076 1912 2132 Palus.

214 2165 359 2219 imitemini
369 2166 460 2227 fidem.
490 2169 513 2218 2.
526 2162 592 2232 quia
607 2161 684 2216 Deus
698 2162 771 2232 ipsos
791 2160 903 2222 πισιοὺς
920 2162 1049 2232 ἡγήσατο,
1072 2165 1120 2220 lib.
1144 2173 1163 2219 1.
1183 2165 1262 2234 epist.
1280 2171 1321 2220 32.
1340 2184 1366 2236 p.
1383 2171 1413 2220 8:
1434 2168 1514 2218 Deus
1529 2165 1681 2231 lucernam,
1696 2164 1748 2217 troc
1760 2171 1799 2216 est
1817 2179 1913 2216 sacm-

214 2250 316 2321 quibus
336 2250 413 2304 verbi
434 2249 616 2303 ministerium
640 2247 853 2302 commendaret.
893 2253 915 2304 l.
934 2248 1005 2302 Tim
1027 2254 1048 2313 l,
1075 2254 1174 2318 dotem,
1195 2253 1322 2304 accendit
1341 2270 1375 2304 ac
1394 2251 1566 2305 candelabro
1584 2251 1717 2319 imponit,
1735 2250 1786 2303 boo
1804 2257 1844 2303 eet
1865 2268 1913 2302 ca·

215 2354 239 2392 v.
262 2343 305 2392 12:
336 2335 463 2389 Christus
481 2335 592 2398 fidelem
611 2350 654 2386 me
669 2332 809 2400 ittdicaoit
825 2351 932 2403 ponem
952 2335 981 2386 in
999 2335 1048 2386 mi·
1074 2339 1189 2392 titedius
1207 2355 1275 2390 mace
1293 2338 1380 2391 lucem
1404 2337 1525 2401 ferenti,
1550 2337 1595 2400 ric
1619 2336 1718 2389 iuniori
1737 2335 1914 2406 poroqdpoo

214 2424 338 2478 anterio.
376 2428 399 2476 3.
421 2419 486 2491 qnia
512 2418 601 2484 πάσης
620 2422 697 2491 τιμῖς
714 2417 808 2478 ἀξίους
825 2419 899 2489 ipsos
917 2419 1048 2475 debemus
1075 2425 1223 2494 καθέδρας,
1241 2432 1272 2476 ct
1289 2432 1314 2475 et
1330 2422 1682 2491 dapumtnrnetoctionum
1696 2421 1914 2475 1111111111-

217 2511 347 2577 tyriotes
370 2507 480 2563 1.Τ1111.
500 2513 523 2569 5,
541 2524 568 2560 v.
590 2511 628 2560 11.
648 2511 701 2559 etc.
1074 2510 1136 2576 pins
1157 2510 1310 2563 liberarum
1333 2510 1510 2576 splendorem
1530 2507 1662 2560 ecclesiae
1680 2506 1803 2574 sintpetri
1819 2507 1916 2560 instar

252 2599 292 2649 34.
323 2601 345 2648 t.
377 2593 538 2647 Scribarum
564 2607 664 2643 nomen
692 2589 822 2643 tribuitur
849 2590 959 2660 proprie
985 2590 1048 2655 illis,
1075 2598 1185 2664 afferat,
1205 2614 1260 2665 quo
1283 2596 1413 2648 nimirum
1435 2595 1518 2662 plebe
1539 2593 1643 2662 cioifict'
1664 2593 1791 2660 fulgoris
1807 2593 1914 2645 radios

133 2681 158 2755 ’1
216 2679 264 2750 qui
281 2678 365 2732 (livini
383 2677 456 2749 juria
472 2692 540 2746 prae
558 2675 669 2746 reliquis
683 2675 763 2743 periti
776 2681 833 2727 turn
848 2675 875 2727 in
888 2675 1047 2745 synagogis,
1073 2690 1200 2750 spectem
1228 2683 1268 2734 ait
1295 2697 1341 2734 soc
1369 2697 1428 2732 sese
1463 2680 1572 2745 dirigiat
1594 2679 1743 2747 patrisque
1771 2679 1912 2731 lsuninum

214 2773 272 2820 lum
290 2764 318 2817 in
338 2763 442 2834 templo
462 2764 551 2832 legem
570 2760 716 2823 docebant,
734 2759 781 2830 qul
802 2760 865 2814 1010
884 2761 1048 2814 dicebantur
1073 2768 1196 2834 gloriam
1214 2774 1324 2835 spectet.
1362 2765 1463 2821 Sensus
1482 2765 1568 2836 igitur
1587 2770 1645 2832 est,
1662 2771 1691 2818 ct
1708 2764 1864 2818 doctrinam
1882 2773 1913 2817 et

213 2851 332 2918 scribae,
361 2849 426 2919 quia
447 2835 510 2918 'legi
542 2845 741 2901 describendae
775 2852 802 2899 et
827 2845 1048 2915 interpretandae
1072 2852 1157 2906 vitam
1175 2852 1360 2906 ministrorum
1374 2850 1638 2919 esseinconspectu
1655 2850 1777 2903 omnium
1790 2848 1911 2918 positam

213 2937 360 3003 vacabant,
379 2952 495 3005 quorum
513 2933 543 2987 in
563 2932 677 2988 historia
696 2932 856 3002 evangelica
875 2939 902 2987 et
920 2936 1045 2986 actorum
1072 2938 1159 2992 instar
1179 2937 1299 2991 civitatis
1317 2953 1402 3006 supra
1422 2942 1540 2991 montem
1561 2935 1681 3005 positae,
1708 2935 1806 2989 sedulo
1823 2934 1914 3005 igitur

212 3022 315 3094 pllttlm
326 3022 358 3075 fii
369 3021 479 3075 111111110-
510 3018 565 3074 Sed
577 3017 701 3072 Christus
715 3020 915 3086 σ111κδοχ1κῶς
935 3019 1045 3072 nomine
1072 3023 1139 3094 ipsis
1159 3023 1313 3077 cavendum
1326 3037 1394 3089 ease,
1413 3038 1448 3075 ne
1467 3039 1589 3076 errorum
1601 3026 1817 3091 &peecatorum
1831 3026 1912 3074 tene.

213 3108 315 3179 speciei
334 3107 370 3161 ad
392 3122 481 3177 genus
507 3105 639 3158 translato
660 3104 786 3175 quemvis
804 3103 937 3158 ccclesiae
955 3105 1047 3158 docto·
1073 3108 1131 3164 bris
1155 3109 1343 3175 involvantur,
1368 3113 1464 3162 contra
1490 3123 1555 3162 vero
1579 3107 1608 3159 in
1636 3106 1664 3160 id
1692 3106 1912 3161 incumbendum

214 3211 271 3249 rem
289 3201 317 3248 et
334 3191 490 3246 ministrnm
508 3197 589 3245 vocat
606 3189 733 3244 scribam.
771 3188 871 3245 Matth.
895 3196 937 3257 13,
955 3208 979 3243 v.
1000 3196 1047 3245 52:
1073 3195 1140 3267 ipsis
1158 3195 1252 3262 unice,
1278 3200 1310 3248 ut
1327 3192 1486 3248 candelabri
1507 3192 1583 3248 aurei
1603 3193 1632 3246 iu
1650 3192 1830 3247 tabernaculo
1851 3193 1913 3247 Μο-

214 3283 311 3335 Omnis
329 3281 421 3334 scriba
441 3280 569 3331 eruditus
590 3280 631 3330 ad
645 3296 760 3344 ripnnm
778 3278 919 3330 coeloram
934 3279 1049 3346 profert
1074 3281 1148 3334 sulco
1168 3288 1196 3335 et
1216 3280 1319 3351 templo
1340 3278 1594 3348 Hierosolymitano
1614 3285 1712 3349 typum
1730 3280 1917 3348 exprimentes

214 3385 246 3420 ea
265 3368 397 3420 thesauro
421 3384 470 3418 sno
495 3375 589 3417 vetera
609 3373 634 3416 et
658 3382 739 3417 οιουο.
774 3362 870 3416 Matth.
892 3369 932 3426 23,
950 3381 976 3420 v.
997 3369 1046 3417 34:
1074 3366 1162 3421 lucem
1193 3364 1334 3419 doctrinae
1366 3371 1394 3418 et
1425 3363 1499 3418 vitae
1530 3363 1596 3418 aliis
1627 3365 1794 3434 praeferant.
1841 3364 1917 3419 Vide

214 3456 288 3508 Eece
313 3471 363 3523 epo
388 3453 464 3504 mitto
489 3453 531 3503 cd
554 3470 602 3503 vos
622 3451 778 3518 propbetas
801 3459 827 3502 et
856 3451 996 3519 sapientes
1023 3458 1048 3502 et
1075 3450 1202 3523 Gregorii
1224 3451 1296 3505 hom.
1322 3456 1346 3504 o.
1369 3450 1398 3503 in
1423 3450 1524 3504 Erech.
1574 3449 1637 3504 Huc
1664 3451 1804 3521 pertinent
1834 3450 1914 3505 dicta

212 3541 329 3595 scribas.
1075 3538 1123 3592 illa
1152 3537 1324 3608 Scripturas,
1358 3536 1386 3589 in
1413 3535 1514 3607 quibus
1539 3535 1657 3590 ministri
1679 3536 1812 3590 ecclesiae
1834 3551 1911 3589 com-

86 3645 106 3686 1,
120 3645 188 3694 spu-
251 3632 292 3680 35.
311 3623 518 3692 Metaphoricae
530 3638 563 3675 ac
575 3620 752 3691 parabolicae
764 3618 950 3673 ministrorum
962 3620 1049 3674 eccle·
1073 3628 1207 3694 parantur
1224 3623 1402 3676 candelabris
1421 3622 1502 3677 Zach.
1522 3629 1546 3686 1,
1565 3641 1591 3678 v.
1612 3628 1637 3679 1.
1668 3622 1757 3693 Apoc.
1779 3629 1801 3690 l,
1820 3641 1844 3678 v.
1868 3628 1912 3679 13.

87 3696 201 3797 fflffl,
216 3712 274 3766 siae
291 3709 492 3779 appellationes
510 3708 539 3760 in
556 3707 591 3762 N.
604 3706 636 3759 Τ.
650 3705 892 3775 occurruntlonge
904 3706 1047 3776 plurimae.
1074 3727 1097 3765 c.
1118 3715 1164 3772 11,
1192 3728 1216 3762 v.
1247 3716 1271 3763 1.
1301 3714 1428 3778 respectu
1452 3708 1510 3762 scil.
1538 3707 1634 3764 habito
1655 3707 1692 3763 ad
1710 3707 1912 3762 candelabrum

81 3792 689 3851 11111111111111111111111811111111.
726 3790 823 3845 Matth.
845 3798 868 3855 5,
885 3810 910 3847 v.
933 3798 971 3846 13.
990 3798 1049 3846 tum
1074 3796 1144 3850 illud
1169 3811 1283 3849 aureum
1309 3793 1337 3846 in
1361 3793 1540 3849 tabernaculo
1566 3793 1696 3850 Massico.
1739 3799 1762 3848 3.
1788 3793 1911 3864 Compa-
1927 3801 1980 3842 &0

88 3866 160 3957 {⁰321
216 3888 331 3952 propter
348 3889 444 3950 typum
464 3885 487 3934 2.
508 3878 577 3948 Reg.
599 3883 628 3940 2,
651 3896 676 3933 v.
699 3883 814 3932 2111111
834 3879 1048 3947 proptercolla·
1074 3888 1170 3936 rantur
1189 3880 1330 3950 operariis
1344 3880 1493 3933 invincem
1508 3880 1653 3935 conductis
1667 3878 1766 3934 Matth.
1782 3887 1823 3948 20,
1842 3898 1866 3934 v.
1887 3889 1911 3940 1.
1928 3854 1981 3894 ‘¹¹'

87 3973 168 4010 terne
217 3968 328 4029 tionem,
347 3965 450 4019 debent
468 3963 541 4019 enim
558 3964 704 4018 conciones
717 3981 780 4017 suas
792 3965 975 4033 conspergere
992 3966 1049 4020 sale
1073 3967 1110 4021 ad
1129 3967 1191 4020 illos
1210 3965 1281 4021 enim
1302 3965 1459 4036 specialiter
1482 3966 1529 4019 illa
1547 3965 1683 4036 parabola
1698 3965 1801 4020 Christi
1820 3965 1912 4035 appli-

217 4051 351 4121 Mosaico,
377 4051 429 4105 lroc
453 4057 495 4105 est
512 4048 638 4103 doctrina
655 4048 725 4118 legis
741 4055 858 4118 peccata
875 4066 992 4119 arguere
1012 4068 1045 4104 ac
1074 4060 1152 4109 catur
1165 4052 1200 4107 ab
1214 4052 1330 4106 Irenaeo
1343 4051 1392 4108 lib.
1405 4058 1430 4117 4,
1444 4069 1467 4105 1.
1481 4058 1528 4116 10,
1542 4069 1569 4121 p.
1584 4057 1643 4106 305.
1671 4050 1780 4105 Hilario
1792 4068 1851 4107 can.
1866 4056 1913 4108 20.

215 4139 314 4194 veteris
345 4137 461 4191 hominis
488 4135 663 4205 putredinem
694 4134 864 4205 spiritualem
896 4135 1048 4205 prohibere.
1075 4139 1102 4193 in
1131 4138 1229 4192 March.
1259 4136 1455 4207 chrysostomo
1476 4137 1533 4191 sive
1552 4138 1677 4208 quisquis
1706 4144 1802 4192 auctor
1828 4136 1913 4202 alius,

213 4224 337 4278 Hilarius
355 4224 385 4277 in
403 4222 429 4276 h.
447 4223 465 4277 l.
492 4220 605 4275 Martha
630 4221 762 4288 Apostoli
785 4228 848 4272 mint
872 4223 1045 4276 aeternitatis
1075 4225 1169 4278 homil.
1195 4230 1235 4279 31.
1261 4240 1335 4293 oper.
1361 4221 1468 4293 imperf.
1492 4221 1664 4293 Hieronymo
1692 4222 1740 4279 lib.
1763 4229 1785 4278 2.
1813 4229 1915 4279 1111111

214 4312 297 4382 qnasi
315 4311 459 4375 salitores,
484 4309 582 4361 merim
607 4308 652 4359 sat
678 4314 770 4359 terrae
788 4310 955 4376 nunmcpati,
980 4310 1048 4378 gisia
1073 4310 1211 4366 Joviniau.
1249 4306 1383 4377 Gregorio
1401 4306 1474 4363 hom.
1497 4313 1536 4362 19.
1560 4307 1589 4361 in
1607 4324 1705 4379 evang.
1730 4309 1803 4362 sicut
1825 4309 1914 4364 etiarn

211 4415 266 4467 per
289 4397 416 4449 virtutem
446 4394 592 4448 doctrinae
619 4394 703 4460 quasi
729 4392 861 4446 satietates
888 4394 1051 4447 aeternitati
1074 4395 1171 4451 Matth.
1193 4400 1239 4463 21,
1260 4412 1285 4446 v.
1305 4399 1346 4449 33.
1387 4392 1470 4446 Marc.
1493 4398 1538 4460 12,
1562 4410 1587 4446 v.
1616 4398 1637 4447 1.
1677 4393 1812 4462 111120,
1834 4411 1859 4447 v.
1886 4402 1914 4453 9.

215 4502 336 4553 corpora
354 4489 475 4536 11111111.
511 4479 698 4549 Hieronymus
722 4478 751 4531 iu
776 4478 802 4534 h.
822 4478 971 4534 1111111111
996 4481 1049 4534 sat
1074 4480 1254 4536 conferuntur
1268 4484 1410 4549 γεωργοῖς,
1428 4478 1527 4530 cineae
1540 4477 1700 4534 uturum
1729 4478 1842 4534 interim
1853 4498 1913 4536 non

153 4559 156 4570 '
216 4571 395 4623 nominantur
414 4564 545 4634 apostoli,
565 4565 696 4632 quioper
709 4564 946 4617 illosaniocrsom
963 4583 1049 4635 pontis
1074 4567 1247 4639 negandum,
1275 4565 1302 4620 in
1327 4581 1428 4636 genere
1451 4571 1479 4617 11
1502 4563 1614 4634 quidem
1638 4565 1721 4637 longe
1739 4565 1914 4622 commodius

215 4659 365 4710 tamarcem
383 4653 522 4708 coitditm.
558 4649 786 4721 Theophylactus
811 4651 839 4705 in
864 4669 886 4705 c.
906 4661 928 4708 c.
948 4651 1047 4708 Mare:
1074 4653 1110 4707 ad
1129 4653 1240 4722 quosvis
1258 4652 1287 4705 in
1307 4651 1416 4706 vincam
1434 4650 1556 4717 Domini,
1576 4650 1628 4705 hoc
1648 4652 1736 4707 estin
1754 4652 1913 4719 ecclesiam,

218 4742 456 4803 Qantadmodum
475 4738 521 4791 sal
538 4755 636 4789 carnes
655 4736 776 4800 cohibet,
794 4754 844 4791 nec
861 4754 964 4792 ommes
983 4740 1049 4792 inde
1074 4745 1186 4796 vocatos
1211 4738 1372 4809 parabolam
1397 4737 1472 4790 illam
1490 4738 1692 4793 accommodari
1709 4755 1805 4808 posse,
1834 4741 1912 4810 quod

216 4828 312 4880 coemi
328 4827 411 4890 sinit;
428 4827 470 4878 ito
482 4832 508 4878 et
521 4841 609 4876 sermo
627 4823 759 4891 doctoris,
777 4825 804 4876 si
814 4840 910 4878 recens
931 4832 956 4877 et
974 4843 1046 4878 mor·
1074 4826 1179 4880 faciunt
1198 4824 1333 4894 Origenes
1351 4823 1423 4877 bom.
1448 4828 1485 4876 10.
1504 4823 1533 4876 in
1550 4820 1648 4877 Matth.
1668 4822 1860 4879 Nazianzenus
1881 4826 1912 4879 in

217 4917 275 4967 dcc
291 4914 337 4980 sit,
355 4913 484 4964 camales
501 4910 624 4964 homines
641 4911 846 4978 constrinpens,
863 4928 918 4964 non
934 4912 1001 4964 sinit
1018 4913 1047 4964 in
1073 4929 1148 4967 conc.
1170 4912 1203 4966 de
1227 4929 1248 4963 s.
1268 4911 1341 4980 bapt
1361 4908 1573 4977 chrysostomus
1598 4908 1668 4961 hom.
1695 4914 1736 4965 65.
1757 4911 1786 4965 in
1809 4911 1911 4967 Manu.

88 5009 109 5050 1.
123 5011 173 5050 tur
216 5001 288 5069 ipsis
306 4999 438 5066 estimari
457 5014 574 5051 vermem
598 4997 786 5064 irrequietum.
824 4998 932 5051 1111
950 4973 1248 5069 moitctlAugustinus
1266 5012 1345 5051 serm.
1366 5001 1407 5050 59.
1426 4995 1461 5049 de
1479 4993 1555 5049 verb.
1578 4993 1657 5049 Dom.
1676 4999 1729 5051 111.
1764 4993 1914 5054 Disfinctis

89 5061 174 5104 munau.
218 5085 316 5140 Matth.
336 5092 359 5152 5,
378 5102 403 5137 v.
426 5089 463 5138 14.
481 5100 535 5136 non
556 5100 589 5137 eo
608 5081 720 5153 quidem
735 5098 816 5135 sensu
827 5097 861 5134 ac
873 5081 976 5151 gradu
995 5100 1050 5152 quo
1061 5055 1064 5148 l
1076 5083 1171 5137 mnndi
1189 5081 1328 5137 aetatibus
1344 5097 1378 5136 ac
1397 5081 1566 5151 temporibus
1585 5079 1671 5133 mittit
1682 5079 1759 5135 Deus
1777 5082 1912 5140 1111111111

216 5171 341 5227 Christus
362 5169 461 5223 dicitur
480 5168 509 5222 τὸ
531 5170 606 5239 φῶς,
637 5185 703 5221 cera
723 5168 776 5220 itta
795 5168 857 5232 loe,
885 5167 1049 5222 ittcnnncne
1061 5186 1063 5214 τ
1075 5186 1143 5224 suae
1161 5169 1294 5236 doctores,
1313 5167 1408 5239 quiin
1420 5168 1502 5222 vinca
1519 5165 1721 5233 enuntientur,
1741 5167 1791 5222 sed
1811 5169 1910 5226 sedulo

217 5275 322 5312 omnem
340 5256 639 5308 ltorninemoenientem
657 5253 686 5306 in
703 5253 775 5305 bunc
787 5254 929 5320 mundam,
946 5253 1010 5310 Joh.
1026 5232 1212 5365 l,llaborent,
1237 5253 1420 5324 largissimam
1438 5252 1503 5307 olim
1531 5251 1658 5307 laborum
1675 5269 1788 5308 suorum
1804 5270 1909 5310 merce-
1922 5260 1943 5302 l·
1956 5260 1981 5307 ΙΙ

216 5360 241 5398 v.
262 5349 285 5397 9.
320 5348 394 5407 19,
419 5359 444 5394 v.
466 5345 504 5394 12.
544 5357 567 5392 1.
590 5346 619 5407 9,
637 5357 663 5394 v.
685 5345 708 5392 5.
727 5337 779 5392 hoc
798 5338 870 5392 enim
889 5355 971 5393 sensu
989 5340 1048 5410 ipse
1075 5343 1137 5397 dem
1155 5340 1327 5411 reportaturi.
1366 5344 1390 5396 4.
1418 5340 1513 5393 Servis
1540 5340 1719 5393 incitantibsn
1736 5341 1779 5393 ad
1795 5342 1910 5411 cipum

215 5427 357 5483 lohannes
375 5424 503 5495 Baptista
527 5425 615 5494 major
634 5423 762 5478 omnibns
785 5423 858 5478 natis
877 5440 909 5478 ex
928 5426 1046 5481 mulieri·
1059 5369 1168 5496 lrepias
1196 5426 1295 5482 1111111.
1321 5430 1369 5494 22,
1396 5443 1421 5478 v.
1444 5431 1468 5479 3.
1496 5424 1642 5479 minoren
1663 5425 1738 5481 enim
1758 5442 1776 5481 a
1795 5313 1981 5492 coelesti&
