4020 6014
211 361 272 419 220
799 348 922 408 LOCUS
939 345 1145 406 vlessfflus
1162 345 1327 405 TERTIUS

1076 509 1107 554 at
1129 503 1170 556 sic
1189 508 1382 571 permaneant.
1417 500 1642 572 Respondemus:
1666 497 1915 570 conclusivum·

83 603 140 646 ¹111.
155 603 199 648 cs
313 592 332 651 S
352 591 378 651 Ε
400 590 421 652 0
439 592 464 650 Τ
482 590 500 650 1
519 591 542 652 0
576 591 602 651 Ρ
620 592 643 653 0
662 591 724 650 ΒΤ
743 589 816 650 ΕΒ,
832 589 849 649 1
868 589 891 650 0
909 588 948 648 B..
1075 586 1160 641 menti
1181 587 1269 642 nostri
1286 587 1326 642 sic
1347 586 1447 649 habet,
1475 588 1635 659 conjugium
1653 601 1710 640 non
1729 586 1770 640 ita
1789 600 1915 658 pugnare

1076 690 1139 727 eum
1166 673 1317 728 ministerio
1345 672 1546 741 eeclesiastico,
1575 671 1658 727 utin
1687 688 1743 732 una
1762 671 1916 742 eademque

251 748 318 812 DE
347 745 609 813 OONJUGIO
646 741 1019 812 MINISTRORUM
1075 775 1194 829 persona
1210 759 1344 830 conjungi
1361 764 1509 828 nequeunt.
1546 758 1617 814 Item
1643 775 1702 813 esse
1729 758 1863 812 maritum
1888 762 1917 814 et

481 848 544 913 ΕΟ
555 848 613 913 CL
623 848 649 912 Ε
658 847 703 913 SI
710 848 738 912 A
745 847 781 911 Ε,
1075 843 1234 914 episcopum
1254 861 1430 915 nequaquam
1450 845 1568 899 invicem
1581 860 1716 915 pugnare,
1736 843 1766 897 id
1784 845 1863 914 quod
1884 860 1917 900 ex

1075 925 1128 985 h'oc
1156 931 1218 985 loeo
1251 930 1403 1001 apostolico
1430 931 1572 986 evidenter
1599 929 1748 999 probatum
1779 928 1918 988 dedimus.

85 1038 161 1078 sarna
248 1023 306 1074 330.
344 1017 445 1072 Gravis
475 1015 634 1071 adversaria
663 1015 697 1069 de
724 1015 777 1068 hac
801 1012 962 1084 quaestione
986 1028 1048 1066 cum
1076 1015 1205 1071 Clemens
1224 1017 1430 1071 Alexandrinus
1448 1017 1497 1071 lib.
1523 1022 1546 1072 3.
1565 1021 1675 1072 strom:
1710 1015 1798 1069 Unius
1817 1016 1918 1070 acori

85 1094 178 1181 ξξξξῖζζ
212 1103 366 1159 Pontifieiis
386 1103 466 1158 nobis
484 1103 635 1157 constituta
655 1107 712 1169 est,
735 1099 776 1154 illi
793 1098 897 1170 quippe
914 1098 950 1152 ad
969 1096 1049 1152 coeli·
1073 1103 1164 1155 oirum
1182 1103 1279 1172 atique
1297 1102 1430 1170 admittit,
1450 1103 1508 1156 sios
1520 1101 1558 1156 sit
1571 1101 1726 1170 presbyter,
1744 1100 1802 1154 sire
1817 1103 1918 1155 diaco-

85 1191 114 1231 i·
127 1189 197 1232 sostr—
213 1190 296 1256 batus
313 1191 440 1260 perpetui
458 1189 548 1260 legem
569 1204 632 1256 eos,
659 1187 708 1258 qui
731 1186 760 1239 in
786 1184 951 1255 majoribus,
979 1199 1047 1253 quos
1074 1189 1207 1254 mansius
1227 1189 1326 1251 laicata,
1345 1195 1463 1241 utentem
1483 1187 1662 1241 matrimonio
1675 1186 1749 1240 citra
1766 1187 1918 1255 reprelien-

85 1243 191 1334 iiidsf⁹
213 1277 251 1331 ita
277 1282 388 1345 vocant,
414 1276 558 1331 ordinibus
588 1273 731 1329 constituti
757 1277 823 1326 sunt
845 1269 890 1324 rel
916 1268 1048 1323 constitui
1074 1273 1188 1329 sionem.
1224 1273 1439 1344 chrysostomus
1455 1273 1550 1330 homil.
1566 1279 1606 1330 10.
1626 1273 1655 1327 in
1672 1279 1695 1330 l.
1708 1271 1780 1327 Tim.
1800 1277 1830 1327 3:
1850 1274 1918 1327 Nos

83 1347 138 1385 Μ·
211 1364 318 1429 volunt,
346 1362 542 1433 adstringunt3
570 1378 621 1415 nos
645 1367 743 1413 eontra
762 1355 895 1411 ministris
914 1353 1047 1410 ecclesiae
1073 1360 1124 1412 tec
1139 1360 1228 1412 veluti
1243 1361 1372 1413 sanciens
1393 1361 1463 1413 dicit
1482 1360 1637 1429 apostolas,
1658 1359 1742 1429 qnasi
1754 1375 1812 1411 non
1832 1358 1920 1413 liceat

211 1448 336 1520 conjugii
354 1448 511 1504 libertatem
531 1446 715 1519 permittimus
742 1461 774 1498 ac
792 1444 857 1514 jure
881 1442 975 1496 divino
992 1440 1046 1494 illis
1074 1446 1178 1514 absque
1195 1461 1282 1500 acore
1302 1447 1462 1515 episcopam
1478 1446 1556 1514 ficri,
1581 1447 1634 1499 ssd
1660 1446 1721 1514 ejus
1739 1445 1784 1498 rei
1801 1447 1918 1499 modum

211 1535 373 1607 permissam
393 1551 453 1590 esse
473 1535 628 1588 statuimus.
661 1531 821 1600 Antequam
846 1545 911 1583 vero
937 1533 1047 1581 nostrae
1072 1532 1247 1587 constituens.
1283 1532 1407 1586 Jnaasts
1426 1530 1530 1602 quippe
1552 1530 1661 1584 licitum
1690 1536 1752 1582 erat
1769 1532 1856 1584 stiam
1874 1547 1918 1585 se·

211 1621 368 1677 sententiae
388 1625 555 1692 argumente
572 1617 762 1689 proferantur,
790 1620 866 1669 recte
885 1613 1046 1668 formandus
1073 1619 1164 1671 cunda
1183 1617 1362 1670 matrimonio
1376 1617 1464 1686 junpi
1482 1617 1598 1669 stauos
1621 1615 1706 1668 simut
1725 1614 1795 1669 κατὰ
1812 1613 1917 1671 ταύτὸν

211 1707 265 1762 erit
284 1707 453 1779 quaestionis
472 1712 571 1760 status.
610 1703 673 1758 Nou
692 1703 745 1756 hoc
764 1699 916 1771 quaeritur,
935 1715 971 1752 an
990 1715 1046 1754 om·
1073 1704 1175 1757 labere
1201 1718 1313 1757 secares.
1337 1703 1366 1757 in
1384 1717 1445 1772 cap.
1467 1708 1489 1757 l.
1512 1700 1569 1757 Tit.
1593 1700 1687 1757 homil.
1708 1706 1735 1756 2:
1765 1699 1856 1770 Gaias
1871 1700 1918 1755 rei

212 1810 275 1862 nes,
306 1792 354 1863 qui
381 1792 410 1845 in
430 1791 582 1846 ministerio
600 1787 744 1844 constituti
770 1793 836 1840 sunt
854 1785 898 1839 vel
916 1783 1045 1840 constitui
1073 1778 1350 1860 protia'ltuiasmodi
1366 1790 1491 1843 tonina
1508 1789 1538 1841 in
1557 1788 1680 1842 medium
1700 1788 1840 1842 adducit!
1860 1787 1916 1842 Od-

212 1883 355 1950 expetunt,
372 1878 480 1932 uxorati
498 1893 559 1932 esse
577 1874 709 1942 debeant,
728 1873 757 1926 id
777 1872 850 1927 enim
869 1887 1046 1942 nequaquam
1072 1886 1180 1930 atraere
1195 1893 1317 1945 proram
1336 1875 1454 1928 intendit
1472 1874 1676 1927 baereticorum
1695 1891 1755 1943 ora,
1774 1874 1826 1943 qai
1843 1890 1915 1943 nsp-

211 1964 344 2032 dicimus,
370 1963 507 2031 sediliis,
534 1961 581 2032 qui
605 1959 739 2031 peculiari
764 1958 951 2012 confluentiae
974 1957 1046 2011 dono
1073 1964 1129 2015 tias
1147 1963 1291 2030 damnant,
1310 1963 1465 2023 ostendens,
1485 1976 1616 2013 camrem
1630 1960 1716 2031 calpa
1730 1975 1838 2028 curere,
1856 1975 1916 2013 cmo

211 2048 338 2104 instructi
355 2055 433 2118 sunt,
457 2055 535 2103 extre
564 2046 725 2117 conjugium
743 2045 836 2098 virme
852 2043 934 2098 facile
951 2059 1047 2097 conoe·
1072 2050 1114 2102 ita
1132 2065 1191 2102 esse
1207 2047 1378 2116 pretiosam,
1405 2053 1436 2098 at
1461 2045 1605 2114 cumipse
1630 2046 1715 2098 etiam
1728 2046 1823 2113 possit
1839 2045 1915 2114 quis·

211 2136 316 2205 dimus,
343 2151 413 2190 neve
432 2134 493 2205 quis
509 2133 625 2202 objiciat
642 2137 730 2186 const.
751 2128 818 2184 ecol.
837 2128 915 2184 elect.
936 2128 999 2183 Sar.
1017 2128 1047 2181 in
1071 2136 1151 2205 piam
1175 2136 1216 2187 od
1238 2140 1364 2186 sanctam
1391 2133 1569 2203 episcopatem
1587 2131 1689 2185 solium
1714 2130 1797 2184 erebi.
1831 2129 1915 2196 Quod

211 2220 312 2276 nostris
343 2220 440 2275 eccles.
470 2226 626 2290 receptam,
658 2216 687 2270 in
714 2232 771 2287 qua
797 2220 848 2268 art.
879 2230 973 2285 gener.
1006 2220 1046 2269 16.
1074 2218 1259 2275 Bellerminus
1284 2217 1351 2272 satis
1378 2215 1550 2273 confidenter
1573 2215 1747 2288 pronuntiat,
1779 2223 1916 2286 quotquot

210 2306 230 2363 f.
258 2311 316 2363 337.
340 2305 503 2377 requiritur,
531 2312 562 2358 at
581 2303 716 2357 ccclesiae
739 2300 880 2368 ministri,
908 2301 935 2353 si
954 2300 1047 2353 adine
1074 2306 1248 2360 nonnionem·
1264 2305 1391 2374 episcopi
1405 2305 1536 2373 faor-rent,
1564 2320 1610 2357 eos
1628 2319 1722 2356 omnes
1731 2303 1831 2370 fniooo
1849 2319 1914 2356 oon·

211 2394 329 2447 coelibes
346 2393 416 2459 sint,
441 2391 601 2460 coninps'nm
619 2391 730 2453 incant,
758 2387 828 2442 illud
846 2402 966 2456 namque
985 2400 1048 2454 pro·
1074 2393 1206 2458 sinentes,
1231 2390 1260 2443 id
1280 2395 1323 2444 est
1343 2394 1421 2444 extra
1440 2389 1602 2460 conjugium
1627 2388 1745 2452 vixisse,
1775 2388 1810 2443 de
1829 2404 1861 2442 co
1879 2403 1914 2443 ex

212 2477 449 2549 P011streg¹1¹8mr
467 2493 484 2530 8
503 2492 560 2548 ‘1¹¹⁸
578 2472 756 2545 peculiariiir
773 2471 828 2540 illis
848 2470 896 2541 qui
913 2469 1047 2541 singulari
1059 2466 1062 2593 1
1074 2477 1254 2550 sequentibus
1272 2475 1331 2532 fieri
1349 2476 1452 2546 poterit
1466 2475 1611 2546 judicium.
1644 2474 1701 2530 Nos
1720 2475 1749 2527 in
1762 2474 1912 2529 sacerdoti·

211 2563 396 2618 continentiae
420 2562 493 2617 douo
518 2559 646 2615 instructi
669 2563 747 2612 caste
765 2557 858 2612 vivam
876 2562 904 2613 et
923 2563 1047 2627 possunt,
1075 2564 1128 2618 bno
1144 2569 1228 2634 atquo
1255 2562 1317 2616 aliis
1343 2561 1415 2617 dono
1437 2560 1623 2615 continentiae
1648 2559 1790 2613 innon-notin
1807 2576 1912 2630 nnqnn.

211 2656 239 2704 et
258 2650 362 2716 volunt,
380 2648 576 2719 intelliguntur
593 2644 710 2715 excepti.
747 2643 810 2697 Hoc
827 2638 893 2714 ergo
911 2642 942 2696 iu
962 2658 1047 2712 qnas-
1075 2664 1159 2720 quam
1178 2647 1366 2718 improbamus
1386 2646 1562 2710 coelibatum,
1580 2645 1630 2701 sed
1643 2661 1802 2716 pugnamus
1814 2651 1913 2701 conus

212 2736 302 2790 stione
320 2742 371 2802 est,
391 2751 426 2789 an
440 2735 505 2804 jure
521 2733 616 2787 divino
636 2729 789 2786 coelibatus
801 2731 888 2784 sacris
901 2728 1046 2783 ordinibus
1074 2733 1228 2789 coelibatus
1248 2733 1350 2804 jugum
1378 2732 1507 2786 omnibus
1537 2730 1727 2787 sacerdotibus
1762 2731 1912 2787 indiscreto

211 2821 405 2878 ecclesiasticis
423 2821 461 2874 sit
478 2836 614 2887 annexus,
633 2817 677 2873 vel
695 2815 815 2872 ecelesia
833 2815 987 2870 coelibatus
1001 2817 1047 2886 ju·
1073 2820 1239 2891 impositum.
1274 2822 1300 2872 2.
1324 2818 1550 2886 chrysostomum
1563 2825 1590 2871 et
1603 2817 1677 2870 aiios
1685 2825 1786 2887 patres
1800 2819 1910 2887 decern

212 2926 278 2978 gum
295 2916 428 2979 tanquam
448 2906 635 2962 necessarium
653 2902 784 2956 ministris
800 2902 942 2971 imponere
959 2901 1048 2972 possit
1074 2908 1151 2976 qnod
1165 2905 1277 2959 Paulus
1295 2904 1465 2957 contulerit
1484 2904 1581 2972 lenem,
1599 2911 1630 2956 at
1648 2904 1778 2973 episcopi
1790 2903 1912 2958 habeant

212 3011 245 3048 sc
273 2992 382 3049 debeat.
429 2992 586 3061 Utrumque
614 3005 761 3060 negamus,
787 2986 928 3042 Pontificii
953 2995 1049 3043 contra
1074 3009 1182 3060 aceres,
1201 2992 1252 3045 scd
1269 2991 1360 3044 solnm
1379 2998 1410 3043 at
1426 3007 1482 3043 non
1498 2990 1621 3043 tabsom
1637 2989 1682 3043 nel
1696 2990 1912 3044 nonbabrserint

212 3079 304 3149 legem
320 3076 473 3132 coelibatus
492 3073 656 3129 sacrificulis
674 3073 835 3142 imponunt,
864 3074 946 3143 enjus
965 3073 1047 3144 origi·
1070 3079 1169 3150 plnres
1187 3093 1271 3146 qaam
1288 3094 1383 3129 unam.
1422 3074 1646 3145 Respondemus:
1671 3073 1853 3138 Quorundam
1868 3090 1910 3130 rs·

213 3180 276 3218 nem
295 3161 408 3232 quidam
426 3159 527 3229 adjus
547 3157 687 3224 divinum,
716 3157 828 3226 quidam
849 3158 885 3211 ad
905 3158 1047 3226 ecclesiae,
1072 3164 1225 3220 contionum
1252 3160 1390 3216 sententia
1415 3168 1472 3229 est,
1501 3158 1619 3214 Paulum
1645 3159 1698 3214 hoc
1719 3159 1781 3214 loco
1798 3161 1910 3215 tradere

143 3302 146 3311 ,
213 3247 265 3301 hoc
282 3252 326 3302 est
349 3242 487 3316 pontificis
507 3243 625 3298 Romani
651 3242 891 3310 constitutionem,
916 3243 1047 3300 referunt.
1072 3249 1230 3322 generalem
1247 3246 1389 3318 regulam,
1419 3247 1494 3316 quod
1519 3246 1644 3316 episcopi
1673 3244 1795 3300 debeant
1812 3246 1841 3300 in
1862 3246 1911 3302 ho·

211 3334 386 3404 Argumenta
403 3330 557 3385 sententiae
575 3335 685 3384 nostres
701 3328 811 3399 potiora
830 3327 899 3384 baec
917 3335 988 3384 sunt
1071 3340 1151 3390 nesto
1169 3333 1301 3404 conjugio
1319 3332 1427 3399 vivere,
1453 3348 1471 3385 a
1490 3347 1546 3402 qua
1569 3337 1663 3386 tamen
1691 3330 1790 3402 regula
1807 3332 1912 3403 excipi·

85 3427 128 3467 nro
143 3438 198 3467 sos·
247 3425 305 3475 331.
330 3419 424 3473 Primo
445 3415 564 3486 Spiritus
582 3434 604 3470 s.
622 3431 673 3486 per
690 3414 846 3491 apostolum
864 3412 984 3468 Paulum
1002 3431 1046 3469 ac·
1074 3426 1164 3484 antur,
1180 3419 1227 3491 qui
1244 3418 1378 3489 peculiari
1398 3417 1584 3473 continentiae
1602 3417 1674 3472 dono
1687 3417 1815 3472 instructi
1833 3424 1911 3473 extre

82 3478 198 3570 ffissniffl'
212 3512 308 3559 eurate
325 3502 458 3558 describit
475 3502 606 3571 virtutes,
625 3517 695 3571 quas
713 3501 790 3555 Deus
809 3500 839 3554 in
857 3497 987 3570 episcopo
1005 3517 1047 3555 re·
1072 3505 1233 3576 eonjugium
1251 3505 1343 3559 rivere
1361 3510 1389 3559 et
1406 3504 1510 3567 volunt,
1535 3509 1564 3557 et
1582 3509 1710 3574 possunt,
1735 3503 1808 3557 siout
1827 3519 1910 3574 gene-

85 3592 133 3621 '²¹¹¹‘
147 3581 198 3622 ¹⁴¹
212 3590 305 3662 quirit,
324 3589 450 3659 nuspiam
468 3605 533 3643 vero
554 3586 707 3642 coelibatus
732 3585 822 3657 legem
850 3585 905 3639 illis
922 3584 1046 3655 imponit,
1073 3591 1139 3646 ralis
1158 3590 1256 3662 regula
1274 3595 1332 3644 est:
1361 3591 1428 3643 Non
1452 3598 1492 3643 est
1511 3590 1612 3642 bonum
1631 3589 1769 3641 bominem
1787 3606 1845 3643 csse
1865 3605 1909 3643 sc·

84 3633 199 3724 widi·
212 3675 279 3745 quin
291 3674 384 3744 potius
395 3674 546 3746 requirens,
563 3680 596 3727 ut
611 3678 633 3728 1.
645 3673 793 3742 episcopas
804 3672 842 3725 sit
854 3672 937 3724 uniam
949 3672 1046 3724 umoris
1072 3678 1131 3731 lum
1144 3674 1216 3733 Gen.
1234 3681 1257 3744 2,
1271 3693 1296 3729 v.
1310 3681 1349 3730 ts.
1362 3675 1443 3744 cujus
1455 3673 1581 3744 exceptio
1593 3674 1757 3744 proponitur
1772 3680 1793 3730 1.
1807 3673 1870 3730 (ior.
1884 3680 1908 3742 t,

84 3733 105 3826 ij
118 3744 176 3825 ‘iim
211 3762 339 3831 maritus,
362 3768 384 3817 1.
402 3761 474 3816 Tim.
495 3767 519 3828 3,
537 3778 562 3816 v.
584 3766 608 3815 2.
643 3759 700 3814 Tit.
723 3766 744 3823 l,
762 3777 788 3812 v.
805 3763 828 3814 6.
843 3757 972 3826 ostendit,
990 3775 1046 3812 non
1073 3780 1099 3818 v.
1119 3767 1149 3817 8:
1168 3765 1280 3816 Bonum
1293 3769 1333 3814 est
1346 3761 1471 3829 innuptis
1489 3776 1522 3812 oc
1537 3760 1641 3823 vicinis,
1660 3761 1687 3812 si
1696 3760 1738 3813 sic
1746 3776 1909 3829 permanse-

83 3835 183 3937 inlisi
211 3864 271 3903 esse
288 3847 491 3921 repudiandum
510 3845 546 3901 ab
566 3845 657 3900 officio
676 3844 827 3915 episcopali
845 3861 922 3910 eum,
949 3843 997 3914 qui
1016 3844 1045 3898 iu
1072 3849 1148 3914 rint,·
1173 3847 1301 3901 nimirum
1320 3846 1368 3916 qui
1388 3847 1490 3900 donum
1510 3845 1563 3900 hoc
1583 3844 1726 3915 proprium
1744 3862 1762 3899 a
1779 3846 1840 3901 Deo
1858 3847 1906 3901 he-

80 3934 343 4004 ¹111·1t⁴·o0njugi0
360 3933 443 3997 vivit,
469 3931 552 3987 modo
573 3932 609 3986 sit
628 3932 711 3983 sanias
734 3935 845 3985 tantum
864 3939 891 3985 et
908 3946 963 3984 non
982 3929 1044 4000 plu·
1072 3933 1148 4001 beot,
1166 3933 1220 3987 illis
1238 3938 1316 3988 extra
1336 3930 1497 4002 eonjugium
1509 3931 1602 3985 vivere
1620 3930 1724 3985 bonum
1739 3937 1783 3986 est
1794 3939 1909 4002 propter

84 4000 176 4091 {iimo
211 4020 283 4074 rium
309 4018 391 4072 simul
418 4034 534 4072 uxorum
561 4016 684 4070 maritus.
724 4016 927 4086 Argumentum
953 4021 1046 4085 potest
1070 4028 1246 4090 praesentem
1271 4019 1464 4072 nmessitatem
1489 4033 1514 4070 v.
1540 4022 1564 4071 6.
1613 4015 1692 4070 Haeo
1717 4015 1909 4087 interpretatio

85 4102 154 4185 2222,
212 4121 271 4160 esse
298 4104 360 4159 tale.
399 4102 431 4156 si
460 4101 575 4156 maritus
603 4102 686 4155 unius
714 4101 807 4156 uxoris
832 4101 861 4154 in
885 4103 1045 4172 episcopum
1072 4121 1124 4159 neo
1153 4105 1275 4159 absurda
1303 4109 1362 4172 est,
1391 4118 1443 4158 nec
1469 4102 1616 4173 analogiae
1645 4101 1711 4157 fidei
1741 4119 1909 4175 repugnans,

86 4196 161 4237 urna
212 4190 277 4263 eligi
289 4193 389 4261 potest,
409 4203 580 4258 consequens
594 4186 654 4255 erit,
677 4186 839 4258 conjuginm
851 4203 907 4240 non
922 4186 963 4241 ita
973 4204 1045 4259 pug-
1071 4190 1146 4245 unde
1163 4207 1197 4245 ex
1214 4197 1292 4262 parte
1310 4189 1445 4261 probatur
1463 4205 1481 4242 a
1494 4189 1528 4243 D.
1543 4187 1702 4243 Chemnicio
1721 4194 1791 4258 part.
1814 4194 1837 4244 t.
1856 4190 1908 4245 loo.

84 4249 198 4289 mmm
212 4293 278 4332 nare
296 4293 359 4331 eum
376 4273 527 4328 ministerio
546 4272 740 4342 ecclesiastico,
760 4272 840 4327 utin
860 4289 917 4327 una
935 4273 1044 4327 eadem-
1071 4291 1132 4346 cap.
1157 4277 1193 4331 de
1216 4278 1344 4332 essdmte
1368 4292 1432 4347 pag.
1462 4281 1527 4330 537:
1554 4275 1710 4344 Apostolus
1727 4274 1840 4345 (inquit)
1859 4278 1907 4330 sis·

213 4380 266 4434 que
290 4378 409 4433 persona
432 4359 564 4431 conjungi
583 4364 732 4430 nequeant.
768 4358 824 4415 Sed
842 4374 938 4413 verum
958 4359 1044 4430 prius,
1071 4363 1193 4416 scribom
1210 4363 1341 4416 &casnm
1359 4369 1385 4416 st
1404 4361 1562 4430 repeditam
1582 4361 1741 4433 episcopam
1758 4362 1846 4415 dici.-
1870 4363 1909 4416 sit

213 4455 245 4503 ut
263 4454 382 4519 apparet
398 4465 432 4503 ex
451 4453 529 4501 textu
549 4444 708 4516 apostolico.
749 4441 819 4498 Cum
839 4444 912 4499 enim
934 4445 1048 4501 dixisset
1071 4449 1156 4502 nnius
1174 4449 1271 4502 accras
1290 4448 1348 4515 vir,
1374 4464 1429 4501 non
1447 4448 1524 4515 qaod
1546 4446 1613 4501 illos
1636 4447 1783 4510 secludat,
1812 4447 1863 4516 qai
1878 4464 1909 4502 se

212 4551 238 4587 v.
262 4539 288 4587 t:
310 4534 365 4598 Qut
387 4534 577 4604 episcopatum
592 4533 744 4598 desiderat,
766 4532 867 4585 bonam
886 4550 957 4604 opus
973 4533 1047 4586 alesi-
1073 4541 1234 4589 castrarent
1248 4539 1368 4603 propter
1385 4548 1501 4601 repnam
1519 4533 1674 4600 coelorum,
1703 4534 1756 4587 sed
1771 4534 1840 4601 qaia
1859 4535 1910 4588 do·

213 4620 311 4688 derat,
341 4638 404 4675 mox
422 4619 569 4691 subjungit
590 4636 616 4674 v.
636 4623 668 4673 2:
696 4619 812 4688 Oportet
830 4627 923 4672 autem
941 4620 1046 4691 spisco-
1073 4640 1139 4676 num
1157 4621 1311 4676 coelibatus
1324 4621 1427 4690 paucis
1445 4622 1542 4673 ἀαιιηη
1561 4629 1602 4674 est
1620 4628 1645 4673 ct
1672 4620 1800 4688 sinpulae
1825 4620 1910 4674 socie·

208 4722 278 4775 pam
298 4721 357 4760 csse
373 4705 663 4777 immrebcmbikm,
686 4705 770 4758 unias
793 4707 888 4759 acoris
905 4707 1045 4761 marium.
1072 4710 1133 4762 siue
1151 4725 1221 4777 opas
1238 4707 1340 4759 babent
1357 4706 1509 4774 ministris3
1532 4707 1617 4760 totam
1637 4706 1787 4774 descripsit
1805 4705 1910 4758 sancti

213 4791 289 4862 Ergo
307 4796 335 4845 et
351 4793 496 4862 posterius.
531 4793 602 4848 Item
620 4791 644 4845 si
664 4791 791 4859 virtutes,
817 4807 887 4862 quas
904 4792 1046 4862 apostolus
1072 4794 1196 4848 moniam
1215 4791 1349 4861 episcopi,
1368 4808 1425 4844 non
1436 4808 1508 4860 quas
1520 4793 1655 4846 consistat
1671 4792 1700 4845 in
1717 4791 1911 4859 sinpnbtribas

211 4879 241 4932 in
253 4877 382 4947 episcopo
400 4879 524 4948 requirit,
545 4878 630 4933 etiam
648 4877 677 4931 in
690 4876 738 4930 illo
751 4876 843 4930 locum
862 4875 966 4933 habere
984 4896 1046 4949 pos·
1074 4880 1166 4943 donis,
1182 4894 1254 4947 quus
1267 4894 1425 4946 paucorum
1438 4886 1510 4942 sant,
1528 4885 1559 4930 ut
1570 4877 1781 4943 miraculorum,
1799 4877 1910 4946 linqua·

212 4970 289 5031 sunt,
312 4963 361 5034 qui
378 4968 420 5017 est
437 4964 519 5018 unius
535 4964 628 5019 uxoris
655 4963 785 5027 maritus,
808 4978 978 5033 consequens
996 4971 1046 5033 est,
1072 4984 1152 5034 rum,
1175 4964 1385 5032 vaticiniorum,
1414 4964 1569 5018 coelibatus
1587 4969 1639 5018 etc.
1657 4964 1710 5016 ssd
1728 4979 1811 5030 quam
1830 4964 1911 5016 Deus

212 5050 342 5106 maritum
360 5055 388 5104 et
405 5048 564 5119 episcopum
576 5066 636 5105 esse
652 5065 827 5120 nequequam
840 5047 958 5103 invicem
976 5067 1046 5121 pug-
1068 5051 1131 5120 piis
1160 5049 1322 5102 demeritas
1354 5050 1481 5102 omnibns
1511 5049 1684 5116 tarpitarmn
1712 5063 1743 5101 se
1766 5048 1909 5118 promisit.

211 5153 287 5194 nare.
316 5135 372 5191 Sed
391 5133 468 5187 illud.
493 5133 569 5204 Ergo
587 5141 616 5190 et
633 5134 695 5189 hoo.
725 5134 837 5205 Excipit
854 5133 1045 5191 Bellnrminus.
1073 5133 1258 5190 Praeferimus
1278 5141 1372 5190 temen
1397 5135 1530 5201 alteram,
1555 5149 1627 5203 quae
1653 5138 1696 5187 est
1719 5131 1912 5204 chrysostomi

214 5228 237 5278 1.
255 5222 454 5277 Falsissimum
469 5237 549 5288 esse,
575 5223 652 5288 quod
673 5223 747 5275 inter
771 5223 850 5275 dotes
875 5237 910 5272 aa
931 5221 1047 5275 virtutes
1074 5229 1102 5278 et
1121 5221 1238 5275 aliorum
1258 5236 1292 5276 ex
1312 5222 1464 5290 veteribus,
1489 5235 1574 5291 quam
1603 5219 1743 5290 approbat
1769 5218 1910 5274 Lutherus

211 5309 334 5363 absoluti
350 5305 476 5375 episcopi
488 5313 615 5374 ponatur
633 5307 811 5375 conjapiam,
836 5323 899 5359 cum
916 5307 1103 5376 quotquot-in
1121 5305 1358 5377 propositionibus
1376 5308 1411 5361 de
1435 5303 1572 5375 digamia,
1604 5319 1661 5374 qua
1683 5303 1769 5358 verbe
1792 5303 1911 5374 apostoli

209 5393 381 5449 sanctissimi
398 5391 525 5462 episcopi
535 5393 666 5459 sumunt,
687 5408 780 5445 omnes
801 5391 970 5445 continentes
986 5394 1048 5456 fae·
1074 5391 1247 5463 accipiuntur
1265 5394 1398 5462 montius,
1416 5407 1474 5443 non
1488 5388 1618 5458 positive,
1637 5389 1677 5444 ita
1695 5396 1800 5444 utnon
1816 5397 1911 5445 tenea·
1933 5411 1936 5417 ·

211 5481 286 5548 rint,
304 5496 419 5548 cumque
439 5479 515 5532 idem
533 5476 678 5546 apostolas
698 5481 721 5533 1.
743 5479 804 5531 Cor.
826 5479 848 5529 7.
866 5477 989 5531 lmstur
1009 5481 1050 5533 ad
1074 5485 1120 5534 tur
1137 5479 1283 5551 episcopus
1299 5479 1404 5534 habes
1419 5487 1513 5536 mm,
1532 5472 1583 5526 ⁸01¹
1594 5479 1723 5529 tenatur
1740 5492 1797 5531 non
1808 5475 1911 5532 habere

211 5564 408 5620 commmnam
429 5562 537 5629 diceus,
557 5560 657 5615 boumn
675 5576 735 5614 csse
751 5561 879 5631 innuptus
895 5579 930 5617 ac
945 5563 1048 5635 uiduis,
1074 5566 1168 5636 plures
1192 5563 1310 5620 feminus
1327 5574 1385 5617 uu!
1400 5572 1465 5612 cum
1483 5571 1569 5613 uxore
1579 5559 1714 5632 legitima,
1732 5578 1790 5632 qua
1803 5561 1912 5618 auom
