4020 6014
258 209 320 273 tet
831 204 953 269 wOUS
970 201 1175 263 acuemus
1190 201 1372 267 QUARTUS

258 372 293 410 ec
307 357 397 411 aar&
425 357 531 427 lspihns
558 359 751 430 antiquiorum
769 359 982 431 umectum.
1016 356 1092 428 Ergo
1118 355 1239 429 defendi
1251 356 1380 426 paseha,
1398 363 1425 411 et
1442 356 1659 413 comiderantur
1675 357 1865 429 dilipmtiroe,
1882 365 1911 413 et
1924 358 1963 412 ia·

258 441 288 497 in
303 443 447 513 primitiva
463 445 580 502 ecclesia
596 463 654 507 noa
671 445 726 501 fuit
743 445 877 502 mitamm
893 443 1029 516 supplicio
1047 458 1093 499 cs·
1120 440 1286 510 tcllipuntur
1304 443 1421 511 clarius,
1438 450 1465 497 et
1482 442 1635 498 instantius
1648 444 1867 512 praedicantur⁸
1887 449 1915 496 st
1930 441 1963 495 nt

257 529 339 598 pituli
356 530 387 587 in
404 531 560 589 haereticos
579 533 806 589 animadvertere.
1119 528 1283 583 aduersario
1301 535 1377 583 neta
1401 528 1526 596 quam
1552 527 1683 583 dicundi
1705 527 1819 583 mictu
1844 527 1963 583 ocenum

130 625 150 667 t.
163 626 198 666 nx
293 620 352 674 341.
388 616 523 680 Quartam
545 625 771 690 argumentorum
795 617 913 674 classem
932 614 1094 672 deducimus
1119 611 1308 669 liudonem
1324 612 1496 685 religionen.
1516 617 1564 669 26:
1583 612 1619 669 Si
1634 613 1774 669 haeretiei
1793 620 1963 678 nonum

129 678 238 770 pm*
258 716 291 753 u
303 701 373 770 spa
392 705 576 774 munerum,
595 711 653 760 um
672 703 835 772 enumera,
854 718 938 774 qum
955 699 1094 756 curun
1120 698 1206 752 nmo
1228 698 1343 768 prunus
1367 699 1682 768 mensurnorum.
1720 698 1916 754 summm
1937 697 1963 755 u

129 796 188 836 xrv.
199 793 244 836 111.
257 785 308 843 nis.
351 788 566 858 Pontificiowm
591 791 765 861 quorundam
789 789 953 846 muraneum
975 787 1095 857 petimus
1121 782 1174 838 hoc
1191 783 1252 855 ipso
1271 801 1333 854 cap.
1351 801 1424 855 resp.
1442 783 1479 838 ad
1502 801 1560 856 arg.
1578 784 1720 856 quintum:
1755 785 1888 840 Tansetsi
1902 785 1963 841 hos·

128 854 245 905 '⁰³¹⁸⁸¹⁰·
258 875 282 928 1.
294 888 328 925 ee
342 873 408 940 iure
424 876 574 930 canonico.
595 891 617 931 a
655 874 729 941 Quid
745 880 838 931 autem
858 874 922 930 dist
942 880 990 930 45:
1010 873 1094 927 Noua
1121 868 1206 922 retici
1220 869 1352 925 ridentur
1379 871 1513 925 ecelesiae
1531 887 1646 940 nocere,
1666 877 1761 925 tamen
1784 887 1891 926 reuera
1909 890 1962 927 aas

203 951 205 955 ’
256 964 341 1026 atqrsc
368 959 502 1014 inaudita
524 961 707 1032 praedicatio
744 969 800 1026 est,
833 976 906 1031 quae
936 958 1096 1013 uerberibus
1120 963 1228 1021 nocem,
1243 958 1370 1013 sedeam
1387 965 1513 1011 exercent
1529 965 1556 1010 et
1571 956 1759 1026 insapientia
1773 956 1962 1026 aopaticntis

253 1043 340 1109 fidem
360 1045 456 1112 ariph.
475 1061 498 1100 c.
514 1112 517 1118 .
535 1046 590 1111 Qui
609 1047 718 1102 sincera
736 1046 799 1102 dist.
818 1045 894 1102 enda
915 1044 972 1107 Qui
983 1043 1095 1097 macera
1120 1041 1258 1108 prohome
1277 1042 1398 1104 facium.
1442 1045 1466 1099 t.
1484 1043 1594 1098 Judaei
1616 1060 1673 1097 non
1691 1050 1834 1098 conantur
1846 1059 1961 1116 perrer-

255 1128 405 1184 intentione
422 1138 570 1187 ectranees
590 1150 609 1186 a
623 1132 791 1187 Christiana
802 1130 942 1199 relipicne
953 1131 994 1183 ad
1010 1130 1095 1192 {idem
1121 1131 1178 1180 tere
1193 1123 1371 1181 Christianos
1383 1127 1576 1199 utplurimum,
1594 1128 1665 1182 secut
1680 1127 1798 1195 faciunt
1814 1128 1960 1183 meets.

257 1214 374 1282 cupiunt
390 1223 496 1270 rectam
510 1220 680 1289 perducem,
696 1217 897 1272 blandimentis
914 1215 1022 1278 dehent,
1039 1231 1095 1268 non
1120 1210 1348 1282 Respondemus:
1371 1229 1454 1268 accur
1485 1213 1572 1284 igitur
1600 1229 1670 1284 opus
1696 1213 1752 1270 init
1774 1212 1961 1284 muratorii·

257 1302 459 1369 asperitatibus
484 1306 611 1373 studes,
637 1321 672 1358 ne
699 1321 817 1374 pirorum
839 1310 958 1357 mentem
980 1301 1095 1355 reddita
1121 1295 1176 1351 illis
1205 1295 1328 1367 legibus,
1356 1297 1386 1353 in
1412 1296 1515 1368 quibus
1542 1297 1743 1370 proscriptione
1768 1299 1911 1355 mnemia
1935 1303 1961 1354 et

257 1386 335 1440 ratio
355 1388 529 1457 adplenum
544 1397 661 1458 poterat
677 1405 819 1457 revocare,
826 1387 919 1458 pellat
927 1387 1030 1457 prend
1042 1387 1095 1440 od·
1121 1383 1266 1454 sanguinis
1283 1383 1368 1439 etiam
1384 1401 1476 1455 poena
1492 1384 1681 1441 Christianum
1697 1385 1735 1440 ad
1751 1402 1833 1443 suam
1851 1383 1960 1458 religio·

255 1471 383 1542 nersitas,
422 1473 499 1528 Nam
525 1475 680 1544 quicunque
710 1474 796 1528 aliter
822 1480 909 1541 apunt
939 1480 965 1527 et
982 1488 1028 1526 ecs
1044 1471 1095 1524 suh
1121 1485 1184 1523 nem
1201 1469 1363 1539 pertrahere
1377 1469 1479 1527 ludaei
1497 1469 1699 1541 prohibentur?
1715 1470 1735 1529 1.
1757 1477 1797 1529 to.
1818 1477 1860 1528 11.
1872 1479 1903 1527 et
1921 1475 1960 1529 ts.

255 1556 307 1617 hoc
326 1557 464 1613 uelamine
483 1576 502 1611 a
519 1568 651 1614 constrata
668 1560 742 1614 ritus
758 1559 807 1613 sui
822 1557 963 1615 uolumini
982 1558 1096 1612 cultura
1122 1555 1154 1610 C.
1174 1555 1210 1612 de
1234 1553 1352 1611 ludaeis
1376 1560 1405 1611 st
1428 1555 1582 1615 Coelicolis.
1618 1547 1713 1615 'Hisce‘
1731 1558 1806 1628 juris
1834 1555 1960 1613 ammiti

255 1658 411 1708 remouere,
433 1660 502 1703 suar
525 1645 587 1699 illic
611 1646 702 1713 mapc's
725 1662 810 1713 pisam
829 1645 888 1699 Dei
913 1661 1015 1698 comas
1025 1660 1095 1714 pro-
1121 1640 1251 1710 capitulis
1276 1641 1310 1695 de
1333 1641 1451 1699 ludaeis
1468 1641 1620 1698 tolerandis
1644 1643 1843 1715 conjungimus
1867 1641 1960 1713 etiam,

257 1726 358 1782 dantur
372 1730 524 1786 attmdere.
536 1745 561 1786 c.
575 1729 610 1785 de
617 1729 736 1786 ludaeis
748 1729 811 1787 dist.
825 1729 901 1786 aad:
915 1732 963 1783 De
971 1729 1095 1783 ludaeis
1121 1725 1151 1779 in
1167 1725 1268 1796 quibus
1280 1726 1418 1784 violentae
1435 1727 1641 1799 persecutiones
1653 1737 1682 1784 et
1702 1729 1838 1799 capitalia
1855 1729 1960 1802 suppli

251 1815 401 1884 praecepit
411 1811 654 1885 sanctasynodus,
670 1816 776 1870 nemini
784 1816 915 1885 deinceps
925 1817 967 1869 ad
978 1816 1094 1869 aeden·
1120 1811 1165 1867 cia
1174 1812 1308 1869 adversus
1322 1819 1445 1868 errantes
1464 1814 1663 1886 improbentur.
1681 1831 1706 1871 e.
1735 1814 1807 1871 rl'res
1825 1832 1959 1887 personas

256 1901 325 1953 dum
342 1900 399 1953 eim
418 1900 532 1967 inferri,
551 1901 599 1954 cui
616 1901 689 1954 enim
706 1901 766 1955 vult
786 1903 869 1956 Deus
887 1902 1049 1965 miseretur,
1067 1908 1095 1954 et
1121 1913 1196 1954 caus.
1215 1902 1257 1954 23.
1274 1916 1302 1970 q.
1324 1904 1355 1954 t:
1372 1901 1446 1954 Ecce
1463 1901 1540 1968 quod
1556 1900 1629 1954 mali
1649 1900 1797 1956 tolerandi
1812 1909 1894 1967 m,
1911 1918 1959 1956 nec

257 2002 339 2054 quem
356 1985 416 2039 uult
436 1986 568 2055 indurat,
591 2004 649 2040 non
673 1988 747 2042 enim
766 1988 840 2042 tales
863 1987 946 2042 inriti
959 1987 1096 2041 calcandi
1121 1984 1282 2054 corporali,
1315 1987 1368 2039 sed
1391 1985 1540 2055 spirituali
1566 1986 1692 2040 uindicta
1718 1993 1784 2041 eunt
1809 1987 1960 2056 puniendi,

256 2079 336 2140 nont,
359 2074 412 2126 sed
437 2072 574 2138 colentes,
598 2082 629 2128 ut
652 2076 764 2145 intepra
788 2075 825 2129 sit
845 2075 942 2137 forma
953 2073 1094 2142 justitiae.
1120 2070 1195 2123 onds
1213 2087 1275 2123 uem
1291 2070 1431 2139 discspnli
1440 2089 1496 2125 non
1509 2071 1617 2141 recepti
1626 2088 1646 2125 a
1659 2071 1854 2128 Samarimnie
1868 2073 1961 2144 ipsese

256 2154 369 2227 Excipit
384 2155 579 2227 Bellarrninus,
599 2175 659 2213 csse
674 2177 807 2229 mapnam
821 2159 1011 2230 differentiam
1023 2158 1095 2213 inter
1120 2155 1238 2210 ocelim
1256 2172 1341 2225 super
1359 2173 1407 2210 eos
1424 2158 1564 2211 deduccm
1581 2157 1737 2228 coluerunt,
1756 2158 1884 2215 dieentes
1901 2177 1960 2214 nra·

257 2242 388 2298 Judacos
405 2252 433 2298 et
455 2244 619 2300 haereticos.
662 2247 687 2301 1.
710 2244 822 2299 Judaei
843 2261 988 2313 nunquam
1005 2260 1094 2298 susce·
1119 2240 1224 2308 pistre:
1248 2240 1310 2310 Vir,
1329 2241 1472 2306 dieamus,
1496 2249 1527 2296 ut
1552 2245 1704 2297 descendat
1729 2242 1805 2312 ipnis
1824 2247 1861 2299 do
1880 2245 1958 2300 coslo

251 2336 357 2396 parunt
378 2331 469 2399 sidem
502 2328 710 2394 Ohn‘stianam,
738 2330 876 2384 haeretici
904 2337 1093 2402 aeceperunt.
1120 2335 1147 2380 ct
1164 2336 1307 2382 consumat
1324 2330 1392 2383 eoa!
1409 2331 1573 2387 auduram:
1591 2330 1721 2400 Nescitis,
1739 2332 1822 2400 cujus
1839 2331 1960 2401 spirw

254 2411 482 2484 Respondemus:
507 2430 542 2469 ex
565 2413 702 2485 parabola
722 2413 826 2469 Christi
852 2414 921 2470 Luc
942 2421 982 2471 te
1002 2420 1092 2471 osten·
1120 2413 1208 2467 estis!
1224 2429 1248 2469 c.
1262 2419 1287 2469 2.
1318 2411 1547 2478 Qnisacundum.
1563 2432 1639 2473 caus.
1658 2420 1687 2471 et
1705 2433 1733 2488 q.
1745 2416 1861 2472 iisdem:
1878 2418 1958 2472 Nae·

256 2499 354 2565 dimus,
374 2517 430 2556 uon
442 2517 524 2570 posse
536 2516 588 2556 nec
602 2499 704 2556 debere
715 2499 876 2572 capitalium
893 2500 1093 2572 suppliciorum
1119 2515 1205 2568 mam
1227 2498 1389 2569 spiritualis
1413 2501 1558 2559 carnalem
1580 2502 1772 2573 persequetur,
1800 2503 1870 2571 scit,
1881 2496 1886 2504 ’
1898 2521 1958 2558 eun

255 2584 302 2639 rel
323 2585 519 2657 compulsionis
542 2594 672 2657 respectu
697 2587 782 2642 talem
809 2585 996 2643 fflffmendam
1021 2587 1093 2641 inter
1115 2585 1253 2654 proficere
1266 2602 1352 2655 posse
1366 2601 1421 2656 per
1440 2593 1560 2656 tempus,
1581 2595 1608 2640 et
1625 2588 1786 2656 siquando
1800 2589 1959 2660 suppone

256 2670 410 2727 haereticos
435 2677 465 2729 et
488 2671 615 2728 infideles
638 2673 733 2728 statui.
768 2671 921 2729 Praeterea
942 2672 1045 2730 ludam
1064 2673 1093 2728 in
1118 2671 1208 2735 filium
1224 2671 1329 2725 uiderit
1345 2672 1520 2741 irascentem,
1540 2674 1737 2728 recordabitur
1754 2675 1840 2729 unisse
1850 2677 1958 2745 patris,
1969 2689 2009 2733 m.

256 2758 313 2813 suis
334 2757 487 2829 majoribus
510 2765 676 2831 receperunt
702 2757 786 2817 fidem
804 2758 1004 2827 Christianam,
1028 2759 1094 2831 quia
1119 2757 1169 2826 qui
1187 2758 1267 2812 hoece
1285 2759 1391 2813 crearit
1407 2768 1434 2814 ct
1455 2759 1566 2828 udum,
1585 2768 1611 2814 et
1623 2761 1654 2815 in
1671 2778 1776 2829 mapna
1794 2764 1881 2817 domo
1902 2781 1958 2818 nos

255 2841 324 2898 fides
342 2842 499 2899 Israiilitica
515 2847 545 2898 iu
562 2843 598 2900 V.
610 2844 643 2900 T.
662 2843 718 2901 fuit
735 2844 834 2900 mdcm
852 2845 946 2915 quoad
963 2844 1093 2900 substan·
1119 2843 1210 2898 solum
1227 2860 1287 2899 cese
1303 2862 1373 2899 oasa
1392 2862 1482 2899 aurea
1499 2854 1526 2899 et
1541 2855 1684 2914 arpentea,
1701 2849 1754 2901 sed
1771 2855 1797 2902 et
1816 2848 1915 2917 lipnoa
1931 2857 1959 2905 et

255 2928 334 2984 tialis
351 2946 415 2985 cum
432 2929 488 2986 fide
507 2928 665 2986 Christiano
682 2930 712 2986 iu
730 2930 765 2987 N.
784 2930 818 2988 T.
854 2933 880 2985 2.
899 2932 1011 2985 Judaei
1026 2931 1092 2986 reli·
1118 2929 1220 2993 fictitia
1246 2929 1341 2983 coluit.
1368 2946 1429 3002 cap.
1452 2930 1504 2984 His
1528 2948 1546 2985 a
1577 2931 1654 3004 quib.
1684 2950 1760 2987 caus.
1786 2933 1848 2989 ead
1877 2952 1905 3006 q.
1930 2941 1957 2991 e:

256 3015 366 3084 pionem
385 3017 488 3086 colunt,
504 3035 591 3087 quam
602 3020 684 3079 Deus
701 3017 823 3072 instituit
840 3018 941 3072 saltem
952 3034 1010 3089 pro
1028 3024 1093 3070 tem·
1120 3013 1274 3085 Epiacops'e
1285 3014 1429 3085 judicium
1446 3017 1592 3085 sanpuinie
1616 3019 1726 3086 opilare
1742 3037 1799 3073 non
1818 3019 1885 3073 lieu
1904 3026 1957 3077 etc.

253 3120 338 3172 pore,
385 3103 521 3157 haeretici
559 3120 635 3172 earn,
674 3120 759 3172 quam
803 3104 936 3158 &chalus
981 3103 1093 3157 inuenit.
1118 3117 1167 3155 nec
1192 3101 1363 3155 indiscretae
1383 3103 1604 3171 praesumtionis
1621 3103 1740 3159 motibus
1759 3105 1878 3175 epitati,
1909 3112 1959 3160 nuc

256 3188 482 3260 Respondemus:
501 3205 585 3260 quam
602 3188 765 3260 religionem
781 3188 865 3245 hodie
877 3188 1093 3254 coluntludsei,
1120 3188 1197 3255 quod
1212 3195 1301 3241 morte
1315 3187 1497 3256 plectendum
1515 3196 1570 3255 est,
1587 3191 1723 3244 sentemia
1737 3189 1863 3262 propria
1874 3192 1958 3260 judi-

259 3291 320 3330 eam
341 3274 419 3330 Deus
443 3291 585 3346 uunquam
615 3273 751 3340 instituit,
774 3280 936 3344 exspectant
953 3274 1094 3343 Messinm,
1119 3289 1185 3326 care
1204 3281 1402 3343 praesumant,
1425 3280 1474 3327 aut
1494 3290 1551 3343 per
1573 3275 1752 3344 reinserunt
1769 3276 1959 3331 cumbrorum

258 3360 307 3432 qui
314 3360 443 3431 jamdum
455 3361 538 3429 veuit,
549 3359 651 3416 falsum
669 3359 800 3416 Messinm
811 3365 981 3430 exspectant,
998 3377 1093 3416 rerum
1118 3360 1308 3414 truncationes
1339 3360 1507 3430 quibuslibet
1534 3363 1682 3432 personis,
1707 3370 1757 3419 aut
1786 3362 1960 3432 inserendos

260 3447 392 3502 conviciis
423 3452 452 3501 et
482 3446 662 3517 blasphemiis
692 3444 889 3516 proscindunt,
925 3445 1094 3501 ceremonias
1116 3445 1306 3515 praecipiant.
1800 3512 1802 3516 Α

259 3532 362 3602 colunt,
380 3548 453 3604 quae
470 3548 534 3586 eum
547 3531 584 3588 V.
597 3531 630 3589 T.
650 3538 716 3586 sunt
732 3529 867 3600 subintus,
885 3531 1048 3587 traditiones
1065 3537 1095 3586 et
1154 3536 1216 3587 342.
1252 3534 1298 3586 Ec
1306 3532 1420 3600 scriptia
1430 3534 1624 3591 recentiorum.
1651 3535 1772 3591 Senatus
1782 3535 1953 3606 parlamenti

259 3616 467 3688 superstitiones
499 3633 517 3672 a
547 3617 609 3672 Deo
635 3616 782 3671 damnatas
810 3616 974 3688 observant,
1003 3617 1094 3689 legem
1120 3617 1285 3673 Parisiensis
1308 3618 1345 3672 ad
1367 3634 1461 3690 regem
1488 3617 1598 3676 Galliae
1625 3627 1654 3677 et
1670 3620 1800 3677 Andreae
1823 3621 1957 3693 Philopu

260 3702 391 3759 moralem
422 3703 458 3759 de
491 3708 606 3758 exterus
633 3702 769 3758 duntaxat
808 3702 967 3759 obedientia
1001 3703 1093 3774 phari·
1119 3703 1170 3759 tris
1187 3703 1344 3775 presbyteri
1354 3704 1473 3761 Romani
1489 3723 1651 3777 responsum
1666 3707 1705 3763 ad
1723 3707 1837 3778 reginae
1855 3708 1958 3780 Angli·
2004 3754 2007 3762 .

259 3789 333 3844 saice
352 3788 569 3859 interpretantur
585 3794 639 3843 ete.
675 3786 775 3842 Merito
793 3787 880 3859 igitur
898 3789 944 3843 hie
962 3806 1094 3861 urgemus
1119 3807 1168 3846 cae
1191 3790 1312 3846 edictum
1332 3791 1497 3847 adduximus
1515 3793 1644 3865 superius
1663 3793 1693 3848 in
1711 3795 1891 3865 quaestione,
1918 3814 1959 3850 an

257 3873 419 3930 Pontificius
431 3880 460 3930 et
471 3873 628 3946 quaerimus
645 3890 679 3928 ex
692 3873 764 3936 illis,
775 3891 826 3929 cur
841 3874 961 3930 tolerent
972 3875 1094 3932 Judaeu-
1119 3878 1302 3946 mapistratue
1319 3877 1445 3932 usbddm
1461 3881 1503 3933 acl
1513 3880 1602 3948 fidem
1616 3895 1715 3950 cepere
1732 3881 1840 3936 artene
1877 3881 1959 3938 Idem

258 3978 319 4015 rum
337 3976 511 4031 synagogas,
531 3958 680 4030 inquibus
699 3958 826 4014 Christus
844 3958 986 4025 Salvator,
1004 3961 1095 4017 Maria
1120 3963 1282 4034 Philopator
1311 3963 1342 4017 iu
1367 3962 1428 4018 eod.
1460 3980 1531 4035 resp.
1564 3965 1636 4020 inter
1658 3970 1752 4020 cetera
1780 3965 1821 4020 sic
1844 3967 1958 4023 scribit:

257 4046 338 4118 virgo
357 4050 387 4100 et
408 4044 566 4101 Christiane
587 4044 686 4116 religio
712 4045 956 4116 blasphemantur,
984 4045 1093 4102 interim
1120 4049 1200 4102 Hace
1224 4051 1322 4103 codun
1339 4049 1469 4117 previsio
1497 4048 1580 4116 (ferro
1602 4057 1632 4106 et
1648 4050 1766 4105 flammis
1792 4051 1959 4124 religionem

258 4131 377 4188 tolerare
399 4131 489 4187 nolint
505 4131 691 4203 Augustanus
717 4130 898 4188 confessionis
922 4133 1023 4202 socios,
1046 4135 1094 4206 qui
1119 4134 1301 4205 exstirpandi)
1324 4136 1384 4199 suit
1407 4136 1544 4190 Antiochi
1565 4136 1656 4204 repis,
1679 4137 1747 4191 haec
1771 4141 1875 4193 eadem
1898 4140 1960 4204 fruit

259 4218 417 4289 symbolum
435 4218 623 4289 apostolorum
638 4217 778 4289 recipiunt
796 4224 826 4274 et
841 4219 1011 4275 inomnibus
1028 4237 1092 4275 cou-
1121 4221 1257 4290 Neronis,
1284 4221 1456 4287 Domitiani,
1486 4222 1574 4277 Decii
1593 4231 1802 4293 ceterorumque
1822 4241 1958 4294 persecu·

258 4304 399 4359 troversiis
421 4303 503 4359 unice
525 4303 563 4358 ad
587 4303 744 4374 Scripturas
764 4310 918 4375 provocant
944 4311 1028 4376 atque
1060 4323 1093 4360 ex
1119 4315 1211 4361 torum
1229 4303 1405 4361 Christianae
1416 4309 1505 4377 fidei,
1530 4309 1579 4362 cui
1593 4309 1675 4371 terro
1693 4315 1804 4364 tantum
1817 4313 1958 4380 flammis·

194 4418 197 4423 <
257 4389 312 4444 illis
332 4406 446 4459 suarm,
464 4389 570 4460 dquos
584 4388 688 4444 habere
706 4388 861 4458 rideantur,
881 4389 969 4444 refelli
990 4391 1093 4448 ethae-
1119 4409 1172 4462 aue
1188 4394 1389 4447 occurrendum
1407 4402 1594 4463 perecount,-
1616 4396 1685 4449 haec
1709 4397 1786 4450 ratio
1809 4398 1870 4463 fuit
1888 4397 1958 4452 scri·

258 4493 350 4532 reseca
368 4475 495 4532 convinci
521 4480 629 4546 petunt.
669 4477 697 4528 3.
717 4476 801 4530 Secta
818 4475 995 4531 Jnaneomn
1014 4478 1093 4532 utilis
1120 4481 1218 4534 harum
1261 4496 1296 4532 ac
1332 4479 1556 4535 Pharisaeorum
1591 4500 1626 4537 ac
1656 4483 1822 4553 principum
1857 4485 1959 4540 Judae

259 4571 299 4616 ert
330 4562 478 4630 cenimina,
511 4563 580 4631 piria
607 4578 705 4616 eorum
737 4562 805 4615 libri
834 4570 898 4616 runt
924 4565 1094 4633 prophetiae
1116 4565 1353 4636 praecipientium
1367 4567 1566 4638 apostolieae
1583 4568 1762 4638 loquerentur
1779 4570 1906 4639 amplius
1923 4572 1956 4625 in

257 4657 420 4703 nostrarum
438 4665 533 4702 rerum
558 4655 584 4701 et
609 4664 704 4702 eorum
728 4648 902 4702 ceremoniae
918 4650 1028 4720 fipurae
1045 4669 1094 4705 no·
1119 4652 1230 4706 nominc
1246 4652 1319 4707 Jesu
1337 4653 1401 4706 Aet.
1420 4656 1444 4706 t.
1462 4654 1531 4708 haec
1555 4655 1653 4707 eadem
1673 4653 1823 4709 Genscrici
1839 4673 1875 4709 ac
1896 4657 1957 4711 Hu-

258 4742 380 4788 strorum
388 4734 593 4802 mysteriorum.
622 4732 848 4803 Respondemus:
868 4734 950 4790 etiam
968 4735 1095 4794 haereses
1119 4738 1209 4792 norim
1231 4755 1328 4806 nepum
1350 4739 1526 4792 ananum
1552 4742 1704 4794 amandum
1728 4740 1866 4795 Victorem
1892 4743 1959 4798 hist.

258 4818 392 4874 ecclesiae
411 4819 627 4876 emolumentum
646 4818 769 4889 aliquod,
790 4835 824 4873 ex
843 4820 983 4877 accidenti
1000 4828 1095 4878 tamen
1127 4826 1215 4879 Vand.
1243 4824 1263 4881 l.
1291 4826 1318 4879 3.
1348 4840 1383 4877 nc
1414 4833 1563 4879 concentus
1588 4827 1762 4880 castrarent
1788 4830 1830 4882 acl
1856 4829 1959 4884 dimna

258 4910 409 4976 praestant
429 4909 453 4962 1.
471 4902 534 4959 Cor.
555 4909 602 4974 11,
621 4921 647 4959 r.
669 4909 715 4960 19:
746 4904 862 4974 Oportet
880 4923 938 4962 esse
957 4909 1096 4979 haereres,
1121 4909 1254 4978 mpsmria
1273 4908 1413 4964 Catholici
1429 4914 1483 4969 etc.
1521 4909 1678 4980 Cardinalis
1692 4909 1797 4967 Hosius
1815 4930 1859 4968 an
1883 4921 1958 4973 1568.

258 4998 288 5045 ut
308 4991 359 5061 qui
370 4991 489 5060 probati
504 4997 577 5053 sunt,
595 4991 740 5058 manifesti
759 4992 831 5054 hant
849 4993 879 5045 in
897 4994 983 5049 noth.
1021 4995 1095 5051 Hae·
1120 4995 1196 5071 apud
1217 4995 1410 5066 magistratum
1432 4995 1645 5068 Elbingensem,
1669 4996 1717 5070 qui
1746 4997 1842 5069 ejectis
1862 4998 1960 5057 docto·

258 5075 338 5133 rodei
352 5080 481 5132 marcent
497 5075 632 5131 ecclesiae
653 5078 840 5148 sapientiam,
857 5080 971 5150 tyranni
986 5087 1017 5135 et
1033 5098 1094 5151 per·
1121 5081 1199 5136 ribus
1225 5079 1380 5138 Pontificiis
1405 5081 1594 5154 evangelicam
1623 5083 1785 5155 religionem
1811 5086 1960 5155 amplexus

259 5167 398 5218 secutores
425 5159 550 5232 quedem
568 5163 745 5231 patientiam.
786 5164 963 5237 Augustinus
986 5165 1034 5223 lib.
1055 5173 1094 5224 16.
1120 5167 1226 5236 fuerat,
1251 5167 1361 5238 scriptis
1386 5168 1424 5224 ad
1455 5185 1519 5226 eum
1544 5169 1632 5225 literis
1660 5169 1784 5240 graviter
1809 5169 1961 5229 intercedit

260 5246 295 5302 de
312 5247 366 5302 eir.
387 5246 441 5302 Dei
459 5264 483 5302 c.
502 5253 526 5303 2.
549 5263 605 5302 uon
622 5247 705 5319 louge
729 5266 747 5303 a
769 5250 921 5323 principio:
939 5252 1038 5305 Multo
1054 5256 1096 5308 ad
1120 5253 1192 5309 inter
1210 5252 1266 5307 alia
1284 5253 1325 5309 sic
1343 5253 1467 5310 scribens
1486 5261 1551 5311 tom
1569 5260 1595 5310 2.
1611 5254 1632 5313 i.
1651 5261 1712 5312 tas:
1739 5257 1839 5311 Liceat
1853 5260 1960 5316 salum

258 5332 428 5389 catholicam
458 5335 547 5404 fidem
581 5335 754 5405 pertinentia
790 5339 858 5392 dum
891 5336 1095 5392 haereticorum
1120 5340 1151 5394 in
1169 5341 1222 5394 hac
1236 5340 1317 5409 repis
1329 5341 1452 5410 ciuitate,
1471 5342 1688 5411 quodlicetsuh
1699 5343 1784 5411 praui
1797 5345 1960 5402 Tuscorum

258 5419 370 5475 callida
395 5421 588 5492 inquietudine
611 5423 806 5494 mactantur,
834 5431 865 5478 ut
887 5424 1025 5478 adeunte
1047 5441 1095 5481 eos
1120 5433 1257 5497 suanno,
1285 5435 1317 5485 ut
1345 5426 1474 5487 christus
1503 5429 1534 5484 in
1564 5428 1726 5485 Bethlehem
1752 5437 1837 5486 natus
1868 5433 1960 5492 item
