4006 6022
643 197 696 253 DE
715 195 938 256 sumamma
957 195 1260 262 accmsms‘ucu
1744 211 1802 270 161

101 348 250 404 munem
266 349 395 418 officium
414 350 539 420 implerit
560 351 703 419 Christus,
721 372 784 407 cum
801 355 831 407 in
850 354 942 408 medio
971 355 1049 411 illud
1075 358 1243 412 immundus.
1266 358 1307 413 lit.
1331 357 1377 412 D.
1405 356 1483 412 Ordo
1517 357 1653 412 teotonem
1679 359 1805 422 formam

101 435 243 488 seniorum
261 436 364 489 librum
381 438 489 490 Esaiae
507 439 638 508 aperiens
657 439 786 494 distincte
805 442 846 494 ad
863 441 942 495 intel·
970 450 996 495 et
1028 443 1138 497 initium
1165 464 1184 499 a
1210 446 1355 514 prophetis
1385 445 1526 514 accepisse
1550 445 1677 513 uidetur,
1706 446 1806 514 quibus

99 522 243 590 lipendum
256 510 338 590 lepit:
359 523 486 592 Spiritus
497 526 768 594 Dominisuperme.
793 527 942 580 Institutas
969 529 1085 583 dicitur:
1117 531 1222 599 Clamo,
1241 550 1275 585 ne
1295 548 1392 596 cesses,
1412 549 1495 601 quase
1491 532 1582 600 tuba
1599 531 1694 585 exalta
1711 548 1805 586 uocem

101 608 283 680 erpo(inquit
296 607 410 675 Fabius)
424 618 463 663 cet
481 613 552 664 ordo
566 611 718 665 lectoratus
719 612 941 681 ,quandoChri
969 622 1052 669 tuarn.
1071 616 1112 671 lit.
1129 616 1168 669 E:
1194 618 1410 671 Exorcistarum
1431 620 1503 673 ordo
1522 636 1541 671 a
1561 617 1712 673 Salomone
1729 618 1805 672 oide-

99 704 158 749 stae
174 696 277 749 librum
287 697 877 769 prophetoeaperuitetcomplctalectione
892 699 942 751 mi·
968 709 1014 753 tur
1030 703 1222 771 descendisse,
1247 704 1296 772 qui
1319 706 1459 772 quendam
1486 706 1598 758 modum
1624 702 1807 757 exorcizandi

99 783 190 835 nietro
209 783 289 835 dedit
309 782 376 835 Into.
399 787 426 838 4.
453 786 668 837 Exorcistarum
693 787 790 852 officio
815 803 881 837 usus
901 794 941 837 est
953 778 955 856 Ῑ
969 787 1081 855 invenit,
1095 805 1149 857 quo
1162 790 1309 843 daemones
1322 789 1456 856 adjurati
1467 806 1499 842 ex
1509 790 1627 842 obsessis
1640 789 1806 859 corporibue
1823 773 1828 781 ⁸

99 869 254 936 Dominus,
283 870 399 936 quando
425 870 518 923 saliua
544 888 597 924 sua
622 872 711 940 tetipit
732 889 816 924 cures
842 879 868 923 et
888 871 941 924 lin-
968 875 1187 943 expellebantur.
1216 875 1255 929 lit
1283 876 1320 930 F:
1347 877 1445 945 Hujus
1472 876 1684 944 (acoluthorum)
1713 875 1807 940 oflicii

98 972 185 1022 cuam
208 955 294 1008 surdi
316 963 342 1007 et
366 956 437 1008 muti
456 957 552 1009 dicens
578 957 710 1027 Ephata,
737 960 813 1026 qnod
830 967 871 1011 est
889 959 940 1011 ad·
966 961 1091 1023 formam
1112 961 1159 1014 illi
1175 963 1307 1031 parebant
1325 963 1354 1015 in
1379 962 1408 1015 V.
1433 964 1463 1016 Τ.
1485 964 1536 1033 qui
1552 964 1683 1017 lucernae
1703 965 1804 1017 cande·

100 1041 229 1110 aperire;
248 1041 302 1123 hoc
322 1041 406 1095 ctiam
426 1041 524 1106 aspicio
549 1060 616 1095 umes
642 1051 681 1096 cst
712 1044 853 1106 Christus,
880 1062 941 1096 eum
968 1045 1046 1098 labri
1061 1047 1259 1116 componebant
1281 1057 1305 1101 et
1333 1050 1522 1102 accendebant
1540 1050 1603 1116 ione
1626 1050 1739 1102 coelesti
1764 1050 1805 1102 ad

100 1127 302 1180 daemoniacae
316 1128 417 1182 multos
435 1129 554 1185 sanavit.
587 1128 739 1182 Institutas
757 1146 823 1197 erpo
838 1129 942 1205 (iuquit
968 1131 1560 1204 illuminandaetencbraecortilonarcsdit.
1574 1133 1615 1189 G:
1630 1134 1807 1188 Subdiaconi

99 1212 216 1282 Fabius)
225 1221 267 1267 eet
279 1216 473 1284 exorcistam,
488 1217 602 1285 quando
616 1213 743 1269 Christus
753 1217 844 1283 tetipit
857 1233 940 1269 aures
968 1220 1048 1286 apud
1076 1219 1221 1273 Hebraeos
1242 1220 1400 1274 Nothinaei
1426 1221 1613 1289 uocabantur,
1643 1221 1694 1273 hoc
1708 1227 1749 1273 est
1773 1219 1804 1273 in

99 1301 215 1354 mediet
232 1302 317 1355 erardi
336 1304 430 1356 blare.
447 1304 473 1356 7.·
487 1310 512 1355 et
525 1304 688 1372 quandode
701 1302 803 1355 Maria
816 1302 941 1370 liopda·
968 1304 1123 1357 humilitate
1151 1308 1275 1362 Domino
1303 1307 1459 1360 renuentes.
1478 1306 1518 1360 lit
1538 1305 1580 1359 H:
1608 1306 1804 1359 Diaconomem

102 1387 166 1442 lena
186 1395 292 1456 septem
306 1389 457 1442 Memento
472 1389 563 1457 ejecit.
596 1389 799 1442 Aeoluthorum
814 1389 941 1453 officium
968 1391 1038 1444 ordo
1057 1391 1087 1444 in
1109 1392 1140 1445 V.
1162 1392 1193 1448 T.
1215 1410 1233 1445 a
1249 1393 1323 1445 tribu
1342 1393 1410 1446 Levi
1427 1408 1523 1446 nornen
1536 1391 1652 1460 accepit,
1673 1392 1805 1445 dicuntur

101 1475 244 1527 Dominus
262 1490 291 1527 se
318 1474 419 1527 habers
444 1481 561 1527 testatur
590 1474 694 1530 ilicone.
730 1475 793 1542 Epo
814 1492 873 1527 sum
893 1475 941 1527 lut
969 1476 1040 1528 enim
1069 1485 1095 1529 et
1120 1479 1242 1543 Levitae,
1270 1484 1298 1533 et
1321 1485 1434 1548 postea:
1467 1478 1549 1539 Quod
1571 1477 1636 1530 huic
1662 1478 1761 1530 ordini
1785 1494 1804 1531 a

100 1560 215 1623 mundi,
240 1560 435 1629 misequitur
455 1576 511 1622 me,
542 1578 598 1612 non
618 1560 743 1614 ambulat
762 1560 792 1612 in
811 1560 941 1613 tenebris.
970 1563 1069 1631 Mopse
1090 1572 1222 1617 statutum
1241 1573 1296 1628 est,
1315 1565 1366 1618 hoc
1384 1565 1468 1617 etiam
1487 1564 1517 1616 in
1535 1565 1571 1618 N.
1593 1565 1625 1616 Τ.
1643 1579 1805 1632 repraesen-

101 1644 250 1698 lnetitutue
282 1662 350 1716 erpo
384 1645 485 1716 (inquit
521 1644 637 1712 Fabius)
675 1654 714 1698 eet
756 1646 942 1715 acoluthatus,
970 1658 1061 1715 tatur,
1089 1669 1149 1705 cum
1170 1653 1292 1705 diacono
1319 1667 1403 1720 super
1432 1652 1540 1705 laesum
1564 1649 1708 1703 humerum
1731 1649 1805 1702 stola

102 1733 216 1802 meando
237 1730 367 1786 Christus
388 1732 466 1799 dixit,
485 1733 550 1799 Epo
569 1749 630 1784 eum
648 1731 696 1785 lae
714 1732 813 1785 nsandi
829 1733 896 1786 Joh.
918 1735 942 1788 8.
965 1737 1383 1804 ponituretcaeulaindiebue
1397 1737 1508 1806 jejunii
1519 1736 1712 1804 complicatur.
1732 1733 1805 1788 liuh

103 1817 348 1873 Subdiaconorum
363 1819 460 1888 officio
475 1819 603 1873 Christus
615 1836 681 1871 usses
694 1826 735 1871 est
745 1824 774 1872 et
790 1818 942 1872 secundum
970 1823 1048 1875 Ordo
1061 1824 1287 1890 presbyterorum
1307 1841 1326 1875 a
1338 1822 1412 1890 filiis
1428 1823 1528 1876 Aaron
1541 1822 1638 1875 senuit
1651 1823 1804 1876 exordium.

101 1903 220 1961 Fabium
241 1905 370 1959 ordinem
392 1921 487 1958 eorum
511 1905 646 1972 instituit,
672 1906 786 1972 quando
807 1904 893 1958 lin'teo
912 1920 941 1957 ec
970 1908 1098 1962 Summae
1124 1910 1195 1962 enim
1216 1909 1365 1979 pontificos
1388 1915 1415 1962 et
1439 1909 1561 1963 minores
1585 1909 1744 1962 sacerdotes
1762 1907 1805 1961 in·

99 1993 260 2061 praecinxit
282 2001 307 2046 et
331 1992 441 2045 mulene
458 2009 561 2061 aqeram
582 1992 611 2044 in
626 1991 733 2059 pelvim
747 1993 838 2059 pedes
856 1991 940 2043 disci-
968 1995 1056 2047 stituit
1085 1997 1165 2048 Dcue
1192 2012 1249 2063 per
1274 1997 1409 2063 Moysen,
1438 1995 1488 2063 qui
1514 2012 1547 2048 ex
1569 2001 1722 2064 praecepto
1747 1993 1807 2048 Dei

96 2078 233 2148 pulonem
253 2079 324 2133 lauit
344 2085 369 2131 et
387 2078 474 2132 linteo
500 2079 589 2133 tersit.
626 2079 824 2130 Diaconorum
844 2077 940 2143 officio
969 2081 1070 2134 Aaron
1088 2081 1118 2133 in
1136 2098 1271 2133 mmmum
1287 2081 1456 2149 pontificem,
1473 2081 1550 2146 filios
1563 2097 1628 2134 vero
1645 2080 1705 2150 ejus
1724 2079 1804 2133 unait

104 2165 230 2217 Christus
249 2172 367 2218 smueet
382 2172 408 2218 et
421 2165 549 2217 ordinem
569 2181 663 2217 eornm
682 2162 809 2229 instituit,
827 2165 942 2230 quando
968 2167 997 2220 in
1023 2168 1144 2220 minores
1167 2168 1336 2221 sacerdotes.
1373 2164 1524 2220 Gratianus
1551 2167 1580 2219 iu
1599 2183 1720 2236 prooem.
1741 2165 1804 2220 dist.

96 2257 164 2318 poet
180 2267 299 2303 coenam
317 2257 524 2303 sacramentum
543 2251 638 2302 carnis
651 2257 677 2302 et
690 2250 838 2318 eanpuinis
857 2250 942 2302 disci·
969 2258 1009 2307 21.
1025 2252 1110 2322 paulo
1125 2252 1206 2307 aliter
1217 2251 1286 2307 haec
1301 2252 1504 2307 accommodat:
1516 2252 1660 2306 Institutio
1672 2253 1804 2305 ordinum

99 2337 176 2404 pulis
199 2337 376 2405 despuensaoit
402 2344 427 2389 et
453 2338 567 2405 quando
597 2336 743 2404 apostolos
773 2335 942 2388 dormientes
969 2338 1080 2409 (inquit)
1098 2346 1138 2392 eet
1156 2339 1186 2391 in
1211 2339 1239 2394 V.
1261 2341 1294 2394 Τ,
1313 2339 1445 2392 inchoata
1463 2345 1488 2390 et
1513 2338 1542 2390 in
1561 2339 1597 2392 N.
1613 2338 1727 2406 plenius
1742 2353 1804 2391 con·

102 2423 144 2475 ad
166 2423 328 2476 orationem
356 2423 486 2476 excitauit
515 2423 626 2475 dicens:
661 2421 784 2491 Viptlatc
809 2429 836 2474 ct
854 2429 942 2476 orata.
968 2433 1113 2477 summata.
1168 2425 1278 2479 Summi
1300 2425 1398 2477 etenim
1431 2423 1580 2492 pontifices
1615 2432 1641 2476 ct
1682 2424 1804 2477 minores

103 2508 336 2575 Presbyterorum
354 2509 451 2571 officio
472 2509 600 2562 Christus
620 2526 686 2561 usus
710 2515 751 2561 eet
769 2515 795 2559 et
814 2509 941 2562 ordinem
968 2513 1128 2565 sacerdotes
1145 2529 1164 2564 a
1181 2512 1245 2564 Deo
1262 2519 1326 2563 sunt
1344 2510 1467 2562 instituti
1479 2526 1535 2579 per
1552 2509 1687 2577 Moysen,
1706 2511 1757 2579 qui
1773 2527 1805 2564 eu

102 2611 197 2648 eorum
214 2595 347 2662 instituit,
366 2611 428 2648 cum
452 2611 482 2647 ec
501 2596 591 2664 mosum
611 2594 640 2646 in
660 2612 714 2647 ara
733 2594 823 2648 crucis
842 2595 941 2648 obtulit
965 2606 1120 2666 praecepto
1144 2597 1267 2650 Domini
1292 2597 1393 2649 Aaron
1419 2595 1449 2648 in
1474 2613 1609 2648 eriminum
1633 2596 1804 2664 pontificem,

101 2680 174 2735 idem
200 2683 335 2735 sacerdos
360 2689 387 2734 et
409 2681 513 2746 hostia,
546 2688 572 2735 ct
597 2683 711 2751 mando
729 2688 797 2751 post
825 2699 941 2735 coenam
967 2684 1042 2745 tilios
1061 2700 1126 2737 uero
1146 2684 1207 2751 eines
1220 2683 1298 2735 unxit
1311 2683 1341 2736 in
1359 2682 1480 2735 minores
1494 2683 1663 2737 sacerdotes.
1698 2682 1803 2736 Postea

97 2785 203 2836 panem
237 2775 263 2821 et
292 2767 387 2822 vinnm
418 2768 448 2821 in
481 2784 582 2836 corpus
614 2775 639 2820 et
670 2768 833 2836 sanquinem
862 2786 941 2820 susem
967 2787 1032 2823 cero
1052 2771 1154 2823 Dauid
1173 2787 1233 2823 mem
1253 2768 1411 2823 ministeria
1429 2770 1529 2821 domus
1547 2769 1710 2836 ampliaret,
1722 2769 1803 2836 jani·

102 2854 287 2908 commutarit.
338 2853 394 2908 Sed
420 2853 502 2925 nugis
530 2853 607 2909 hisce
642 2853 738 2907 mento
767 2852 941 2924 opponimus,
969 2864 1041 2908 tores
1062 2864 1087 2910 ot
1106 2863 1235 2909 cantores
1254 2856 1383 2911 instituit.
1426 2853 1561 2908 Salomon
1585 2855 1724 2922 mendam
1747 2870 1803 2906 mo

102 2939 176 3009 quod
195 2937 372 2993 Isombardus
390 2938 459 2996 ibid.
479 2938 520 2995 lit.
540 2939 558 2996 l.
579 2939 738 3011 subjungit:
762 2939 829 2995 Cum
848 2957 941 2994 omnes
968 2943 1034 2994 dum
1060 2943 1240 2995 exorcizandi
1264 2942 1376 2996 invenit.
1421 2941 1501 2993 Haec
1532 2939 1627 2992 omnia
1652 2938 1682 2991 in
1706 2940 1743 2993 N.
1771 2937 1803 2990 Τ.

101 3025 149 3079 dli
174 3026 292 3079 ordines
321 3026 487 3096 spiritualer
517 3028 574 3080 sint
603 3035 629 3080 et
655 3026 748 3094 sacri,
777 3027 942 3081 excellenter
968 3027 1084 3080 ecclesia
1102 3026 1213 3081 imitata
1231 3027 1312 3080 habet
1324 3027 1468 3095 janitores
1487 3043 1561 3093 suos,
1583 3041 1652 3094 quoe
1669 3024 1803 3079 ostiarios

101 3118 194 3164 tamen
212 3129 333 3165 canones
351 3114 422 3166 duos
435 3120 543 3165 tantum
555 3130 653 3166 sacros
669 3114 784 3165 ordines
796 3112 943 3181 appellari
967 3113 1156 3183 appellamus,
1186 3131 1244 3182 pro
1276 3112 1438 3166 cantoribus
1476 3111 1592 3165 lectores
1619 3117 1646 3163 ct
1672 3118 1802 3164 cantores

101 3206 225 3262 censent,
252 3199 421 3260 diaconalem
448 3199 558 3252 scilicet
581 3207 607 3251 et
625 3200 850 3268 praeoperatur,
873 3199 941 3266 quia
967 3200 1095 3253 instituit.
1126 3200 1399 3253 Exorcistaeautcm
1414 3197 1523 3250 nomino
1536 3197 1651 3266 antiquo
1664 3196 1801 3264 etofficio

101 3285 151 3339 hoe
171 3285 250 3339 soloe
263 3285 412 3354 primitiva
430 3285 549 3365 ecclesia
567 3285 671 3352 lepitur
691 3285 834 3352 habuisse,
859 3293 883 3339 et
905 3287 940 3338 de
962 3294 1144 3355 permanente
1171 3287 1292 3355 recepit,
1314 3303 1370 3354 pro
1393 3284 1462 3350 ntia
1479 3300 1544 3336 cero
1563 3283 1689 3337 Aaronis
1707 3299 1802 3337 omnes

10 3372 146 3424 ssahis
171 3371 243 3425 soles
272 3379 454 3441 praeceptum
484 3371 610 3439 apostoli
640 3370 787 3438 habemus,
817 3371 942 3440 apostoli
966 3373 1048 3437 infra
1057 3390 1191 3425 summum
1196 3372 1359 3441 pontificem
1368 3369 1558 3424 sacerdotium
1568 3370 1801 3423 administrantes

102 3458 175 3512 enim
193 3459 224 3510 in
242 3456 364 3526 sinpulis
382 3456 540 3510 ciuitatibus
560 3457 746 3528 episcoparet
763 3458 940 3526 preruptam
966 3466 1030 3511 sunt
1049 3459 1212 3512 consecrati
1250 3464 1274 3513 4
1299 3456 1379 3521 Quod
1403 3455 1608 3510 distinctionem
1634 3454 1706 3509 inter
1722 3472 1800 3525 pres·
1788 3461 1927 3505 --saosu

100 3542 427 3607 interminaretur
457 3543 543 3596 etiam
571 3544 606 3595 ab
634 3543 770 3613 apostolis
793 3543 939 3596 ordinatos
967 3543 1077 3614 byteros
1097 3547 1166 3614 (qua
1184 3543 1231 3596 alii
1251 3542 1426 3613 appellantur
1445 3541 1607 3611 simpliciter
1631 3541 1800 3637 recendetes,
1813 3515 1929 3606 mlh.

101 3629 240 3699 lecimus,
268 3646 386 3699 quorum
413 3630 549 3682 maximus
574 3630 633 3695 fuit
660 3630 826 3700 Stephanae.
870 3629 939 3683 Sub·
966 3629 1013 3683 alii
1038 3629 1276 3698 archipresbyteri
1296 3627 1344 3681 alii
1372 3626 1579 3697 chorepiscopi,
1599 3624 1649 3680 alii
1666 3619 1907 3695 episcopi,“⁰¹¹”¹·

101 3718 240 3771 diaconos
253 3732 320 3770 uero
333 3725 358 3768 et
372 3716 515 3769 acoluthos
529 3719 700 3785 procedente
720 3716 938 3785 temporeeccle-
966 3715 1015 3770 alii
1038 3714 1257 3784 archiepiscopi,
1285 3730 1334 3767 seu
1356 3713 1563 3784 metropolitae,
1588 3712 1635 3766 alii
1655 3711 1800 3780 primates,

100 3805 215 3857 eiasibi
232 3803 381 3857 constituit.
414 3801 492 3857 Idem
505 3800 592 3856 habet
605 3800 758 3857 Gratianus
770 3801 798 3855 in
815 3818 937 3871 prooem.
965 3800 1013 3855 alii
1028 3801 1221 3873 patriarchae,
1240 3798 1288 3852 alii
1302 3799 1404 3852 summi
1416 3798 1577 3867 pontifices)
1597 3816 1630 3852 ex
1649 3796 1806 3869 pentilismi

102 3888 167 3945 dist.
192 3894 235 3945 21.
253 3886 381 3944 Garunna
398 3888 427 3942 iu
443 3905 551 3943 summa
565 3887 695 3945 conciti.
711 3894 750 3942 15.
769 3888 808 3941 sic
828 3888 937 3943 scribit:
966 3892 1110 3955 κακοζηλίᾳ
1141 3886 1170 3940 in
1208 3885 1353 3939 ecclesiam
1385 3883 1606 3940 introduxerunt.
1655 3883 1701 3938 Sic
1730 3881 1803 3937 enim

104 3975 185 4038 Quae
204 3977 234 4029 in
245 3993 355 4028 summa
371 3983 477 4029 tractat
496 3974 648 4027 Anactetus
665 3974 696 4026 in
713 3975 799 4027 tertia
818 3973 938 4045 epistola
965 3973 1073 4028 disertis
1082 3971 1174 4027 verbis
1189 3972 1218 4026 in
1231 3987 1353 4042 prooem.
1366 3969 1430 4025 dist.
1446 3975 1486 4026 21.
1499 3968 1622 4041 loquitur
1635 3967 1801 4024 Gratianus:

100 4069 166 4116 sunt
190 4062 262 4116 ieta:
283 4062 408 4131 primum
430 4079 449 4114 a
476 4062 599 4115 Domino
624 4059 786 4114 constitutos
809 4077 869 4113 esse
888 4061 938 4114 hos
967 4061 1110 4114 Discretio
1142 4059 1197 4112 illa
1229 4059 1406 4112 sacerdotum
1439 4075 1457 4109 a
1494 4054 1644 4126 partilibus
1682 4055 1802 4108 maxime

101 4148 175 4202 duos
199 4147 315 4201 ordines
339 4149 532 4218 episcoporum
557 4155 582 4200 et
601 4148 786 4200 sacerdotum.
822 4146 863 4198 Et
881 4153 938 4198 am·
966 4146 1129 4199 introducta
1148 4153 1196 4212 eet,
1218 4146 1267 4214 qui
1292 4163 1358 4198 euos
1370 4142 1516 4213 flamines,
1542 4142 1617 4197 alios
1634 4141 1801 4210 simpliciter

95 4232 179 4302 plius
202 4250 287 4301 oseam
311 4233 360 4285 isti
378 4234 434 4286 duo
453 4251 502 4286 nec
528 4232 607 4285 nobis
627 4249 645 4284 a
664 4232 727 4285 Deo
748 4231 850 4284 collati
865 4239 938 4300 eunt,
960 4232 1101 4300 flamines,
1120 4230 1195 4283 alios
1208 4230 1425 4299 archiflamines,
1443 4229 1518 4281 alios
1526 4227 1739 4296 protoflamines
1752 4244 1802 4296 ap·

100 4336 152 4373 nec
169 4317 294 4389 apostoli
312 4320 481 4387 domarent,
506 4336 539 4372 ex
564 4335 618 4387 quo
636 4317 795 4385 colligitur,
822 4319 938 4372 ordines
961 4317 1117 4387 pellebant.
1135 4316 1196 4380 Quo
1211 4315 1293 4370 etiam
1301 4314 1442 4384 pertinent
1450 4312 1594 4384 sequentia
1598 4312 1671 4383 juris
1679 4309 1803 4367 canonici

101 4413 153 4459 aut
178 4408 289 4474 pradur
314 4413 395 4459 notos
421 4405 451 4459 in
468 4405 587 4458 eccleeia
609 4420 664 4457 non
682 4420 701 4455 a
718 4404 841 4458 Domino
861 4405 937 4457 ordi·
965 4402 1096 4473 capitula.
1115 4420 1136 4456 e.
1156 4399 1256 4457 Urbes.
1276 4400 1340 4456 dist.
1361 4405 1403 4456 80.
1417 4416 1450 4454 ex
1464 4398 1651 4467 Luciopapa:
1673 4397 1759 4451 Urbes
1774 4405 1801 4452 et

100 4499 183 4545 natos
208 4508 258 4544 nec
285 4490 431 4561 apostolis.
476 4490 604 4544 Becanus
630 4488 660 4543 in
686 4488 758 4560 disp.
787 4489 822 4545 de
848 4498 937 4546 vocat.
964 4490 1037 4557 loca,
1049 4489 1079 4542 in
1094 4487 1192 4557 quibus
1202 4487 1339 4557 primates
1345 4487 1515 4554 praesidere
1527 4485 1632 4552 debent,
1647 4501 1701 4537 non
1714 4501 1800 4537 amo

100 4576 219 4631 ministr.
242 4575 283 4632 th.
310 4581 351 4631 34.
374 4574 494 4641 fatetur,
520 4576 606 4629 trium
639 4578 776 4629 duntaxat
801 4577 938 4645 ordinum,
966 4576 1132 4642 deruis,sed
1143 4572 1313 4627 multisunte
1326 4575 1476 4625 aduentum
1485 4569 1592 4624 Christi
1604 4576 1724 4623 statutae
1737 4577 1801 4624 eunt

100 4664 300 4733 episcoporum
317 4662 432 4725 ecilicet
448 4663 676 4732 presbyterorum
701 4670 727 4714 et
746 4663 939 4729 diaconorum,
965 4661 1147 4731 temporibus,
1172 4676 1289 4728 quarum
1313 4659 1450 4728 primates
1481 4656 1598 4726 pentilus
1629 4655 1714 4709 etiam
1739 4672 1798 4724 pro

100 4757 232 4819 apertam
260 4749 290 4802 in
320 4749 435 4816 ecrs'ptie
471 4748 638 4817 apostolicis
664 4748 734 4816 fieri
767 4749 938 4803 mentionem.
965 4746 1122 4815 majoribus
1146 4745 1265 4813 repotiis
1288 4744 1442 4815 appellant.
1477 4741 1513 4795 In
1541 4738 1612 4810 ipeie
1634 4757 1700 4796 uero
1725 4740 1801 4794 urbi·

100 4834 161 4892 Nec
181 4832 366 4889 Bellarminus
378 4833 529 4888 ruiramus
549 4831 750 4888 institutionem
763 4840 791 4888 et
804 4833 939 4903 originem
966 4834 1015 4886 bus
1029 4840 1097 4900 poet
1115 4833 1264 4885 adventum
1283 4830 1389 4884 Christi
1405 4827 1530 4898 apostoli
1540 4834 1567 4879 et
1585 4843 1678 4880 eorum
1696 4844 1801 4882 mnem-
1826 4898 1827 4902 ἵ

100 4920 212 4976 illorum
232 4926 337 4990 septem
357 4919 486 4974 ordinum
511 4919 548 4974 ad
567 4918 707 4974 Christum
725 4935 871 4984 revocare,
890 4921 939 4975 sed
966 4936 1044 4972 sores
1060 4918 1246 4988 patriarcnae
1268 4924 1294 4969 et
1312 4917 1451 4985 primates
1475 4921 1633 4983 posuerunt
1658 4919 1710 4969 etc.
1729 4930 1753 4967 c.
1772 4912 1802 4968 in

102 5006 210 5076 esseut,
226 5006 362 5074 oripinem
376 5006 493 5060 illorum
510 5022 569 5059 rem
582 5005 664 5073 lonpe
677 5006 862 5075 antiquiorem
875 5023 940 5076 cesa
966 5004 1029 5060 illis
1049 5003 1113 5057 dist.
1133 5003 1194 5059 ead.
1221 5020 1254 5058 ex
1274 5000 1427 5055 Clemente·
1457 4997 1493 5052 In
1518 4998 1579 5053 illis
1597 5016 1662 5052 cero
1682 4999 1801 5052 ciuitati-

10 5098 89 5139 soma
104 5111 190 5164 mam
225 5092 358 5147 Catum
389 5091 533 5149 euistimet.
574 5097 599 5149 3,
631 5090 712 5156 Quod
737 5109 770 5146 ex
797 5111 864 5145 neno
866 5096 941 5162 ζηλίᾳ
968 5091 1032 5158 bus,
1058 5089 1088 5142 in
1112 5089 1212 5156 quibus
1235 5088 1303 5142 olim
1326 5087 1407 5155 apud
1424 5085 1546 5138 ethnicos
1562 5086 1650 5154 prinu
1647 5084 1919 5151 flamineemset.

10 5151 90 5243 {¹:2¹⁸
104 5179 256 5234 Judaismi
270 5176 381 5233 ordines
404 5174 473 5232 illi
465 5192 494 5231 m
517 5176 663 5232 ecclesiam
682 5175 868 5232 Christianam
887 5179 942 5233 sint
968 5194 1061 5231 eorum
1075 5184 1158 5244 atqeee
1173 5174 1262 5244 prims
1258 5173 1346 5241 'lepis
1361 5173 1489 5224 doctores
1502 5179 1591 5239 erant,
1609 5170 1803 5239 episcoporum

103 5243 264 5319 introducti
308 5261 485 5318 Lombsrdus
529 5269 553 5318 4.
589 5266 659 5318 sent.
686 5262 749 5318 dist
777 5268 819 5320 24.
841 5263 882 5320 lit
903 5263 941 5319 C:
964 5263 1103 5332 primates
1135 5260 1178 5314 uel
1206 5258 1390 5328 patriarchae
1415 5259 1520 5311 Petrus
1542 5257 1615 5326 poni
1642 5257 1803 5327 praecepit,

104 5347 228 5406 ostiarii
246 5346 333 5404 isdem
352 5356 378 5402 et
388 5348 533 5418 janitores
552 5355 625 5413 sunt,
642 5347 697 5416 uui
714 5349 744 5401 ia
767 5347 845 5407 VT.
863 5349 944 5403 electi
968 5366 1017 5418 oui
1012 5347 1200 5415 reliquorum
1212 5362 1312 5399 causas
1324 5345 1518 5414 episcoporum
1532 5341 1681 5410 etmajora
1692 5343 1804 5409 nepotia

103 5445 168 5491 eunt
186 5439 229 5491 ad
250 5436 409 5490 custodiam
433 5437 541 5507 templi,
565 5443 597 5488 ut
621 5453 677 5488 non
700 5435 895 5504 inprederetur
912 5436 942 5490 in
971 5438 1002 5491 in
1016 5435 1078 5503 fide
1096 5432 1254 5501 apitarcnt3
1280 5432 1310 5484 in
1329 5430 1390 5484 illis
1406 5437 1507 5496 autern,
1525 5430 1555 5481 in
1579 5428 1678 5497 nudus
1697 5431 1804 5483 dudum

160 5529 325 5573 animulam
350 5529 386 5572 Vt
1435 5537 1462 5586 11
