4020 6014
212 359 272 416 236
796 351 919 410 Locus
936 348 1139 410 VIOBSIMUS
1157 349 1323 408 TERTIUS

208 506 338 560 υυυιοανίί
359 514 459 561 eontra
476 507 649 577 apostoticae
666 523 803 576 canones,
832 508 944 577 aliquos
960 523 1040 577 pree-
1070 521 1133 560 nem
1153 507 1212 577 peti
1233 522 1266 562 ex
1285 505 1430 577 Scriptura
1447 523 1538 576 sacra,
1567 525 1602 563 ne
1618 525 1652 564 ax
1670 525 1704 564 eo
1721 526 1740 563 a
1761 509 1821 565 Deo
1841 525 1902 564 con·

209 593 366 661 bytercrum
389 601 416 648 et
445 595 628 648 diaconorum
649 593 768 663 privare
792 611 811 647 a
835 602 962 649 comeatu
980 601 1006 648 et
1024 612 1043 648 a
1070 592 1183 648 stitutus
1208 598 1237 648 et
1262 610 1314 647 sua
1338 593 1494 664 praesentia
1514 592 1676 650 benedictas
1702 596 1817 667 nuptias
1834 596 1902 666 inju-

210 679 401 734 communione
419 680 520 750 leyalie
536 680 634 734 unorie
650 697 734 748 suae,
753 682 919 749 deponatur.
960 681 1043 736 Simi-
1070 678 1111 734 ria
1139 678 1250 735 afficere
1275 685 1428 751 cogantur3
1458 679 1539 745 item,
1573 681 1641 750 quia
1665 682 1830 751 euauyeliea
1855 699 1903 735 oon

208 765 275 819 liter
293 774 319 820 et
333 768 479 836 presbyter
497 775 547 821 aut
566 768 712 832 diaconus,
730 768 781 837 qni
791 769 938 836 reliyionie
955 785 1043 822 casua
1070 766 1189 821 clamat:
1220 767 1297 829 Quae
1314 768 1395 820 Deua
1412 768 1569 837 conjunxit,
1596 768 1677 822 bomo
1701 786 1759 820 non
1776 774 1902 836 reparet,·

209 868 322 906 renorma
338 870 420 906 neam
443 853 572 923 appellit,
599 856 863 925 excommunicatum·
887 857 914 909 si
929 873 995 911 uero
1012 856 1043 909 in
1071 858 1112 909 et:
1149 853 1341 907 Honorabilee
1368 854 1484 922 nuptiae
1521 861 1548 907 et
1579 860 1658 908 torus
1690 854 1903 922 immaculatum

210 940 262 993 boe
282 942 489 1010 permanserit,
515 944 684 1010 deponatur.
723 942 872 998 Balsamon
896 943 974 996 illum
1000 958 1044 996 ca·
1071 946 1095 993 5.
1124 938 1232 994 occurri
1261 939 1481 995 adversariorum
1514 939 1677 1011 objectioni,
1714 939 1905 994 sacerdotibus

208 1042 309 1080 nonem
327 1026 435 1096 plenius
455 1032 483 1081 et
502 1026 635 1083 sincerius
655 1033 797 1085 recenset:
824 1030 961 1093 ίλιιοιιίαυι
986 1032 1043 1084 Ro·
1069 1025 1180 1081 assidue
1197 1025 1340 1090 orandum,
1360 1042 1427 1098 ergo
1447 1032 1582 1097 perpetuo
1601 1042 1619 1081 a
1637 1027 1778 1098 conjugali
1791 1042 1904 1083 consae·

208 1128 310 1166 manae
333 1113 465 1166 eeclesiae
487 1130 542 1182 pro
566 1131 672 1168 canone
695 1115 833 1168 deditum
857 1131 914 1169 eece
942 1133 1043 1184 cayno-
1068 1112 1166 1168 tudine
1186 1112 1399 1182 abstinendum
1418 1117 1588 1168 bennonem
1606 1113 1905 1185 apostolicnmopponi

208 1197 314 1266 nimus,
342 1197 371 1253 tr
390 1196 611 1268 tritennarium,
628 1207 660 1253 ut
683 1200 800 1255 diaconi
815 1203 858 1256 oet
874 1202 1042 1272 presbyteri,
1069 1198 1133 1264 illie,
1151 1199 1200 1270 qni
1218 1198 1399 1271 presbyteros
1416 1216 1434 1253 a
1451 1199 1582 1270 conjugio
1600 1205 1704 1269 arcent,
1722 1199 1772 1270 qai
1788 1198 1904 1269 proinde

208 1283 257 1352 qui
281 1284 363 1354 diyni
385 1285 434 1354 qui
457 1285 624 1338 ordinentur
648 1285 830 1341 mietimandi
860 1296 933 1352 eunt,
953 1290 1042 1359 profi·
1069 1301 1124 1339 non
1141 1292 1233 1355 potest
1249 1290 1358 1339 tantum
1377 1286 1412 1340 de
1432 1285 1603 1341 curavictns
1615 1285 1747 1341 uxoribus
1766 1286 1906 1356 denegata

207 1378 326 1439 teantur,
345 1369 381 1431 ιλς
398 1369 490 1425 sistri
507 1377 567 1431 ταῖς
585 1369 677 1427 αὐτῶν
697 1373 882 1429 συνάπτονται
900 1381 1041 1445 γαμεταῖς,
1068 1370 1194 1442 intelligi.
1231 1370 1343 1441 Excipit
1359 1371 1561 1437 Bellarminus,
1585 1389 1705 1426 canones
1723 1371 1790 1426 iilos
1809 1389 1869 1426 non
1888 1391 1904 1426 a

207 1458 284 1525 quod
299 1474 355 1511 uon
374 1457 496 1527 amplius
514 1459 675 1527 continyent
686 1477 786 1514 ucoree
804 1477 885 1531 enas,
904 1479 955 1514 noe
971 1463 1043 1515 auti·
1068 1465 1146 1511 serm
1164 1460 1281 1528 synoda
1298 1460 1351 1512 sed
1369 1460 1405 1512 ab
1425 1460 1575 1530 episcopie,
1595 1459 1645 1528 qui
1656 1458 1906 1529 Constantinopoli

207 1559 291 1611 quum
308 1560 442 1597 candum
461 1545 507 1612 ric
522 1542 704 1613 ἀποσιολικῆς
728 1544 882 1618 ἀκριβείας,
907 1548 1042 1617 apostoli·
1068 1545 1098 1597 in
1115 1544 1231 1613 palatio
1246 1544 1434 1614 insperatoris
1447 1545 1607 1599 Juetiniani
1623 1546 1666 1601 ΙΙ.
1681 1548 1758 1616 quod
1772 1546 1904 1600 Trnllum

207 1646 256 1684 cae
268 1631 457 1699 perfectionis
470 1632 642 1701 ordinisque,
662 1641 805 1687 emuantee
823 1634 972 1702 bominum,
994 1635 1045 1704 qui
1070 1631 1224 1700 dicebatur,
1242 1640 1436 1701 conuenerant,
1455 1648 1515 1686 esee
1533 1632 1624 1686 editoe
1637 1640 1662 1685 et
1680 1650 1699 1686 a
1714 1633 1815 1702 Seryio
1830 1651 1904 1703 pon·

207 1724 271 1771 eunt
289 1719 320 1770 in
337 1717 447 1787 ιαονίι,
473 1718 607 1787 conjuyia
632 1720 764 1790 deinceps
787 1737 819 1774 ea
842 1721 893 1775 bae
909 1721 1043 1792 temporie
1068 1718 1142 1781 titre
1160 1718 1345 1788 improbatos,
1370 1719 1446 1774 unde
1462 1725 1544 1774 vocat
1561 1735 1623 1773 eam
1639 1721 1800 1788 profanam
1819 1738 1904 1788 eyna-

207 1812 343 1859 momento
362 1807 447 1871 firma
465 1813 492 1859 et
505 1806 623 1860 stabilia
638 1822 697 1860 esse
710 1807 845 1876 notumne,
864 1823 1042 1877 nequaquam
1068 1807 1135 1858 dum
1162 1821 1222 1876 cap.
1250 1811 1290 1861 19.
1317 1806 1450 1877 proximo.
1494 1805 1720 1876 Respondemus:
1751 1805 1904 1863 Gratianus

208 1908 304 1944 eorum
323 1909 384 1945 eum
400 1892 533 1947 acoribus
553 1890 716 1965 συνάφειαν,
733 1892 966 1963 conjunctionem,
985 1895 1041 1948 dis·
1068 1897 1162 1947 sextae
1175 1892 1283 1963 synodo
1301 1891 1364 1947 illos
1381 1892 1490 1962 tribuit,
1508 1907 1560 1947 nec
1579 1893 1774 1949 auctoritatem
1792 1894 1903 1949 illorum
1940 1910 1947 1923 ⁶

208 1978 345 2032 eoloeutes
363 1979 407 2033 uel
426 1995 473 2034 eos
491 1984 537 2048 τῆς
554 1980 622 2058 πρὸς
645 1979 781 2050 ἀλλήλους
799 1980 922 2055 ὁμιλίας,
946 1989 1043 2035 mutua
1066 1979 1171 2050 elevat,
1198 1979 1247 2034 sed
1264 1979 1358 2046 addit,
1384 1980 1436 2034 boc
1460 1995 1519 2034 eree
1542 1979 1755 2048 intelliyendum
1779 1997 1813 2034 ee
1831 1982 1902 2035 loco.

209 2073 331 2135 ternpore
349 2068 524 2122 conveniente
537 2069 906 2139 consuetudinapriuantee.
939 2068 1041 2131 Qrtam·
1069 2066 1224 2120 Orierstalia
1243 2066 1316 2120 enim
1335 2065 1469 2133 molesia,
1489 2064 1594 2137 inquit,
1617 2067 1665 2120 eui
1680 2075 1759 2120 secta
1778 2070 1903 2135 synodus

210 2152 301 2208 obrem
319 2153 346 2206 si
363 2154 426 2223 quie
447 2154 550 2224 diyuua
568 2156 695 2209 inuentus
712 2156 815 2224 fuerit,
835 2157 885 2224 qui
904 2155 1040 2225 hypodia·
1067 2153 1195 2221 requiam
1220 2153 1334 2208 uiuendi
1359 2152 1559 2222 praescripsit,
1587 2160 1678 2207 cotum
1703 2155 1845 2208 caetitatie
1873 2156 1903 2207 in

209 2239 1040 2312 conueoeldiaconueuelpreebyterordinetur-,ieadtalem
1067 2241 1205 2296 ministris
1232 2241 1335 2296 αίίακία
1358 2258 1415 2295 non
1443 2240 1587 2309 suscepit·
1617 2238 1763 2294 Glossator
1785 2242 1903 2313 opponit

207 2328 328 2395 pradum
346 2327 454 2380 aeeumi
468 2329 931 2402 nequaquamprobibeturyapcey
948 2345 1040 2384 συνοι-
1066 2328 1152 2383 alium
1170 2344 1303 2384 canonmn
1322 2332 1418 2382 sextae
1437 2325 1536 2397 synodi
1560 2326 1608 2398 qui
1634 2332 1712 2382 extat
1730 2343 1754 2380 c.
1789 2327 1901 2399 Siquis

208 2412 434 2483 adsecuturum
445 2430 506 2466 cum
515 2413 643 2482 leyitima
654 2415 894 2469 ucorecollabitet.
922 2416 982 2470 Sed
993 2430 1039 2468 ns·
1065 2419 1221 2470 commelc.
1236 2414 1300 2472 dist.
1312 2418 1352 2469 ³2.
1371 2414 1420 2468 scd
1435 2413 1545 2468 hicnon
1560 2412 1899 2485 utconsuntinopolitr-

208 2514 261 2567 que
270 2500 456 2554 ordinationis
465 2508 587 2571 tempore
600 2502 635 2555 ab
648 2518 679 2555 eo
684 2502 856 2571 postuletur,
870 2508 900 2555 ut
905 2502 1040 2571 profitea-
1064 2518 1129 2567 nae,
1154 2518 1250 2557 rernm
1267 2501 1410 2556 Romanae
1427 2500 1574 2571 cujusdam
1601 2500 1701 2572 synodi
1724 2517 1830 2570 canon,
1855 2501 1900 2555 vel

207 2592 267 2652 tur,
295 2602 324 2639 ee
340 2603 359 2639 a
376 2585 503 2655 leyitima
525 2604 587 2640 eum
601 2604 687 2642 neore
711 2589 911 2644 consuetudine
929 2590 1038 2643 ubetem
1065 2593 1140 2644 certe
1165 2605 1219 2643 non
1246 2589 1282 2644 de
1308 2587 1465 2657 orientalis,
1489 2588 1539 2642 sed
1565 2586 1743 2642 occidentalis
1765 2588 1901 2643 sedeciae

207 2678 314 2742 turum,
338 2675 385 2740 τῆς
403 2677 526 2746 νομίμου
538 2672 666 2745 ὁμιλίας,
693 2693 727 2729 ne
754 2692 786 2730 ea
806 2693 836 2730 eo
857 2695 876 2730 a
893 2677 957 2730 Deo
975 2693 1039 2730 con·
1065 2675 1264 2732 consuetudine
1287 2675 1423 2748 loquitur,
1449 2680 1481 2730 ut
1501 2674 1642 2746 colligitur
1660 2690 1693 2729 cx
1712 2691 1737 2729 c.
1772 2673 1844 2730 Cum
1863 2675 1900 2729 de

141 2767 143 2772 ·
207 2759 319 2813 stitutus
336 2767 362 2813 et
379 2778 433 2814 esca
440 2762 608 2831 praesentia
621 2763 780 2817 benedictae
797 2763 912 2832 nuptiae
930 2762 1039 2832 injuria
1065 2762 1240 2835 quorundam
1250 2768 1300 2818 etc.
1313 2761 1376 2817 dist
1388 2767 1430 2818 84.
1446 2761 1607 2832 atejusdem
1620 2761 1720 2833 glossa
1746 2760 1825 2817 Neve
1837 2761 1901 2825 Ral-

206 2848 324 2914 afficere
341 2865 476 2916 coyamur
492 2850 652 2918 eoanyelica
670 2867 735 2905 uoce
749 2851 939 2905 exclamante:
961 2850 1040 2913 Quae
1065 2849 1199 2905 lanuinus
1219 2849 1415 2905 anctoritatem
1434 2847 1543 2902 illorum
1560 2863 1696 2903 canonum
1709 2847 1819 2904 elevare
1840 2866 1899 2920 par·

207 2935 290 2987 Deae
324 2935 484 3005 conjunait,
520 2938 601 2991 bomo
633 2954 668 2990 ne
694 2938 823 3007 separet!
855 2944 881 2990 et
910 2936 1038 3007 apostolo
1065 2943 1128 3009 gat,
1156 2936 1321 3007 opponimus
1341 2935 1382 2990 illi
1399 2941 1454 2991 act.
1475 2940 1499 2991 t.
1525 2933 1625 3004 synodi
1643 2932 1784 2990 Nicaenae
1803 2952 1900 2991 eccun-

207 3023 329 3091 docente,
347 3022 525 3078 honorabiles
536 3025 650 3096 nuptiae
668 3033 693 3078 et
711 3033 802 3080 torum
814 3024 1039 3090 immaculatum
1065 3023 1134 3091 dae,
1163 3022 1213 3077 ubi
1232 3021 1384 3077 'lberasius
1403 3020 1562 3092 patriarcha
1579 3017 1901 3092 Constantinopolitanae

206 3115 248 3178 et,
272 3108 409 3179 alliyatus
428 3127 457 3162 cs
475 3111 569 3176 uxori,
590 3128 625 3165 ue
645 3127 750 3180 quaere
767 3112 941 3166 eolutionem.
979 3110 1037 3165 Sci·
1065 3109 1126 3163 illos
1146 3125 1264 3164 canona
1282 3109 1434 3181 approbat,
1457 3113 1486 3162 ct
1505 3122 1530 3164 c.
1568 3106 1687 3163 Sextum.
1706 3107 1770 3162 dist.
1791 3113 1830 3164 lo.
1852 3109 1899 3164 ubi

206 3212 266 3247 mus
290 3203 395 3264 aretem,
427 3196 499 3250 sicut
524 3205 549 3251 et
574 3198 624 3266 qui
646 3197 818 3266 Oartltayine
847 3205 1038 3267 conuenerunt,
1064 3195 1223 3251 Hadrianus
1240 3212 1316 3268 papa
1341 3196 1377 3251 ad
1396 3193 1562 3250 'Pharasinm
1582 3194 1769 3266 patriarcham
1788 3196 1899 3252 scribit:

207 3289 233 3334 ct
251 3281 444 3338 ministrorum
468 3284 618 3352 yrauitatie
645 3284 851 3354 boneetatiequc
875 3302 971 3338 curam
995 3302 1039 3354 ye-
1067 3282 1179 3337 Sectam
1197 3285 1334 3351 synodum
1358 3289 1484 3336 sanctam
1508 3299 1570 3335 cum
1595 3283 1721 3336 omnibus
1746 3285 1900 3337 canonibus

206 3375 297 3422 rentes
317 3369 464 3435 dixerunt,
483 3378 514 3424 ut
532 3371 711 3440 subdiaconi,
738 3373 788 3442 qui
805 3389 890 3426 sacra
907 3372 1039 3439 mysteria
1065 3370 1123 3423 euie
1136 3369 1251 3440 recipio.
1285 3368 1344 3423 Sed
1361 3369 1509 3422 dubitatur
1524 3371 1559 3421 de
1572 3384 1607 3423 ea
1626 3366 1716 3436 (addit
1725 3368 1899 3439 Gratianus),

207 3464 387 3526 contrectant,
405 3465 432 3510 et
444 3458 560 3512 diaconi
575 3460 767 3528 etpresbyteri
782 3456 850 3512 ruri
868 3457 931 3518 τούς
951 3459 1040 3518 ἰδίους
1065 3474 1103 3509 arr
1121 3472 1239 3510 castanea
1259 3454 1478 3523 conscripserit?
1507 3457 1585 3524 quod
1607 3472 1640 3509 ea
1662 3463 1766 3524 quarta
1789 3457 1900 3512 actione

206 3541 299 3615 ὅρους,
325 3544 456 3612 propriis
475 3545 602 3598 terminis
630 3546 682 3614 (id
704 3554 744 3600 est
763 3546 794 3599 in
820 3545 971 3599 ministerii
994 3545 1041 3598 eui
1065 3549 1158 3595 sectae
1186 3543 1289 3610 synodi
1306 3541 1403 3610 facile
1428 3541 1554 3596 solvitur.
1589 3541 1641 3595 Ait
1661 3543 1734 3595 euim
1753 3545 1901 3614 epiecopus

205 3628 291 3696 vice),
309 3647 328 3680 a
349 3631 524 3683 consortibus
544 3632 709 3695 abstineant,
728 3639 760 3685 ut
777 3633 893 3700 etquod
901 3648 954 3700 per
971 3647 1039 3702 apo·
1065 3631 1169 3682 Petrus
1189 3629 1319 3698 episcopo
1337 3628 1536 3682 Nicomediae:
1563 3628 1661 3682 Habeo
1687 3629 1790 3682 librum
1814 3632 1901 3686 conti·

205 3712 291 3767 stolae
308 3714 445 3768 traditum
457 3724 504 3780 eet,
525 3724 549 3771 et
567 3719 603 3770 ab
621 3718 685 3786 epea
698 3736 785 3789 usque
804 3720 969 3788 antiquitate
981 3735 1038 3772 ser·
1064 3723 1171 3770 nenmm
1197 3732 1318 3769 canones
1347 3723 1462 3769 sanctae
1492 3715 1594 3783 synodi
1624 3721 1724 3769 sectae.
1769 3718 1901 3772 Patriar-

205 3806 298 3852 rotun
322 3817 372 3854 noe
397 3818 504 3871 quoque
534 3804 665 3858 similiter
690 3822 842 3875 serverum,
874 3813 981 3876 tempus
1009 3806 1038 3859 in
1065 3803 1117 3857 cha
1139 3802 1227 3858 dicit:
1254 3801 1373 3864 Quidam
1393 3800 1623 3855 scandalizantur
1637 3818 1692 3870 per
1709 3802 1901 3871 iynorantiam

207 3884 283 3936 omni
300 3901 332 3938 re
351 3885 468 3940 erientee
485 3896 512 3941 et
529 3889 648 3942 mamma
673 3891 703 3943 iu
716 3891 833 3960 jejunio
856 3899 882 3945 et
900 3892 1037 3947 oratioue.
1063 3906 1118 3958 pro
1138 3888 1292 3942 canonibus
1309 3889 1372 3942 istis
1390 3888 1527 3941 dieentes:
1552 3886 1699 3956 Numquid
1722 3897 1802 3944 eeata
1820 3910 1902 3960 syuo-

208 3969 324 4040 Oportet
349 3973 423 4026 enim
446 3989 506 4041 eoe,
534 3975 584 4043 qui
606 3975 701 4029 diuino
727 3977 817 4030 altari
841 3979 980 4042 assident,
1009 3979 1038 4032 in
1066 3977 1120 4029 dus
1138 3990 1259 4028 canones
1275 3975 1366 4040 feeit!
1403 3972 1501 4027 Sciant
1520 3990 1602 4043 erpo,
1623 3977 1757 4042 quoniam
1777 3980 1901 4046 synodus

80 4065 366 4111 immansuetorum
385 4062 599 4114 tractandorum
617 4067 739 4131 tempore
764 4080 823 4116 eeee
846 4065 958 4119 omnino
977 4083 1039 4120 oon·
1065 4068 1258 4115 sandaracato
1276 4061 1326 4114 sub
1347 4059 1531 4116 Constantino
1551 4070 1722 4129 conyreyata
1743 4072 1900 4119 micantea

206 4144 337 4214 timentes,
360 4152 391 4198 ut
401 4146 514 4215 poseint
531 4147 571 4213 id,
592 4148 670 4217 quod
688 4165 707 4200 a
727 4149 791 4203 Deo
808 4149 975 4218 simpliciter
989 4168 1039 4224 pe·
1066 4166 1121 4217 eos,
1142 4149 1191 4219 qui
1207 4148 1343 4216 dicebant,
1361 4165 1446 4201 unam
1464 4148 1654 4216 operationem
1666 4157 1693 4202 et
1706 4167 1791 4204 unam
1803 4152 1901 4207 uoluu-

207 4239 274 4300 tuut,
296 4231 426 4286 obtinere.
464 4231 500 4287 Si
517 4234 580 4303 quie
597 4243 788 4304 eryopraeter
806 4236 976 4305 apostolicae
994 4256 1039 4291 ca·
1066 4244 1151 4290 tatem
1174 4252 1232 4289 esse
1254 4235 1284 4288 in
1302 4233 1429 4299 Christo,
1459 4234 1489 4287 in
1512 4251 1569 4303 qua
1592 4236 1684 4289 sandi
1707 4245 1808 4308 patres
1834 4239 1902 4295 ellos

206 4336 291 4372 nonee
310 4319 441 4372 incitatus
459 4318 497 4372 eit
515 4319 638 4389 aliquem
657 4336 765 4387 eorum,
792 4323 843 4392 qui
864 4323 976 4376 suntin
994 4341 1039 4378 ea·
1065 4330 1160 4392 utpote
1189 4321 1343 4376 hamaticae
1368 4320 1639 4375 anathematizarunt
1665 4329 1692 4375 et
1716 4324 1902 4381 orthodoxam

206 4406 280 4476 cris,
303 4407 531 4479 presbyterorum
558 4407 698 4475 inquimus
722 4409 766 4462 nel
794 4411 978 4463 diaconorum
995 4410 1041 4465 nel
1065 4410 1150 4474 tidem
1168 4409 1395 4479 explanaverunt.
1434 4408 1534 4462 Saluta
1554 4416 1595 4462 eet
1612 4408 1680 4462 baec
1692 4411 1817 4478 synodus
1829 4409 1902 4467 Oan-

205 4494 470 4562 bypodiacouorum,
507 4494 552 4557 ιὶς
583 4492 651 4569 πρὸς
687 4493 737 4560 τὴν
769 4494 891 4568 νόμιμον
919 4502 1039 4566 γυναῖκα
1066 4494 1185 4549 etantini
1204 4494 1410 4548 decimotertio
1431 4512 1520 4563 anno,
1541 4502 1609 4564 poet
1627 4503 1747 4564 qscatuor
1768 4513 1836 4552 uero
1853 4509 1904 4552 aut

205 4587 360 4653 συναφείας
378 4584 423 4635 καὶ
441 4585 598 4649 κοινωνίας,
619 4581 814 4648 conjunctione
833 4601 894 4636 cum
914 4583 1040 4654 lepitima
1066 4575 1190 4652 quinque
1210 4598 1299 4635 annos
1318 4581 1405 4635 iidem
1420 4589 1520 4651 patres
1540 4584 1616 4651 (nota
1642 4587 1738 4637 contra
1756 4582 1903 4639 Bellarmi-

206 4683 291 4721 urore
311 4675 337 4721 et
363 4669 563 4723 consuetudine
585 4667 708 4736 privare,
728 4669 894 4738 deponatur.
931 4670 1038 4725 Simili·
1065 4686 1131 4723 num
1149 4668 1203 4725 lib..
1220 4674 1244 4724 2.
1270 4668 1305 4723 de
1330 4657 1428 4739 pontif.
1446 4667 1524 4724 Rom.
1544 4686 1566 4722 c.
1591 4671 1631 4724 tt.
1656 4668 1761 4741 aliquot
1778 4668 1903 4727 Graecos

206 4763 249 4809 ter
264 4762 290 4807 et
307 4757 335 4808 ei
353 4757 415 4828 quie
431 4758 575 4827 presbyter
596 4754 640 4809 cel
665 4755 803 4809 diaconus
827 4775 907 4811 suam
926 4776 1038 4813 uaorcm
1065 4754 1209 4826 episcopos
1229 4755 1365 4809 duntaxat
1384 4756 1545 4810 convenisse
1564 4755 1641 4823 dicit)
1661 4757 1827 4824 conyreyati
1837 4766 1903 4811 eum

203 4842 320 4911 pietatis
330 4850 483 4911 praetecta
500 4845 627 4914 ejdem't,
654 4851 831 4913 eeyreyetur3
859 4852 885 4897 et
902 4845 930 4898 si
944 4862 1038 4914 peree-
1065 4844 1115 4895 sub
1132 4842 1296 4895 Jeestinr'ano
1309 4842 1377 4911 filio
1396 4840 1576 4897 Constantini
1593 4850 1618 4897 et
1632 4844 1798 4913 praedictae
1817 4861 1902 4899 cauo-

205 4928 360 4993 oeraccrit,
388 4931 555 4998 deponatur.
592 4929 625 4983 In
642 4929 694 4983 hoc
712 4945 818 4985 cauom
835 4928 1037 5001 observandum
1065 4945 1113 4982 nee
1127 4927 1392 4997 promulyauerunt,
1418 4927 1570 4998 dequibus
1587 4929 1683 4982 nullus
1701 4928 1823 4992 dubitet,
1852 4932 1903 4999 qui

209 5020 229 5070 l.
250 5031 309 5070 esse
329 5031 390 5070 eum
405 5015 433 5068 in
446 5017 552 5086 synodo
566 5015 746 5072 oecumenica
764 5033 841 5071 anno.
856 5015 967 5071 circiter
979 5023 1037 5075 681.
1065 5016 1137 5069 enim
1156 5015 1206 5067 sub
1224 5015 1406 5070 Constantino
1418 5016 1589 5086 imperatore
1603 5016 1633 5068 in
1648 5017 1756 5084 synodo
1774 5016 1900 5080 fremunt,

204 5101 310 5157 editum
334 5100 526 5173 praesentibus
549 5102 687 5174 pontificis
713 5102 831 5157 Romani
852 5102 962 5175 legatis.
996 5105 1028 5158 Ut
1064 5103 1150 5156 iidem
1170 5102 1227 5170 ipei
1251 5100 1378 5175 episcopi
1406 5104 1456 5156 eub
1473 5102 1638 5157 Justiniano
1663 5102 1726 5156 iett'e
1745 5103 1901 5157 canonibus

203 5205 284 5258 papa
308 5188 410 5262 (inquit
433 5188 582 5244 Balsamon
604 5189 741 5258 Graecus)
767 5207 799 5244 ec
825 5190 929 5244 nostrie
953 5172 1296 5258 etiamleubecrspeerunt.
1335 5189 1487 5260 Oportebat
1519 5190 1604 5254 enim,
1639 5197 1670 5243 ut
1691 5191 1816 5258 synodus
1838 5191 1900 5259 uni·

205 5276 365 5344 reyianibue
383 5276 489 5343 leyatoe
506 5275 634 5344 liaberet,
663 5279 845 5348 excapitatum
865 5284 904 5330 eet
919 5285 1037 5346 propter
1064 5274 1183 5331 cerealis
1201 5292 1321 5329 canonae
1339 5276 1540 5331 ecclesiasticos
1560 5278 1762 5346 promulyaret.
1799 5277 1842 5331 Ac
1859 5282 1899 5333 te·

205 5362 266 5414 oiae
291 5360 507 5431 turpitudinem,-
533 5362 722 5434 nentiquam
745 5379 878 5418 canonem
902 5364 948 5430 τῆς
969 5360 1036 5418 oino-
1063 5367 1153 5417 statur
1171 5361 1275 5419 ibidem
1293 5360 1459 5425 Gratianus,
1489 5377 1609 5416 canones
1624 5366 1758 5418 ducentae
1775 5382 1809 5417 ac
1829 5366 1901 5419 duos

206 5449 329 5516 σιολικῆς
342 5445 482 5520 ἀκριβείας
500 5447 601 5520 opponi
620 5448 819 5505 recentioribus
832 5448 975 5504 Romarm
993 5466 1036 5506 ec·
1064 5451 1100 5503 ab
1112 5450 1173 5504 illis
1188 5449 1327 5521 episcopie
1335 5451 1430 5515 suisee
1446 5446 1546 5513 editoe,
1565 5450 1615 5505 sed
1634 5449 1676 5504 illi
1690 5449 1755 5523 quia
1773 5450 1922 5515 Romano.

205 5532 307 5588 clasiae
324 5533 492 5604 eanonibns3
511 5540 536 5593 3.
553 5534 678 5607 permitti
697 5534 887 5592 sacerdotibus
905 5537 1044 5611 conjuga·¹
1063 5535 1188 5611 pontiflci
1220 5553 1276 5590 non
1303 5534 1484 5604 placuerunt,
1517 5531 1616 5591 aboliti
1641 5552 1674 5592 ac
1700 5534 1797 5610 rejecti
1825 5543 1900 5608 eunt,

204 5618 241 5675 tie
264 5625 390 5676 mutuam
414 5625 539 5693 ternpore
561 5612 883 5697 convenienti'ipdtqr3
912 5629 936 5681 4.
953 5623 1036 5681 ratio·
1063 5622 1172 5701 aliquos
1190 5627 1285 5679 umen
1301 5616 1453 5716 Manat
1478 5614 1592 5675 decreto
1611 5636 1661 5677 ιαο
1681 5620 1807 5682 haunit.
1836 5620 1906 5683 Neo
