<?xml version="1.0" encoding="UTF-8"?>
<!DOCTYPE html PUBLIC "-//W3C//DTD XHTML 1.0 Transitional//EN"
    "http://www.w3.org/TR/xhtml1/DTD/xhtml1-transitional.dtd">
<html xmlns="http://www.w3.org/1999/xhtml" xml:lang="en" lang="en">
 <head>
  <title>
</title>
<meta http-equiv="Content-Type" content="text/html;charset=utf-8" />
  <meta name='ocr-system' content='tesseract 3.04.00' />
  <meta name='ocr-capabilities' content='ocr_page ocr_carea ocr_par ocr_line ocrx_word'/>
</head>
<body>
  <div class='ocr_page' id='page_1' title='image "./locitheologicic01gerhgoog/locitheologicic01gerhgoog_0433.png"; bbox 0 0 4020 6014; ppageno 0'>
   <div class='ocr_carea' id='block_1_1' title="bbox 225 313 1339 382">
    <p class='ocr_par' dir='ltr' id='par_1_1' title="bbox 225 313 1339 382">
     <span class='ocr_line' id='line_1_1' title="bbox 225 313 1339 382; baseline -0.003 -3"><span class='ocrx_word' id='word_1_1' title='bbox 225 322 287 379; x_wconf 78' lang='lat'><strong>4¹24</strong></span> <span class='ocrx_word' id='word_1_2' title='bbox 795 315 916 374; x_wconf 81' lang='lat' dir='ltr'><strong>LOCUS</strong></span> <span class='ocrx_word' id='word_1_3' title='bbox 935 313 1139 373; x_wconf 73' lang='lat' dir='ltr'><strong>WCESIMUS</strong></span> <span class='ocrx_word' id='word_1_4' title='bbox 1158 316 1339 382; x_wconf 79' lang='lat' dir='ltr'>QUARTUS</span> 
     </span>
    </p>
   </div>
   <div class='ocr_carea' id='block_1_2' title="bbox 114 468 2009 5414">
    <p class='ocr_par' dir='ltr' id='par_1_2' title="bbox 114 468 2009 5414">
     <span class='ocr_line' id='line_1_2' title="bbox 226 468 1925 542; baseline 0 -17"><span class='ocrx_word' id='word_1_5' title='bbox 226 470 323 525; x_wconf 88' lang='lat' dir='ltr'><strong>derum</strong></span> <span class='ocrx_word' id='word_1_6' title='bbox 342 468 389 524; x_wconf 88' lang='lat' dir='ltr'><strong>lib.</strong></span> <span class='ocrx_word' id='word_1_7' title='bbox 409 476 433 524; x_wconf 96' lang='lat'><strong>4.</strong></span> <span class='ocrx_word' id='word_1_8' title='bbox 453 469 590 525; x_wconf 90' lang='lat' dir='ltr'><strong>decausis</strong></span> <span class='ocrx_word' id='word_1_9' title='bbox 608 469 673 525; x_wconf 91' lang='lat' dir='ltr'><strong>belli</strong></span> <span class='ocrx_word' id='word_1_10' title='bbox 694 469 786 525; x_wconf 83' lang='lat' dir='ltr'><strong>Germ.</strong></span> <span class='ocrx_word' id='word_1_11' title='bbox 805 488 829 525; x_wconf 94' lang='lat' dir='ltr'><strong>c.</strong></span> <span class='ocrx_word' id='word_1_12' title='bbox 849 475 889 528; x_wconf 83' lang='lat'><strong>11.</strong></span> <span class='ocrx_word' id='word_1_13' title='bbox 908 488 955 526; x_wconf 91' lang='lat' dir='ltr'><strong>nu.</strong></span> <span class='ocrx_word' id='word_1_14' title='bbox 974 479 997 528; x_wconf 78' lang='lat' dir='ltr'><strong>l.</strong></span> <span class='ocrx_word' id='word_1_15' title='bbox 1017 487 1053 527; x_wconf 88' lang='lat' dir='ltr'><strong>se·</strong></span> <span class='ocrx_word' id='word_1_16' title='bbox 1083 476 1136 529; x_wconf 83' lang='lat' dir='ltr'><strong>tas.</strong></span> <span class='ocrx_word' id='word_1_17' title='bbox 1179 480 1203 530; x_wconf 82' lang='grc'><strong>3.</strong></span> <span class='ocrx_word' id='word_1_18' title='bbox 1224 474 1371 539; x_wconf 80' lang='lat' dir='ltr'><strong>Quaerere,</strong></span> <span class='ocrx_word' id='word_1_19' title='bbox 1398 489 1433 528; x_wconf 89' lang='lat' dir='ltr'><strong>au</strong></span> <span class='ocrx_word' id='word_1_20' title='bbox 1452 471 1540 542; x_wconf 86' lang='lat' dir='ltr'><strong>judex</strong></span> <span class='ocrx_word' id='word_1_21' title='bbox 1558 471 1710 527; x_wconf 86' lang='lat' dir='ltr'><strong>secundum</strong></span> <span class='ocrx_word' id='word_1_22' title='bbox 1730 476 1796 526; x_wconf 85' lang='lat' dir='ltr'><strong>scta</strong></span> <span class='ocrx_word' id='word_1_23' title='bbox 1815 475 1845 526; x_wconf 83' lang='lat' dir='ltr'><strong>et</strong></span> <span class='ocrx_word' id='word_1_24' title='bbox 1860 487 1925 542; x_wconf 90' lang='lat' dir='ltr'><strong>pro-</strong></span> 
     </span>
     <span class='ocr_line' id='line_1_3' title="bbox 226 557 2009 633; baseline 0.002 -21"><span class='ocrx_word' id='word_1_25' title='bbox 226 558 349 614; x_wconf 85' lang='lat' dir='ltr'><strong>cundum</strong></span> <span class='ocrx_word' id='word_1_26' title='bbox 362 557 559 614; x_wconf 79' lang='lat' dir='ltr'><strong>conscientiam</strong></span> <span class='ocrx_word' id='word_1_27' title='bbox 572 558 662 628; x_wconf 88' lang='lat' dir='ltr'><strong>iuquit</strong></span> <span class='ocrx_word' id='word_1_28' title='bbox 676 559 874 627; x_wconf 69' lang='lat' dir='ltr'><strong>Laudes-evius</strong></span> <span class='ocrx_word' id='word_1_29' title='bbox 889 558 935 615; x_wconf 91' lang='lat' dir='ltr'><strong>lib.</strong></span> <span class='ocrx_word' id='word_1_30' title='bbox 950 565 975 616; x_wconf 86' lang='lat'><strong>4.</strong></span> <span class='ocrx_word' id='word_1_31' title='bbox 994 576 1018 614; x_wconf 84' lang='lat' dir='ltr'><strong>c.</strong></span> <span class='ocrx_word' id='word_1_32' title='bbox 1035 565 1058 613; x_wconf 77' lang='lat'><strong>7.</strong></span> <span class='ocrx_word' id='word_1_33' title='bbox 1085 559 1165 632; x_wconf 89' lang='lat' dir='ltr'><strong>bata,</strong></span> <span class='ocrx_word' id='word_1_34' title='bbox 1189 578 1225 616; x_wconf 89' lang='lat' dir='ltr'><strong>an</strong></span> <span class='ocrx_word' id='word_1_35' title='bbox 1251 579 1316 617; x_wconf 83' lang='lat' dir='ltr'><strong>vcro</strong></span> <span class='ocrx_word' id='word_1_36' title='bbox 1342 561 1496 617; x_wconf 91' lang='lat' dir='ltr'><strong>secundum</strong></span> <span class='ocrx_word' id='word_1_37' title='bbox 1521 559 1717 617; x_wconf 73' lang='lat' dir='ltr'><strong>conscientiam</strong></span> <span class='ocrx_word' id='word_1_38' title='bbox 1740 560 1926 633; x_wconf 80' lang='lat' dir='ltr'><strong>pronuntiare</strong></span> <span class='ocrx_word' id='word_1_39' title='bbox 1936 570 1984 616; x_wconf 78' lang='lat' dir='ltr'><strong>m.</strong></span> <span class='ocrx_word' id='word_1_40' title='bbox 2008 600 2009 603; x_wconf 63' lang='lat'><strong>,</strong></span> 
     </span>
     <span class='ocr_line' id='line_1_4' title="bbox 225 643 1923 748; baseline 0.002 -50"><span class='ocrx_word' id='word_1_41' title='bbox 225 651 316 702; x_wconf 73' lang='lat' dir='ltr'><strong>nuo.</strong></span> <span class='ocrx_word' id='word_1_42' title='bbox 352 643 406 709; x_wconf 83' lang='lat' dir='ltr'><strong>Qui</strong></span> <span class='ocrx_word' id='word_1_43' title='bbox 424 662 474 715; x_wconf 92' lang='lat' dir='ltr'><strong>pro</strong></span> <span class='ocrx_word' id='word_1_44' title='bbox 499 646 570 698; x_wconf 77' lang='lat' dir='ltr'><strong>ucria</strong></span> <span class='ocrx_word' id='word_1_45' title='bbox 589 654 613 698; x_wconf 85' lang='lat' dir='ltr'><strong>et</strong></span> <span class='ocrx_word' id='word_1_46' title='bbox 627 645 754 713; x_wconf 74' lang='lat' dir='ltr'><strong>procacis</strong></span> <span class='ocrx_word' id='word_1_47' title='bbox 773 644 897 716; x_wconf 82' lang='lat' dir='ltr'><strong>faciunt,</strong></span> <span class='ocrx_word' id='word_1_48' title='bbox 915 647 983 701; x_wconf 88' lang='lat' dir='ltr'><strong>haec</strong></span> <span class='ocrx_word' id='word_1_49' title='bbox 996 646 1057 700; x_wconf 80' lang='lat' dir='ltr'><strong>tun·</strong></span> <span class='ocrx_word' id='word_1_50' title='bbox 1086 646 1202 714; x_wconf 88' lang='lat' dir='ltr'><strong>debeat,</strong></span> <span class='ocrx_word' id='word_1_51' title='bbox 1227 648 1297 703; x_wconf 90' lang='lat' dir='ltr'><strong>nihil</strong></span> <span class='ocrx_word' id='word_1_52' title='bbox 1319 650 1394 704; x_wconf 87' lang='lat' dir='ltr'><strong>aliud</strong></span> <span class='ocrx_word' id='word_1_53' title='bbox 1420 655 1464 705; x_wconf 86' lang='lat' dir='ltr'><strong>est</strong></span> <span class='ocrx_word' id='word_1_54' title='bbox 1485 665 1568 748; x_wconf 83' lang='lat' dir='ltr'><strong>quam</strong></span> <span class='ocrx_word' id='word_1_55' title='bbox 1593 665 1738 720; x_wconf 86' lang='lat' dir='ltr'><strong>quaerere,</strong></span> <span class='ocrx_word' id='word_1_56' title='bbox 1764 665 1802 704; x_wconf 90' lang='lat' dir='ltr'><strong>an</strong></span> <span class='ocrx_word' id='word_1_57' title='bbox 1827 647 1923 719; x_wconf 90' lang='lat' dir='ltr'><strong>potius</strong></span> 
     </span>
     <span class='ocr_line' id='line_1_5' title="bbox 227 689 1925 836; baseline 0.003 -52"><span class='ocrx_word' id='word_1_58' title='bbox 227 732 358 785; x_wconf 84' lang='lat' dir='ltr'><strong>demente</strong></span> <span class='ocrx_word' id='word_1_59' title='bbox 384 731 539 802; x_wconf 86' lang='lat' dir='ltr'><strong>proferunt·</strong></span> <span class='ocrx_word' id='word_1_60' title='bbox 570 738 589 786; x_wconf 90' lang='grc'>1</span> <span class='ocrx_word' id='word_1_61' title='bbox 615 731 699 786; x_wconf 90' lang='lat' dir='ltr'><strong>tutior</strong></span> <span class='ocrx_word' id='word_1_62' title='bbox 723 739 766 787; x_wconf 91' lang='lat' dir='ltr'><strong>est</strong></span> <span class='ocrx_word' id='word_1_63' title='bbox 776 732 855 787; x_wconf 82' lang='lat' dir='ltr'><strong>ratio</strong></span> <span class='ocrx_word' id='word_1_64' title='bbox 874 689 1057 789; x_wconf 84' lang='lat' dir='ltr'><strong>fibiendarum</strong></span> <span class='ocrx_word' id='word_1_65' title='bbox 1085 734 1259 789; x_wconf 82' lang='lat' dir='ltr'><strong>mendacium</strong></span> <span class='ocrx_word' id='word_1_66' title='bbox 1284 752 1367 836; x_wconf 80' lang='lat' dir='ltr'><strong>quam</strong></span> <span class='ocrx_word' id='word_1_67' title='bbox 1389 736 1535 791; x_wconf 87' lang='lat' dir='ltr'><strong>veritatem</strong></span> <span class='ocrx_word' id='word_1_68' title='bbox 1560 734 1757 806; x_wconf 87' lang='lat' dir='ltr'><strong>injudicando</strong></span> <span class='ocrx_word' id='word_1_69' title='bbox 1775 734 1856 806; x_wconf 82' lang='lat' dir='ltr'><strong>ecqui</strong></span> <span class='ocrx_word' id='word_1_70' title='bbox 1875 733 1925 788; x_wconf 86' lang='grc' dir='ltr'>ιιι·</span> 
     </span>
     <span class='ocr_line' id='line_1_6' title="bbox 225 817 1925 891; baseline 0.002 -20"><span class='ocrx_word' id='word_1_71' title='bbox 225 817 324 887; x_wconf 89' lang='lat' dir='ltr'><strong>litium,</strong></span> <span class='ocrx_word' id='word_1_72' title='bbox 336 837 360 871; x_wconf 87' lang='grc' dir='ltr'><strong>ιι</strong></span> <span class='ocrx_word' id='word_1_73' title='bbox 352 819 456 889; x_wconf 81' lang='lat' dir='ltr'><strong>judex</strong></span> <span class='ocrx_word' id='word_1_74' title='bbox 470 818 561 887; x_wconf 90' lang='lat' dir='ltr'><strong>potius</strong></span> <span class='ocrx_word' id='word_1_75' title='bbox 574 817 749 887; x_wconf 87' lang='lat' dir='ltr'><strong>probationes</strong></span> <span class='ocrx_word' id='word_1_76' title='bbox 765 836 848 891; x_wconf 90' lang='lat' dir='ltr'><strong>quam</strong></span> <span class='ocrx_word' id='word_1_77' title='bbox 862 819 1056 875; x_wconf 82' lang='lat' dir='ltr'><strong>conscientiam</strong></span> <span class='ocrx_word' id='word_1_78' title='bbox 1085 821 1159 876; x_wconf 90' lang='lat' dir='ltr'><strong>beat</strong></span> <span class='ocrx_word' id='word_1_79' title='bbox 1195 822 1287 877; x_wconf 77' lang='lat' dir='ltr'><strong>iudex</strong></span> <span class='ocrx_word' id='word_1_80' title='bbox 1311 823 1384 878; x_wconf 90' lang='lat' dir='ltr'><strong>enim</strong></span> <span class='ocrx_word' id='word_1_81' title='bbox 1405 823 1569 879; x_wconf 80' lang='lat' dir='ltr'><strong>sententiam</strong></span> <span class='ocrx_word' id='word_1_82' title='bbox 1594 822 1689 879; x_wconf 90' lang='lat' dir='ltr'><strong>dicens</strong></span> <span class='ocrx_word' id='word_1_83' title='bbox 1707 828 1805 877; x_wconf 87' lang='lat' dir='ltr'><strong>contra</strong></span> <span class='ocrx_word' id='word_1_84' title='bbox 1823 819 1925 877; x_wconf 80' lang='lat' dir='ltr'><strong>rarita-</strong></span> 
     </span>
     <span class='ocr_line' id='line_1_7' title="bbox 225 891 1924 1007; baseline 0.001 -48"><span class='ocrx_word' id='word_1_85' title='bbox 225 912 433 975; x_wconf 68' lang='lat' dir='ltr'><strong>sequemet</strong></span> <span class='ocrx_word' id='word_1_86' title='bbox 460 905 547 961; x_wconf 91' lang='lat' dir='ltr'><strong>Nemo</strong></span> <span class='ocrx_word' id='word_1_87' title='bbox 571 911 664 975; x_wconf 86' lang='lat' dir='ltr'><strong>potest</strong></span> <span class='ocrx_word' id='word_1_88' title='bbox 693 905 775 960; x_wconf 92' lang='lat' dir='ltr'><strong>simul</strong></span> <span class='ocrx_word' id='word_1_89' title='bbox 794 906 897 977; x_wconf 88' lang='lat' dir='ltr'><strong>judicis</strong></span> <span class='ocrx_word' id='word_1_90' title='bbox 923 912 952 961; x_wconf 90' lang='grc' dir='ltr'><strong>ιι</strong></span> <span class='ocrx_word' id='word_1_91' title='bbox 979 891 1141 962; x_wconf 83' lang='lat' dir='ltr'><strong>testisitem</strong></span> <span class='ocrx_word' id='word_1_92' title='bbox 1160 906 1212 963; x_wconf 87' lang='lat' dir='ltr'><strong>sibi</strong></span> <span class='ocrx_word' id='word_1_93' title='bbox 1232 909 1315 964; x_wconf 88' lang='lat' dir='ltr'><strong>stiam</strong></span> <span class='ocrx_word' id='word_1_94' title='bbox 1332 909 1461 980; x_wconf 86' lang='lat' dir='ltr'><strong>privatim</strong></span> <span class='ocrx_word' id='word_1_95' title='bbox 1479 913 1649 980; x_wconf 87' lang='lat' dir='ltr'><strong>compertam</strong></span> <span class='ocrx_word' id='word_1_96' title='bbox 1667 913 1752 980; x_wconf 88' lang='lat' dir='ltr'><strong>atque</strong></span> <span class='ocrx_word' id='word_1_97' title='bbox 1770 907 1924 1007; x_wconf 77' lang='lat' dir='ltr'><strong>cognitam</strong></span> 
     </span>
     <span class='ocr_line' id='line_1_8' title="bbox 225 992 1925 1064; baseline -0.001 -15"><span class='ocrx_word' id='word_1_98' title='bbox 225 992 351 1062; x_wconf 87' lang='lat' dir='ltr'><strong>partibus</strong></span> <span class='ocrx_word' id='word_1_99' title='bbox 370 992 466 1064; x_wconf 72' lang='lat' dir='ltr'><strong>iungiJ</strong></span> <span class='ocrx_word' id='word_1_100' title='bbox 490 993 538 1048; x_wconf 89' lang='lat' dir='ltr'><strong>sed</strong></span> <span class='ocrx_word' id='word_1_101' title='bbox 568 994 591 1047; x_wconf 92' lang='lat' dir='ltr'><strong>si</strong></span> <span class='ocrx_word' id='word_1_102' title='bbox 615 994 712 1049; x_wconf 88' lang='lat' dir='ltr'><strong>licebit</strong></span> <span class='ocrx_word' id='word_1_103' title='bbox 732 994 823 1064; x_wconf 91' lang='lat' dir='ltr'><strong>judici</strong></span> <span class='ocrx_word' id='word_1_104' title='bbox 845 994 997 1049; x_wconf 90' lang='lat' dir='ltr'><strong>secundum</strong></span> <span class='ocrx_word' id='word_1_105' title='bbox 1018 1011 1059 1062; x_wconf 88' lang='lat' dir='ltr'><strong>ea,</strong></span> <span class='ocrx_word' id='word_1_106' title='bbox 1086 993 1197 1050; x_wconf 91' lang='lat' dir='ltr'><strong>omnino</strong></span> <span class='ocrx_word' id='word_1_107' title='bbox 1224 995 1385 1051; x_wconf 88' lang='lat' dir='ltr'><strong>ment-itur</strong></span> <span class='ocrx_word' id='word_1_108' title='bbox 1377 1014 1406 1051; x_wconf 92' lang='lat' dir='ltr'><strong>m</strong></span> <span class='ocrx_word' id='word_1_109' title='bbox 1433 995 1581 1052; x_wconf 86' lang='lat' dir='ltr'><strong>laesionem</strong></span> <span class='ocrx_word' id='word_1_110' title='bbox 1598 996 1727 1060; x_wconf 80' lang='grc' dir='ltr'>ιιιιιιιιι,</span> <span class='ocrx_word' id='word_1_111' title='bbox 1746 996 1831 1050; x_wconf 82' lang='lat' dir='ltr'><strong>uliud</strong></span> <span class='ocrx_word' id='word_1_112' title='bbox 1848 995 1925 1049; x_wconf 83' lang='lat' dir='ltr'><strong>euim</strong></span> 
     </span>
     <span class='ocr_line' id='line_1_9' title="bbox 229 1072 1921 1153; baseline 0 -18"><span class='ocrx_word' id='word_1_113' title='bbox 229 1097 300 1151; x_wconf 89' lang='lat' dir='ltr'><strong>quae</strong></span> <span class='ocrx_word' id='word_1_114' title='bbox 319 1080 372 1134; x_wconf 91' lang='lat' dir='ltr'><strong>scit</strong></span> <span class='ocrx_word' id='word_1_115' title='bbox 376 1120 383 1148; x_wconf 90' lang='lat'><strong>,</strong></span> <span class='ocrx_word' id='word_1_116' title='bbox 398 1080 536 1151; x_wconf 90' lang='lat' dir='ltr'><strong>judicare,</strong></span> <span class='ocrx_word' id='word_1_117' title='bbox 554 1080 765 1152; x_wconf 86' lang='lat' dir='ltr'><strong>probationibus</strong></span> <span class='ocrx_word' id='word_1_118' title='bbox 784 1072 992 1151; x_wconf 89' lang='lat' dir='ltr'><strong>deficientibus,</strong></span> <span class='ocrx_word' id='word_1_119' title='bbox 1011 1088 1060 1135; x_wconf 90' lang='lat' dir='ltr'><strong>aut</strong></span> <span class='ocrx_word' id='word_1_120' title='bbox 1085 1081 1425 1153; x_wconf 61' lang='lat' dir='ltr'><strong>caeremoniamque</strong></span> <span class='ocrx_word' id='word_1_121' title='bbox 1443 1084 1625 1148; x_wconf 75' lang='lat' dir='ltr'><strong>menducium,</strong></span> <span class='ocrx_word' id='word_1_122' title='bbox 1644 1082 1807 1138; x_wconf 85' lang='lat' dir='ltr'><strong>Aristoteles</strong></span> <span class='ocrx_word' id='word_1_123' title='bbox 1827 1081 1875 1136; x_wconf 93' lang='lat' dir='ltr'><strong>lib.</strong></span> <span class='ocrx_word' id='word_1_124' title='bbox 1896 1088 1921 1138; x_wconf 87' lang='lat'><strong>4.</strong></span> 
     </span>
     <span class='ocr_line' id='line_1_10' title="bbox 224 1165 1923 1241; baseline 0.001 -21"><span class='ocrx_word' id='word_1_125' title='bbox 224 1165 276 1230; x_wconf 85' lang='lat' dir='ltr'><strong>his,</strong></span> <span class='ocrx_word' id='word_1_126' title='bbox 295 1182 366 1237; x_wconf 88' lang='lat' dir='ltr'><strong>quae</strong></span> <span class='ocrx_word' id='word_1_127' title='bbox 383 1167 534 1238; x_wconf 84' lang='lat' dir='ltr'><strong>injudicio</strong></span> <span class='ocrx_word' id='word_1_128' title='bbox 551 1168 786 1238; x_wconf 87' lang='lat' dir='ltr'><strong>productaesunt,</strong></span> <span class='ocrx_word' id='word_1_129' title='bbox 804 1168 888 1239; x_wconf 89' lang='lat' dir='ltr'><strong>piane</strong></span> <span class='ocrx_word' id='word_1_130' title='bbox 906 1168 1059 1238; x_wconf 88' lang='lat' dir='ltr'><strong>contemtis,</strong></span> <span class='ocrx_word' id='word_1_131' title='bbox 1085 1167 1166 1223; x_wconf 87' lang='lat' dir='ltr'><strong>ethic.</strong></span> <span class='ocrx_word' id='word_1_132' title='bbox 1190 1169 1297 1226; x_wconf 87' lang='lat' dir='ltr'><strong>Nicom.</strong></span> <span class='ocrx_word' id='word_1_133' title='bbox 1321 1187 1344 1224; x_wconf 91' lang='lat' dir='ltr'><strong>c.</strong></span> <span class='ocrx_word' id='word_1_134' title='bbox 1371 1176 1394 1225; x_wconf 80' lang='lat'><strong>7.</strong></span> <span class='ocrx_word' id='word_1_135' title='bbox 1429 1177 1455 1228; x_wconf 89' lang='lat'><strong>4.</strong></span> <span class='ocrx_word' id='word_1_136' title='bbox 1473 1169 1568 1226; x_wconf 78' lang='lat' dir='ltr'><strong>iudici</strong></span> <span class='ocrx_word' id='word_1_137' title='bbox 1586 1169 1762 1241; x_wconf 89' lang='lat' dir='ltr'><strong>probandum</strong></span> <span class='ocrx_word' id='word_1_138' title='bbox 1785 1173 1842 1238; x_wconf 89' lang='lat' dir='ltr'><strong>cst,</strong></span> <span class='ocrx_word' id='word_1_139' title='bbox 1865 1184 1923 1222; x_wconf 88' lang='lat' dir='ltr'><strong>non</strong></span> 
     </span>
     <span class='ocr_line' id='line_1_11' title="bbox 225 1252 1924 1328; baseline 0.003 -22"><span class='ocrx_word' id='word_1_140' title='bbox 225 1252 306 1307; x_wconf 86' lang='lat' dir='ltr'><strong>simul</strong></span> <span class='ocrx_word' id='word_1_141' title='bbox 325 1253 403 1307; x_wconf 86' lang='lat' dir='ltr'><strong>testis</strong></span> <span class='ocrx_word' id='word_1_142' title='bbox 428 1258 457 1306; x_wconf 93' lang='lat' dir='ltr'><strong>et</strong></span> <span class='ocrx_word' id='word_1_143' title='bbox 471 1254 575 1324; x_wconf 91' lang='lat' dir='ltr'><strong>judicis</strong></span> <span class='ocrx_word' id='word_1_144' title='bbox 597 1254 724 1325; x_wconf 86' lang='lat' dir='ltr'><strong>partibus</strong></span> <span class='ocrx_word' id='word_1_145' title='bbox 741 1255 881 1326; x_wconf 81' lang='lat' dir='ltr'><strong>fungetur.</strong></span> <span class='ocrx_word' id='word_1_146' title='bbox 920 1260 944 1310; x_wconf 87' lang='grc'><strong>3.</strong></span> <span class='ocrx_word' id='word_1_147' title='bbox 963 1253 992 1309; x_wconf 85' lang='lat' dir='ltr'><strong>Si</strong></span> <span class='ocrx_word' id='word_1_148' title='bbox 1011 1270 1058 1308; x_wconf 89' lang='lat' dir='ltr'><strong>ne·</strong></span> <span class='ocrx_word' id='word_1_149' title='bbox 1087 1255 1255 1326; x_wconf 81' lang='lat' dir='ltr'><strong>adversario,</strong></span> <span class='ocrx_word' id='word_1_150' title='bbox 1279 1257 1323 1311; x_wconf 91' lang='lat' dir='ltr'><strong>cui</strong></span> <span class='ocrx_word' id='word_1_151' title='bbox 1347 1273 1488 1328; x_wconf 90' lang='lat' dir='ltr'><strong>nunquam</strong></span> <span class='ocrx_word' id='word_1_152' title='bbox 1507 1256 1658 1312; x_wconf 84' lang='lat' dir='ltr'><strong>satisfieret.</strong></span> <span class='ocrx_word' id='word_1_153' title='bbox 1677 1257 1696 1311; x_wconf 94' lang='lat' dir='ltr'><strong>i.</strong></span> <span class='ocrx_word' id='word_1_154' title='bbox 1716 1255 1924 1328; x_wconf 80' lang='lat' dir='ltr'><strong>quinquaginta</strong></span> 
     </span>
     <span class='ocr_line' id='line_1_12' title="bbox 224 1339 1923 1415; baseline 0.002 -23"><span class='ocrx_word' id='word_1_155' title='bbox 224 1339 323 1409; x_wconf 83' lang='lat' dir='ltr'><strong>glectis</strong></span> <span class='ocrx_word' id='word_1_156' title='bbox 340 1340 553 1408; x_wconf 87' lang='lat' dir='ltr'><strong>probationibus</strong></span> <span class='ocrx_word' id='word_1_157' title='bbox 564 1341 656 1411; x_wconf 86' lang='lat' dir='ltr'><strong>judici</strong></span> <span class='ocrx_word' id='word_1_158' title='bbox 674 1341 717 1396; x_wconf 87' lang='lat' dir='ltr'><strong>fas</strong></span> <span class='ocrx_word' id='word_1_159' title='bbox 736 1350 808 1399; x_wconf 87' lang='lat' dir='ltr'><strong>esset</strong></span> <span class='ocrx_word' id='word_1_160' title='bbox 825 1342 977 1398; x_wconf 91' lang='lat' dir='ltr'><strong>secundum</strong></span> <span class='ocrx_word' id='word_1_161' title='bbox 997 1358 1058 1412; x_wconf 89' lang='lat' dir='ltr'><strong>pro·</strong></span> <span class='ocrx_word' id='word_1_162' title='bbox 1085 1340 1113 1396; x_wconf 89' lang='lat' dir='ltr'><strong>in</strong></span> <span class='ocrx_word' id='word_1_163' title='bbox 1130 1340 1194 1398; x_wconf 87' lang='lat' dir='ltr'><strong>iine.</strong></span> <span class='ocrx_word' id='word_1_164' title='bbox 1212 1344 1242 1398; x_wconf 84' lang='lat' dir='ltr'><strong>ff.</strong></span> <span class='ocrx_word' id='word_1_165' title='bbox 1262 1343 1297 1398; x_wconf 89' lang='lat' dir='ltr'><strong>de</strong></span> <span class='ocrx_word' id='word_1_166' title='bbox 1315 1343 1423 1415; x_wconf 86' lang='lat' dir='ltr'><strong>probat.</strong></span> <span class='ocrx_word' id='word_1_167' title='bbox 1448 1344 1522 1398; x_wconf 87' lang='lat' dir='ltr'><strong>unde</strong></span> <span class='ocrx_word' id='word_1_168' title='bbox 1547 1351 1575 1400; x_wconf 91' lang='lat' dir='ltr'><strong>et</strong></span> <span class='ocrx_word' id='word_1_169' title='bbox 1593 1342 1770 1414; x_wconf 78' lang='lat' dir='ltr'><strong>probationes</strong></span> <span class='ocrx_word' id='word_1_170' title='bbox 1788 1343 1923 1397; x_wconf 88' lang='lat' dir='ltr'><strong>dicuntur</strong></span> 
     </span>
     <span class='ocr_line' id='line_1_13' title="bbox 224 1424 1922 1504; baseline 0.001 -24"><span class='ocrx_word' id='word_1_171' title='bbox 224 1426 313 1496; x_wconf 88' lang='lat' dir='ltr'><strong>priam</strong></span> <span class='ocrx_word' id='word_1_172' title='bbox 331 1426 475 1481; x_wconf 85' lang='lat' dir='ltr'><strong>scientiam</strong></span> <span class='ocrx_word' id='word_1_173' title='bbox 489 1427 617 1497; x_wconf 88' lang='lat' dir='ltr'><strong>J&#39;udicare</strong></span> <span class='ocrx_word' id='word_1_174' title='bbox 644 1433 673 1484; x_wconf 92' lang='lat' dir='ltr'><strong>et</strong></span> <span class='ocrx_word' id='word_1_175' title='bbox 689 1445 766 1484; x_wconf 89' lang='lat' dir='ltr'><strong>reum</strong></span> <span class='ocrx_word' id='word_1_176' title='bbox 782 1429 940 1493; x_wconf 84' lang='lat' dir='ltr'><strong>absolvere,</strong></span> <span class='ocrx_word' id='word_1_177' title='bbox 964 1428 1060 1482; x_wconf 84' lang='lat' dir='ltr'><strong>liceret</strong></span> <span class='ocrx_word' id='word_1_178' title='bbox 1086 1429 1260 1483; x_wconf 67' lang='lat' dir='ltr'><strong>crbdruriue</strong></span> <span class='ocrx_word' id='word_1_179' title='bbox 1277 1437 1307 1484; x_wconf 94' lang='lat' dir='ltr'><strong>et</strong></span> <span class='ocrx_word' id='word_1_180' title='bbox 1321 1432 1447 1500; x_wconf 79' lang='lat' dir='ltr'><strong>pendere</strong></span> <span class='ocrx_word' id='word_1_181' title='bbox 1465 1431 1501 1483; x_wconf 82' lang='lat' dir='ltr'><strong>ub</strong></span> <span class='ocrx_word' id='word_1_182' title='bbox 1512 1430 1610 1498; x_wconf 75' lang='lat' dir='ltr'><strong>officio</strong></span> <span class='ocrx_word' id='word_1_183' title='bbox 1625 1431 1742 1499; x_wconf 70' lang='lat' dir='ltr'><strong>judicu.</strong></span> <span class='ocrx_word' id='word_1_184' title='bbox 1763 1429 1782 1483; x_wconf 87' lang='lat' dir='ltr'><strong>l.</strong></span> <span class='ocrx_word' id='word_1_185' title='bbox 1797 1433 1823 1485; x_wconf 78' lang='grc' dir='ltr'><strong>ι.</strong></span> <span class='ocrx_word' id='word_1_186' title='bbox 1843 1424 1870 1504; x_wconf 67' lang='grc' dir='ltr'><strong>ξ.</strong></span> <span class='ocrx_word' id='word_1_187' title='bbox 1888 1433 1922 1482; x_wconf 83' lang='grc' dir='ltr'><strong>ιι</strong></span> 
     </span>
     <span class='ocr_line' id='line_1_14' title="bbox 226 1513 1922 1588; baseline 0.002 -21"><span class='ocrx_word' id='word_1_188' title='bbox 226 1530 336 1583; x_wconf 89' lang='lat' dir='ltr'><strong>quoque</strong></span> <span class='ocrx_word' id='word_1_189' title='bbox 355 1513 380 1570; x_wconf 90' lang='lat' dir='ltr'><strong>ei</strong></span> <span class='ocrx_word' id='word_1_190' title='bbox 398 1521 558 1570; x_wconf 82' lang='lat' dir='ltr'><strong>accusatore</strong></span> <span class='ocrx_word' id='word_1_191' title='bbox 576 1532 633 1570; x_wconf 91' lang='lat' dir='ltr'><strong>nou</strong></span> <span class='ocrx_word' id='word_1_192' title='bbox 651 1515 787 1586; x_wconf 82' lang='lat' dir='ltr'><strong>probante</strong></span> <span class='ocrx_word' id='word_1_193' title='bbox 800 1532 833 1570; x_wconf 86' lang='lat' dir='ltr'><strong>ex</strong></span> <span class='ocrx_word' id='word_1_194' title='bbox 846 1516 954 1587; x_wconf 83' lang='lat' dir='ltr'><strong>privata</strong></span> <span class='ocrx_word' id='word_1_195' title='bbox 971 1515 1058 1569; x_wconf 90' lang='lat' dir='ltr'><strong>scien·</strong></span> <span class='ocrx_word' id='word_1_196' title='bbox 1085 1517 1173 1588; x_wconf 86' lang='lat' dir='ltr'><strong>magis</strong></span> <span class='ocrx_word' id='word_1_197' title='bbox 1193 1517 1263 1571; x_wconf 90' lang='lat' dir='ltr'><strong>scire</strong></span> <span class='ocrx_word' id='word_1_198' title='bbox 1281 1516 1310 1572; x_wconf 86' lang='lat' dir='ltr'><strong>ff.</strong></span> <span class='ocrx_word' id='word_1_199' title='bbox 1335 1517 1370 1572; x_wconf 92' lang='lat' dir='ltr'><strong>de</strong></span> <span class='ocrx_word' id='word_1_200' title='bbox 1391 1515 1517 1572; x_wconf 90' lang='lat' dir='ltr'><strong>testibus.</strong></span> <span class='ocrx_word' id='word_1_201' title='bbox 1553 1516 1617 1573; x_wconf 86' lang='lat' dir='ltr'><strong>Jam</strong></span> <span class='ocrx_word' id='word_1_202' title='bbox 1643 1534 1710 1573; x_wconf 85' lang='lat' dir='ltr'><strong>reru</strong></span> <span class='ocrx_word' id='word_1_203' title='bbox 1727 1515 1796 1570; x_wconf 91' lang='lat' dir='ltr'><strong>nihil</strong></span> <span class='ocrx_word' id='word_1_204' title='bbox 1817 1515 1922 1571; x_wconf 83' lang='lat' dir='ltr'><strong>certius</strong></span> 
     </span>
     <span class='ocr_line' id='line_1_15' title="bbox 224 1600 1921 1676; baseline 0.002 -22"><span class='ocrx_word' id='word_1_205' title='bbox 224 1601 265 1655; x_wconf 88' lang='lat' dir='ltr'><strong>tia</strong></span> <span class='ocrx_word' id='word_1_206' title='bbox 281 1608 442 1655; x_wconf 87' lang='lat' dir='ltr'><strong>accusatum</strong></span> <span class='ocrx_word' id='word_1_207' title='bbox 461 1601 601 1666; x_wconf 89' lang='lat' dir='ltr'><strong>damnare,</strong></span> <span class='ocrx_word' id='word_1_208' title='bbox 623 1602 697 1673; x_wconf 92' lang='lat' dir='ltr'><strong>quod</strong></span> <span class='ocrx_word' id='word_1_209' title='bbox 717 1609 759 1658; x_wconf 90' lang='lat' dir='ltr'><strong>est</strong></span> <span class='ocrx_word' id='word_1_210' title='bbox 776 1602 928 1658; x_wconf 87' lang='lat' dir='ltr'><strong>absurdum</strong></span> <span class='ocrx_word' id='word_1_211' title='bbox 945 1608 972 1657; x_wconf 91' lang='lat' dir='ltr'><strong>et</strong></span> <span class='ocrx_word' id='word_1_212' title='bbox 990 1600 1058 1674; x_wconf 82' lang='lat' dir='ltr'><strong>iegi-</strong></span> <span class='ocrx_word' id='word_1_213' title='bbox 1085 1608 1177 1673; x_wconf 83' lang='lat' dir='ltr'><strong>potest</strong></span> <span class='ocrx_word' id='word_1_214' title='bbox 1190 1603 1278 1674; x_wconf 85' lang='lat' dir='ltr'><strong>J&#39;udex</strong></span> <span class='ocrx_word' id='word_1_215' title='bbox 1301 1619 1467 1675; x_wconf 79' lang='lat' dir='ltr'><strong>cognoscere</strong></span> <span class='ocrx_word' id='word_1_216' title='bbox 1483 1602 1529 1659; x_wconf 84' lang='lat' dir='ltr'><strong>rel</strong></span> <span class='ocrx_word' id='word_1_217' title='bbox 1556 1603 1738 1676; x_wconf 86' lang='lat' dir='ltr'><strong>disceptando</strong></span> <span class='ocrx_word' id='word_1_218' title='bbox 1755 1602 1921 1675; x_wconf 81' lang='lat' dir='ltr'><strong>intelligere,</strong></span> 
     </span>
     <span class='ocr_line' id='line_1_16' title="bbox 224 1688 1921 1762; baseline -0.001 -17"><span class='ocrx_word' id='word_1_219' title='bbox 224 1688 278 1745; x_wconf 90' lang='lat' dir='ltr'><strong>bus</strong></span> <span class='ocrx_word' id='word_1_220' title='bbox 296 1688 473 1745; x_wconf 89' lang='lat' dir='ltr'><strong>contrarium.</strong></span> <span class='ocrx_word' id='word_1_221' title='bbox 511 1695 537 1746; x_wconf 86' lang='lat'><strong>4.</strong></span> <span class='ocrx_word' id='word_1_222' title='bbox 557 1688 585 1744; x_wconf 85' lang='lat' dir='ltr'><strong>si</strong></span> <span class='ocrx_word' id='word_1_223' title='bbox 603 1690 808 1758; x_wconf 87' lang='lat' dir='ltr'><strong>permitteretur</strong></span> <span class='ocrx_word' id='word_1_224' title='bbox 823 1689 913 1760; x_wconf 89' lang='lat' dir='ltr'><strong>judici</strong></span> <span class='ocrx_word' id='word_1_225' title='bbox 931 1688 1057 1760; x_wconf 89' lang='lat' dir='ltr'><strong>sepositis</strong></span> <span class='ocrx_word' id='word_1_226' title='bbox 1085 1707 1168 1762; x_wconf 87' lang='lat' dir='ltr'><strong>quam</strong></span> <span class='ocrx_word' id='word_1_227' title='bbox 1194 1691 1268 1762; x_wconf 89' lang='lat' dir='ltr'><strong>quod</strong></span> <span class='ocrx_word' id='word_1_228' title='bbox 1292 1690 1346 1762; x_wconf 71' lang='lat' dir='ltr'><strong>ecit</strong></span> <span class='ocrx_word' id='word_1_229' title='bbox 1365 1708 1458 1747; x_wconf 82' lang='lat' dir='ltr'><strong>rerum</strong></span> <span class='ocrx_word' id='word_1_230' title='bbox 1478 1706 1552 1760; x_wconf 91' lang='lat' dir='ltr'><strong>esse,</strong></span> <span class='ocrx_word' id='word_1_231' title='bbox 1579 1690 1682 1762; x_wconf 90' lang='lat' dir='ltr'><strong>quippe</strong></span> <span class='ocrx_word' id='word_1_232' title='bbox 1708 1690 1785 1762; x_wconf 92' lang='lat' dir='ltr'><strong>quod</strong></span> <span class='ocrx_word' id='word_1_233' title='bbox 1810 1706 1921 1746; x_wconf 90' lang='lat' dir='ltr'><strong>omnem</strong></span> 
     </span>
     <span class='ocr_line' id='line_1_17' title="bbox 127 1775 1921 1848; baseline 0.001 -19"><span class='ocrx_word' id='word_1_234' title='bbox 127 1780 132 1791; x_wconf 84' lang='grc'><em>“</em></span> <span class='ocrx_word' id='word_1_235' title='bbox 224 1775 294 1831; x_wconf 90' lang='lat' dir='ltr'><strong>actis</strong></span> <span class='ocrx_word' id='word_1_236' title='bbox 313 1782 341 1831; x_wconf 92' lang='lat' dir='ltr'><strong>et</strong></span> <span class='ocrx_word' id='word_1_237' title='bbox 353 1775 477 1845; x_wconf 90' lang='lat' dir='ltr'><strong>probatis</strong></span> <span class='ocrx_word' id='word_1_238' title='bbox 494 1775 646 1830; x_wconf 89' lang='lat' dir='ltr'><strong>secundum</strong></span> <span class='ocrx_word' id='word_1_239' title='bbox 664 1776 805 1847; x_wconf 86' lang='lat' dir='ltr'><strong>propriam</strong></span> <span class='ocrx_word' id='word_1_240' title='bbox 824 1775 968 1831; x_wconf 88' lang='lat' dir='ltr'><strong>scientiam</strong></span> <span class='ocrx_word' id='word_1_241' title='bbox 983 1775 1058 1846; x_wconf 90' lang='lat' dir='ltr'><strong>judi-</strong></span> <span class='ocrx_word' id='word_1_242' title='bbox 1085 1776 1222 1846; x_wconf 88' lang='lat' dir='ltr'><strong>probandi</strong></span> <span class='ocrx_word' id='word_1_243' title='bbox 1242 1778 1353 1832; x_wconf 90' lang='lat' dir='ltr'><strong>modum</strong></span> <span class='ocrx_word' id='word_1_244' title='bbox 1376 1783 1499 1848; x_wconf 88' lang='lat' dir='ltr'><strong>superat.</strong></span> <span class='ocrx_word' id='word_1_245' title='bbox 1526 1777 1545 1830; x_wconf 95' lang='lat' dir='ltr'><strong>l.</strong></span> <span class='ocrx_word' id='word_1_246' title='bbox 1563 1777 1652 1832; x_wconf 83' lang='lat' dir='ltr'><strong>minor</strong></span> <span class='ocrx_word' id='word_1_247' title='bbox 1672 1782 1713 1832; x_wconf 80' lang='lat'><strong>³2.</strong></span> <span class='ocrx_word' id='word_1_248' title='bbox 1731 1775 1760 1832; x_wconf 86' lang='lat' dir='ltr'><strong>ff.</strong></span> <span class='ocrx_word' id='word_1_249' title='bbox 1781 1776 1815 1833; x_wconf 92' lang='lat' dir='ltr'><strong>de</strong></span> <span class='ocrx_word' id='word_1_250' title='bbox 1833 1776 1921 1832; x_wconf 91' lang='lat' dir='ltr'><strong>mino·</strong></span> 
     </span>
     <span class='ocr_line' id='line_1_18' title="bbox 224 1861 1921 1935; baseline 0.001 -19"><span class='ocrx_word' id='word_1_251' title='bbox 224 1877 301 1925; x_wconf 83' lang='lat' dir='ltr'><strong>cure,</strong></span> <span class='ocrx_word' id='word_1_252' title='bbox 327 1862 435 1917; x_wconf 84' lang='lat' dir='ltr'><strong>occasio</strong></span> <span class='ocrx_word' id='word_1_253' title='bbox 464 1861 644 1927; x_wconf 87' lang='lat' dir='ltr'><strong>praeberetur</strong></span> <span class='ocrx_word' id='word_1_254' title='bbox 665 1861 834 1934; x_wconf 79' lang='lat' dir='ltr'><strong>indulgendi</strong></span> <span class='ocrx_word' id='word_1_255' title='bbox 858 1862 1005 1916; x_wconf 86' lang='lat' dir='ltr'><strong>affectibus</strong></span> <span class='ocrx_word' id='word_1_256' title='bbox 1025 1879 1058 1916; x_wconf 87' lang='lat' dir='ltr'><strong>ac</strong></span> <span class='ocrx_word' id='word_1_257' title='bbox 1085 1862 1171 1920; x_wconf 88' lang='lat' dir='ltr'><strong>ribus.</strong></span> <span class='ocrx_word' id='word_1_258' title='bbox 1205 1863 1281 1935; x_wconf 84' lang='lat' dir='ltr'><strong>Ergo</strong></span> <span class='ocrx_word' id='word_1_259' title='bbox 1297 1864 1384 1933; x_wconf 88' lang='lat' dir='ltr'><strong>juder</strong></span> <span class='ocrx_word' id='word_1_260' title='bbox 1402 1864 1581 1935; x_wconf 88' lang='lat' dir='ltr'><strong>pronuntiare</strong></span> <span class='ocrx_word' id='word_1_261' title='bbox 1607 1863 1691 1919; x_wconf 89' lang='lat' dir='ltr'><strong>debet</strong></span> <span class='ocrx_word' id='word_1_262' title='bbox 1707 1863 1861 1918; x_wconf 88' lang='lat' dir='ltr'><strong>secundum</strong></span> <span class='ocrx_word' id='word_1_263' title='bbox 1880 1863 1921 1933; x_wconf 88' lang='lat' dir='ltr'><strong>id,</strong></span> 
     </span>
     <span class='ocr_line' id='line_1_19' title="bbox 221 1948 1921 2020; baseline 0.002 -17"><span class='ocrx_word' id='word_1_264' title='bbox 221 1950 288 2020; x_wconf 86' lang='lat' dir='ltr'><strong>jura</strong></span> <span class='ocrx_word' id='word_1_265' title='bbox 306 1955 334 2005; x_wconf 92' lang='lat' dir='ltr'><strong>et</strong></span> <span class='ocrx_word' id='word_1_266' title='bbox 350 1948 488 2020; x_wconf 88' lang='lat' dir='ltr'><strong>justitiam</strong></span> <span class='ocrx_word' id='word_1_267' title='bbox 505 1948 701 2018; x_wconf 88' lang='lat' dir='ltr'><strong>calumniandi,</strong></span> <span class='ocrx_word' id='word_1_268' title='bbox 721 1949 795 2020; x_wconf 91' lang='lat' dir='ltr'><strong>quod</strong></span> <span class='ocrx_word' id='word_1_269' title='bbox 807 1949 978 2020; x_wconf 90' lang='lat' dir='ltr'><strong>reipublicae</strong></span> <span class='ocrx_word' id='word_1_270' title='bbox 997 1966 1057 2020; x_wconf 91' lang='lat' dir='ltr'><strong>per·</strong></span> <span class='ocrx_word' id='word_1_271' title='bbox 1085 1950 1159 2019; x_wconf 91' lang='lat' dir='ltr'><strong>quod</strong></span> <span class='ocrx_word' id='word_1_272' title='bbox 1177 1965 1273 2004; x_wconf 87' lang='lat' dir='ltr'><strong>verum</strong></span> <span class='ocrx_word' id='word_1_273' title='bbox 1291 1967 1352 2006; x_wconf 82' lang='lat' dir='ltr'><strong>esse</strong></span> <span class='ocrx_word' id='word_1_274' title='bbox 1371 1952 1457 2015; x_wconf 86' lang='lat' dir='ltr'><strong>norit,</strong></span> <span class='ocrx_word' id='word_1_275' title='bbox 1475 1951 1526 2006; x_wconf 90' lang='lat' dir='ltr'><strong>hoc</strong></span> <span class='ocrx_word' id='word_1_276' title='bbox 1546 1956 1589 2005; x_wconf 90' lang='grc' dir='ltr'><strong>ιιι</strong></span> <span class='ocrx_word' id='word_1_277' title='bbox 1606 1950 1759 2006; x_wconf 88' lang='lat' dir='ltr'><strong>secundum</strong></span> <span class='ocrx_word' id='word_1_278' title='bbox 1778 1950 1921 2006; x_wconf 90' lang='lat' dir='ltr'><strong>conscien-</strong></span> 
     </span>
     <span class='ocr_line' id='line_1_20' title="bbox 224 2035 1920 2108; baseline 0 -16"><span class='ocrx_word' id='word_1_279' title='bbox 224 2036 366 2093; x_wconf 89' lang='lat' dir='ltr'><strong>nicicsum.</strong></span> <span class='ocrx_word' id='word_1_280' title='bbox 404 2043 428 2091; x_wconf 87' lang='lat'><strong>5.</strong></span> <span class='ocrx_word' id='word_1_281' title='bbox 449 2035 542 2091; x_wconf 87' lang='lat' dir='ltr'><strong>Judex</strong></span> <span class='ocrx_word' id='word_1_282' title='bbox 560 2035 643 2091; x_wconf 91' lang='lat' dir='ltr'><strong>debet</strong></span> <span class='ocrx_word' id='word_1_283' title='bbox 657 2036 785 2107; x_wconf 87' lang='lat' dir='ltr'><strong>judicare</strong></span> <span class='ocrx_word' id='word_1_284' title='bbox 803 2037 955 2091; x_wconf 89' lang='lat' dir='ltr'><strong>secundum</strong></span> <span class='ocrx_word' id='word_1_285' title='bbox 973 2036 1058 2108; x_wconf 80' lang='lat' dir='ltr'><strong>leges,</strong></span> <span class='ocrx_word' id='word_1_286' title='bbox 1085 2037 1160 2092; x_wconf 87' lang='lat' dir='ltr'><strong>tiam.</strong></span> <span class='ocrx_word' id='word_1_287' title='bbox 1206 2043 1229 2092; x_wconf 87' lang='lat'><strong>5.</strong></span> <span class='ocrx_word' id='word_1_288' title='bbox 1255 2036 1289 2091; x_wconf 94' lang='lat' dir='ltr'><strong>In</strong></span> <span class='ocrx_word' id='word_1_289' title='bbox 1313 2054 1343 2092; x_wconf 97' lang='grc' dir='ltr'><strong>ιι</strong></span> <span class='ocrx_word' id='word_1_290' title='bbox 1365 2037 1452 2092; x_wconf 83' lang='grc' dir='ltr'>(ιιιιι</span> <span class='ocrx_word' id='word_1_291' title='bbox 1476 2054 1510 2093; x_wconf 88' lang='grc' dir='ltr'><strong>ιι</strong></span> <span class='ocrx_word' id='word_1_292' title='bbox 1538 2036 1632 2107; x_wconf 87' lang='lat' dir='ltr'><strong>opinio</strong></span> <span class='ocrx_word' id='word_1_293' title='bbox 1657 2036 1851 2108; x_wconf 83' lang='lat' dir='ltr'><strong>amplectenda</strong></span> <span class='ocrx_word' id='word_1_294' title='bbox 1868 2044 1920 2106; x_wconf 86' lang='lat' dir='ltr'><strong>est,</strong></span> 
     </span>
     <span class='ocr_line' id='line_1_21' title="bbox 224 2123 1922 2196; baseline 0.001 -18"><span class='ocrx_word' id='word_1_295' title='bbox 224 2140 314 2178; x_wconf 88' lang='lat' dir='ltr'><strong>mores</strong></span> <span class='ocrx_word' id='word_1_296' title='bbox 349 2140 382 2178; x_wconf 88' lang='lat' dir='ltr'><strong>ac</strong></span> <span class='ocrx_word' id='word_1_297' title='bbox 421 2124 644 2178; x_wconf 87' lang='lat' dir='ltr'><strong>consuetudines.</strong></span> <span class='ocrx_word' id='word_1_298' title='bbox 701 2123 790 2196; x_wconf 83' lang='lat' dir='ltr'><strong>Atqui</strong></span> <span class='ocrx_word' id='word_1_299' title='bbox 819 2124 988 2179; x_wconf 88' lang='lat' dir='ltr'><strong>conscientia</strong></span> <span class='ocrx_word' id='word_1_300' title='bbox 1015 2128 1058 2178; x_wconf 89' lang='grc' dir='ltr'><strong>ιιι</strong></span> <span class='ocrx_word' id='word_1_301' title='bbox 1085 2140 1157 2193; x_wconf 87' lang='lat' dir='ltr'><strong>quae</strong></span> <span class='ocrx_word' id='word_1_302' title='bbox 1176 2123 1430 2179; x_wconf 61' lang='lat' dir='ltr'><strong>animarum‘saluti</strong></span> <span class='ocrx_word' id='word_1_303' title='bbox 1441 2125 1535 2194; x_wconf 86' lang='lat' dir='ltr'><strong>tutior,</strong></span> <span class='ocrx_word' id='word_1_304' title='bbox 1556 2124 1574 2178; x_wconf 92' lang='lat' dir='ltr'><strong>i.</strong></span> <span class='ocrx_word' id='word_1_305' title='bbox 1594 2129 1659 2178; x_wconf 85' lang='lat' dir='ltr'><strong>sunt</strong></span> <span class='ocrx_word' id='word_1_306' title='bbox 1676 2141 1819 2194; x_wconf 83' lang='lat' dir='ltr'><strong>personae.</strong></span> <span class='ocrx_word' id='word_1_307' title='bbox 1833 2123 1864 2181; x_wconf 80' lang='lat' dir='ltr'><strong>ff.</strong></span> <span class='ocrx_word' id='word_1_308' title='bbox 1885 2123 1922 2179; x_wconf 92' lang='lat' dir='ltr'><strong>de</strong></span> 
     </span>
     <span class='ocr_line' id='line_1_22' title="bbox 225 2208 1921 2283; baseline -0.002 -14"><span class='ocrx_word' id='word_1_309' title='bbox 225 2211 398 2282; x_wconf 79' lang='lat' dir='ltr'><strong>singulorum</strong></span> <span class='ocrx_word' id='word_1_310' title='bbox 421 2217 449 2265; x_wconf 95' lang='lat' dir='ltr'><strong>et</strong></span> <span class='ocrx_word' id='word_1_311' title='bbox 475 2229 530 2267; x_wconf 87' lang='lat' dir='ltr'><strong>non</strong></span> <span class='ocrx_word' id='word_1_312' title='bbox 553 2209 622 2266; x_wconf 83' lang='lat' dir='ltr'><strong>facit</strong></span> <span class='ocrx_word' id='word_1_313' title='bbox 642 2211 698 2281; x_wconf 84' lang='lat' dir='ltr'><strong>jus.</strong></span> <span class='ocrx_word' id='word_1_314' title='bbox 734 2211 810 2283; x_wconf 80' lang='lat' dir='ltr'><strong>Ergo</strong></span> <span class='ocrx_word' id='word_1_315' title='bbox 832 2227 889 2266; x_wconf 91' lang='lat' dir='ltr'><strong>non</strong></span> <span class='ocrx_word' id='word_1_316' title='bbox 906 2212 1057 2267; x_wconf 90' lang='lat' dir='ltr'><strong>secuudum</strong></span> <span class='ocrx_word' id='word_1_317' title='bbox 1084 2208 1172 2281; x_wconf 81' lang='lat' dir='ltr'><strong>R&#39;elig.</strong></span> <span class='ocrx_word' id='word_1_318' title='bbox 1207 2209 1296 2281; x_wconf 85' lang='lat' dir='ltr'><strong>Atqui</strong></span> <span class='ocrx_word' id='word_1_319' title='bbox 1315 2209 1450 2264; x_wconf 84' lang='lat' dir='ltr'><strong>sententia</strong></span> <span class='ocrx_word' id='word_1_320' title='bbox 1476 2210 1538 2279; x_wconf 87' lang='lat' dir='ltr'><strong>illa,</strong></span> <span class='ocrx_word' id='word_1_321' title='bbox 1563 2211 1639 2282; x_wconf 91' lang='lat' dir='ltr'><strong>quod</strong></span> <span class='ocrx_word' id='word_1_322' title='bbox 1661 2211 1748 2281; x_wconf 79' lang='lat' dir='ltr'><strong>judex</strong></span> <span class='ocrx_word' id='word_1_323' title='bbox 1767 2211 1921 2267; x_wconf 88' lang='lat' dir='ltr'><strong>secundum</strong></span> 
     </span>
     <span class='ocr_line' id='line_1_23' title="bbox 225 2295 1921 2369; baseline -0.001 -13"><span class='ocrx_word' id='word_1_324' title='bbox 225 2300 421 2356; x_wconf 87' lang='lat' dir='ltr'><strong>conscientiam</strong></span> <span class='ocrx_word' id='word_1_325' title='bbox 443 2297 500 2352; x_wconf 79' lang='lat' dir='ltr'><strong>sive</strong></span> <span class='ocrx_word' id='word_1_326' title='bbox 520 2297 661 2369; x_wconf 87' lang='lat' dir='ltr'><strong>propriam</strong></span> <span class='ocrx_word' id='word_1_327' title='bbox 673 2298 824 2366; x_wconf 89' lang='lat' dir='ltr'><strong>scientiam,</strong></span> <span class='ocrx_word' id='word_1_328' title='bbox 844 2299 1057 2354; x_wconf 90' lang='lat' dir='ltr'><strong>sedsccundum</strong></span> <span class='ocrx_word' id='word_1_329' title='bbox 1084 2295 1280 2351; x_wconf 88' lang='lat' dir='ltr'><strong>conscientiam</strong></span> <span class='ocrx_word' id='word_1_330' title='bbox 1302 2297 1480 2368; x_wconf 86' lang='lat' dir='ltr'><strong>pronuntiare</strong></span> <span class='ocrx_word' id='word_1_331' title='bbox 1493 2295 1585 2366; x_wconf 90' lang='lat' dir='ltr'><strong>debet,</strong></span> <span class='ocrx_word' id='word_1_332' title='bbox 1605 2302 1648 2353; x_wconf 90' lang='lat' dir='ltr'><strong>est</strong></span> <span class='ocrx_word' id='word_1_333' title='bbox 1665 2297 1750 2352; x_wconf 91' lang='lat' dir='ltr'><strong>saluti</strong></span> <span class='ocrx_word' id='word_1_334' title='bbox 1764 2297 1921 2354; x_wconf 84' lang='lat' dir='ltr'><strong>animarum</strong></span> 
     </span>
     <span class='ocr_line' id='line_1_24' title="bbox 224 2382 1922 2457; baseline -0.002 -14"><span class='ocrx_word' id='word_1_335' title='bbox 224 2393 288 2444; x_wconf 83' lang='lat' dir='ltr'><strong>acta</strong></span> <span class='ocrx_word' id='word_1_336' title='bbox 312 2385 396 2441; x_wconf 87' lang='lat' dir='ltr'><strong>debet</strong></span> <span class='ocrx_word' id='word_1_337' title='bbox 415 2384 550 2456; x_wconf 82' lang='lat' dir='ltr'><strong>judicare,</strong></span> <span class='ocrx_word' id='word_1_338' title='bbox 594 2391 620 2442; x_wconf 84' lang='lat' dir='ltr'><strong>c.</strong></span> <span class='ocrx_word' id='word_1_339' title='bbox 641 2385 735 2440; x_wconf 65' lang='lat' dir='ltr'><strong>«Iudex</strong></span> <span class='ocrx_word' id='word_1_340' title='bbox 762 2385 876 2457; x_wconf 89' lang='lat' dir='ltr'><strong>publica</strong></span> <span class='ocrx_word' id='word_1_341' title='bbox 893 2386 1057 2442; x_wconf 87' lang='lat' dir='ltr'><strong>auctoritate</strong></span> <span class='ocrx_word' id='word_1_342' title='bbox 1084 2382 1178 2437; x_wconf 86' lang='lat' dir='ltr'><strong>tutior.</strong></span> <span class='ocrx_word' id='word_1_343' title='bbox 1225 2387 1250 2440; x_wconf 81' lang='grc'><strong>6.</strong></span> <span class='ocrx_word' id='word_1_344' title='bbox 1270 2385 1383 2437; x_wconf 82' lang='lat' dir='ltr'><strong>Justum</strong></span> <span class='ocrx_word' id='word_1_345' title='bbox 1408 2384 1539 2437; x_wconf 76' lang='lat' dir='ltr'><strong>naturaie</strong></span> <span class='ocrx_word' id='word_1_346' title='bbox 1564 2384 1708 2454; x_wconf 81' lang='lat' dir='ltr'><strong>praevalet</strong></span> <span class='ocrx_word' id='word_1_347' title='bbox 1728 2384 1810 2453; x_wconf 84' lang='lat' dir='ltr'><strong>justo</strong></span> <span class='ocrx_word' id='word_1_348' title='bbox 1830 2385 1922 2455; x_wconf 75' lang='lat' dir='ltr'><strong>lupuli</strong></span> 
     </span>
     <span class='ocr_line' id='line_1_25' title="bbox 130 2465 1919 2545; baseline -0.001 -17"><span class='ocrx_word' id='word_1_349' title='bbox 130 2477 131 2481; x_wconf 76' lang='grc'>’</span> <span class='ocrx_word' id='word_1_350' title='bbox 223 2473 350 2544; x_wconf 82' lang='lat' dir='ltr'><strong>iungitur</strong></span> <span class='ocrx_word' id='word_1_351' title='bbox 368 2479 397 2528; x_wconf 90' lang='lat' dir='ltr'><strong>et</strong></span> <span class='ocrx_word' id='word_1_352' title='bbox 420 2490 453 2528; x_wconf 85' lang='lat' dir='ltr'><strong>ex</strong></span> <span class='ocrx_word' id='word_1_353' title='bbox 478 2488 511 2527; x_wconf 88' lang='lat' dir='ltr'><strong>ea</strong></span> <span class='ocrx_word' id='word_1_354' title='bbox 524 2472 643 2542; x_wconf 88' lang='lat' dir='ltr'><strong>judicat.</strong></span> <span class='ocrx_word' id='word_1_355' title='bbox 680 2472 756 2545; x_wconf 81' lang='lat' dir='ltr'><strong>Ergo</strong></span> <span class='ocrx_word' id='word_1_356' title='bbox 776 2473 859 2528; x_wconf 87' lang='lat' dir='ltr'><strong>etiam</strong></span> <span class='ocrx_word' id='word_1_357' title='bbox 877 2473 906 2527; x_wconf 91' lang='lat' dir='ltr'><strong>in</strong></span> <span class='ocrx_word' id='word_1_358' title='bbox 926 2472 1057 2528; x_wconf 86' lang='lat' dir='ltr'><strong>definien·</strong></span> <span class='ocrx_word' id='word_1_359' title='bbox 1083 2470 1102 2524; x_wconf 92' lang='lat' dir='ltr'><strong>l.</strong></span> <span class='ocrx_word' id='word_1_360' title='bbox 1122 2474 1146 2525; x_wconf 86' lang='grc'><strong>8.</strong></span> <span class='ocrx_word' id='word_1_361' title='bbox 1166 2465 1193 2545; x_wconf 68' lang='grc' dir='ltr'>ξ</span> <span class='ocrx_word' id='word_1_362' title='bbox 1206 2469 1230 2524; x_wconf 93' lang='grc' dir='ltr'><strong>ιι</strong></span> <span class='ocrx_word' id='word_1_363' title='bbox 1250 2471 1312 2542; x_wconf 90' lang='lat' dir='ltr'><strong>quis</strong></span> <span class='ocrx_word' id='word_1_364' title='bbox 1331 2469 1363 2530; x_wconf 86' lang='lat' dir='ltr'><strong>ff.</strong></span> <span class='ocrx_word' id='word_1_365' title='bbox 1381 2471 1417 2525; x_wconf 91' lang='lat' dir='ltr'><strong>ds</strong></span> <span class='ocrx_word' id='word_1_366' title='bbox 1434 2470 1530 2527; x_wconf 87' lang='lat' dir='ltr'><strong>bonor.</strong></span> <span class='ocrx_word' id='word_1_367' title='bbox 1559 2487 1675 2542; x_wconf 88' lang='lat' dir='ltr'><strong>possess.</strong></span> <span class='ocrx_word' id='word_1_368' title='bbox 1690 2469 1710 2524; x_wconf 91' lang='lat' dir='ltr'><strong>l.</strong></span> <span class='ocrx_word' id='word_1_369' title='bbox 1730 2476 1755 2528; x_wconf 82' lang='grc'><strong>8.</strong></span> <span class='ocrx_word' id='word_1_370' title='bbox 1772 2471 1803 2526; x_wconf 90' lang='lat' dir='ltr'><strong>C.</strong></span> <span class='ocrx_word' id='word_1_371' title='bbox 1824 2472 1858 2527; x_wconf 92' lang='lat' dir='ltr'><strong>de</strong></span> <span class='ocrx_word' id='word_1_372' title='bbox 1873 2472 1919 2543; x_wconf 85' lang='lat' dir='ltr'><strong>ju-</strong></span> 
     </span>
     <span class='ocr_line' id='line_1_26' title="bbox 225 2556 1968 2630; baseline -0.002 -14"><span class='ocrx_word' id='word_1_373' title='bbox 225 2560 269 2616; x_wconf 87' lang='lat' dir='ltr'><strong>dis</strong></span> <span class='ocrx_word' id='word_1_374' title='bbox 285 2559 478 2615; x_wconf 88' lang='lat' dir='ltr'><strong>controversiis</strong></span> <span class='ocrx_word' id='word_1_375' title='bbox 501 2558 617 2614; x_wconf 85' lang='lat' dir='ltr'><strong>scientia</strong></span> <span class='ocrx_word' id='word_1_376' title='bbox 634 2559 748 2630; x_wconf 89' lang='lat' dir='ltr'><strong>publica</strong></span> <span class='ocrx_word' id='word_1_377' title='bbox 772 2559 814 2614; x_wconf 89' lang='lat' dir='ltr'><strong>uti</strong></span> <span class='ocrx_word' id='word_1_378' title='bbox 833 2564 862 2614; x_wconf 90' lang='lat' dir='ltr'><strong>et</strong></span> <span class='ocrx_word' id='word_1_379' title='bbox 880 2559 963 2630; x_wconf 81' lang='lat' dir='ltr'><strong>iidem</strong></span> <span class='ocrx_word' id='word_1_380' title='bbox 983 2558 1057 2615; x_wconf 86' lang='lat' dir='ltr'><strong>erhi-</strong></span> <span class='ocrx_word' id='word_1_381' title='bbox 1085 2557 1138 2612; x_wconf 90' lang='lat' dir='ltr'><strong>dic.</strong></span> <span class='ocrx_word' id='word_1_382' title='bbox 1178 2556 1232 2611; x_wconf 88' lang='lat' dir='ltr'><strong>Sed</strong></span> <span class='ocrx_word' id='word_1_383' title='bbox 1247 2558 1355 2628; x_wconf 90' lang='lat' dir='ltr'><strong>justum</strong></span> <span class='ocrx_word' id='word_1_384' title='bbox 1373 2557 1500 2625; x_wconf 87' lang='lat' dir='ltr'><strong>naturale</strong></span> <span class='ocrx_word' id='word_1_385' title='bbox 1518 2563 1577 2623; x_wconf 89' lang='grc' dir='ltr'>ιιι,</span> <span class='ocrx_word' id='word_1_386' title='bbox 1605 2563 1638 2612; x_wconf 90' lang='lat' dir='ltr'><strong>ut</strong></span> <span class='ocrx_word' id='word_1_387' title='bbox 1660 2558 1813 2613; x_wconf 87' lang='lat' dir='ltr'><strong>secundum</strong></span> <span class='ocrx_word' id='word_1_388' title='bbox 1831 2559 1918 2630; x_wconf 88' lang='lat' dir='ltr'><strong>ipsius</strong></span> <span class='ocrx_word' id='word_1_389' title='bbox 1967 2617 1968 2620; x_wconf 49' lang='lat'><strong>,</strong></span> 
     </span>
     <span class='ocr_line' id='line_1_27' title="bbox 224 2643 1918 2719; baseline -0.002 -16"><span class='ocrx_word' id='word_1_390' title='bbox 224 2647 291 2704; x_wconf 90' lang='lat' dir='ltr'><strong>bere</strong></span> <span class='ocrx_word' id='word_1_391' title='bbox 310 2647 368 2716; x_wconf 91' lang='lat' dir='ltr'><strong>bis,</strong></span> <span class='ocrx_word' id='word_1_392' title='bbox 395 2663 466 2717; x_wconf 90' lang='lat' dir='ltr'><strong>quae</strong></span> <span class='ocrx_word' id='word_1_393' title='bbox 489 2645 542 2700; x_wconf 93' lang='lat' dir='ltr'><strong>sibi</strong></span> <span class='ocrx_word' id='word_1_394' title='bbox 565 2650 598 2700; x_wconf 89' lang='lat' dir='ltr'><strong>ut</strong></span> <span class='ocrx_word' id='word_1_395' title='bbox 620 2645 711 2716; x_wconf 86' lang='lat' dir='ltr'><strong>judici</strong></span> <span class='ocrx_word' id='word_1_396' title='bbox 728 2652 756 2702; x_wconf 92' lang='lat' dir='ltr'><strong>et</strong></span> <span class='ocrx_word' id='word_1_397' title='bbox 777 2662 912 2717; x_wconf 88' lang='lat' dir='ltr'><strong>personae</strong></span> <span class='ocrx_word' id='word_1_398' title='bbox 928 2645 1058 2719; x_wconf 87' lang='lat' dir='ltr'><strong>publicae</strong></span> <span class='ocrx_word' id='word_1_399' title='bbox 1085 2643 1123 2698; x_wconf 89' lang='lat' dir='ltr'><strong>rei</strong></span> <span class='ocrx_word' id='word_1_400' title='bbox 1142 2644 1285 2700; x_wconf 84' lang='lat' dir='ltr'><strong>veritatem</strong></span> <span class='ocrx_word' id='word_1_401' title='bbox 1299 2644 1455 2715; x_wconf 88' lang='lat' dir='ltr'><strong>judicetur;</strong></span> <span class='ocrx_word' id='word_1_402' title='bbox 1470 2647 1577 2715; x_wconf 91' lang='lat' dir='ltr'><strong>justum</strong></span> <span class='ocrx_word' id='word_1_403' title='bbox 1595 2645 1695 2716; x_wconf 80' lang='lat' dir='ltr'><strong>legale,</strong></span> <span class='ocrx_word' id='word_1_404' title='bbox 1714 2650 1747 2699; x_wconf 89' lang='lat' dir='ltr'><strong>ut</strong></span> <span class='ocrx_word' id='word_1_405' title='bbox 1764 2646 1918 2701; x_wconf 88' lang='lat' dir='ltr'><strong>secundum</strong></span> 
     </span>
     <span class='ocr_line' id='line_1_28' title="bbox 225 2730 1918 2805; baseline -0.002 -15"><span class='ocrx_word' id='word_1_406' title='bbox 225 2742 290 2791; x_wconf 89' lang='lat' dir='ltr'><strong>sunt</strong></span> <span class='ocrx_word' id='word_1_407' title='bbox 307 2741 382 2803; x_wconf 86' lang='lat' dir='ltr'><strong>nota,</strong></span> <span class='ocrx_word' id='word_1_408' title='bbox 400 2752 455 2789; x_wconf 90' lang='lat' dir='ltr'><strong>non</strong></span> <span class='ocrx_word' id='word_1_409' title='bbox 476 2741 571 2789; x_wconf 86' lang='lat' dir='ltr'><strong>autem</strong></span> <span class='ocrx_word' id='word_1_410' title='bbox 588 2739 621 2788; x_wconf 92' lang='lat' dir='ltr'><strong>ut</strong></span> <span class='ocrx_word' id='word_1_411' title='bbox 637 2735 754 2805; x_wconf 87' lang='lat' dir='ltr'><strong>privato.</strong></span> <span class='ocrx_word' id='word_1_412' title='bbox 786 2741 809 2790; x_wconf 82' lang='grc'><strong>7.</strong></span> <span class='ocrx_word' id='word_1_413' title='bbox 829 2733 912 2790; x_wconf 88' lang='lat' dir='ltr'><strong>Certa</strong></span> <span class='ocrx_word' id='word_1_414' title='bbox 930 2739 973 2789; x_wconf 88' lang='lat' dir='ltr'><strong>est</strong></span> <span class='ocrx_word' id='word_1_415' title='bbox 986 2734 1059 2804; x_wconf 86' lang='lat' dir='ltr'><strong>juris</strong></span> <span class='ocrx_word' id='word_1_416' title='bbox 1084 2737 1154 2785; x_wconf 83' lang='lat' dir='ltr'><strong>acta</strong></span> <span class='ocrx_word' id='word_1_417' title='bbox 1186 2737 1209 2785; x_wconf 84' lang='lat'><strong>7.</strong></span> <span class='ocrx_word' id='word_1_418' title='bbox 1223 2730 1351 2786; x_wconf 81' lang='lat' dir='ltr'><strong>Offerunt</strong></span> <span class='ocrx_word' id='word_1_419' title='bbox 1368 2731 1424 2787; x_wconf 90' lang='lat' dir='ltr'><strong>imo</strong></span> <span class='ocrx_word' id='word_1_420' title='bbox 1443 2732 1544 2786; x_wconf 87' lang='lat' dir='ltr'><strong>multos</strong></span> <span class='ocrx_word' id='word_1_421' title='bbox 1560 2733 1631 2803; x_wconf 88' lang='lat' dir='ltr'><strong>juris</strong></span> <span class='ocrx_word' id='word_1_422' title='bbox 1649 2736 1750 2802; x_wconf 86' lang='lat' dir='ltr'><strong>textus,</strong></span> <span class='ocrx_word' id='word_1_423' title='bbox 1768 2732 1797 2786; x_wconf 93' lang='lat' dir='ltr'><strong>in</strong></span> <span class='ocrx_word' id='word_1_424' title='bbox 1815 2731 1918 2804; x_wconf 86' lang='lat' dir='ltr'><strong>quibus</strong></span> 
     </span>
     <span class='ocr_line' id='line_1_29' title="bbox 225 2817 1918 2895; baseline -0.003 -18"><span class='ocrx_word' id='word_1_425' title='bbox 225 2821 331 2895; x_wconf 79' lang='lat' dir='ltr'><strong>regula,</strong></span> <span class='ocrx_word' id='word_1_426' title='bbox 352 2822 426 2893; x_wconf 89' lang='lat' dir='ltr'><strong>quod</strong></span> <span class='ocrx_word' id='word_1_427' title='bbox 438 2823 582 2890; x_wconf 78' lang='lat' dir='ltr'><strong>deficiente</strong></span> <span class='ocrx_word' id='word_1_428' title='bbox 595 2822 766 2891; x_wconf 77' lang='lat' dir='ltr'><strong>probaticae</strong></span> <span class='ocrx_word' id='word_1_429' title='bbox 782 2822 943 2877; x_wconf 71' lang='lat' dir='ltr'><strong>catecumini</strong></span> <span class='ocrx_word' id='word_1_430' title='bbox 961 2822 994 2889; x_wconf 81' lang='lat' dir='ltr'><strong>is,</strong></span> <span class='ocrx_word' id='word_1_431' title='bbox 1014 2820 1060 2874; x_wconf 82' lang='lat' dir='ltr'><strong>cui</strong></span> <span class='ocrx_word' id='word_1_432' title='bbox 1085 2817 1223 2886; x_wconf 82' lang='lat' dir='ltr'><strong>statuitur,</strong></span> <span class='ocrx_word' id='word_1_433' title='bbox 1243 2821 1320 2889; x_wconf 79' lang='lat' dir='ltr'><strong>quod</strong></span> <span class='ocrx_word' id='word_1_434' title='bbox 1333 2819 1422 2887; x_wconf 78' lang='lat' dir='ltr'><strong>judee</strong></span> <span class='ocrx_word' id='word_1_435' title='bbox 1440 2821 1540 2873; x_wconf 78' lang='lat' dir='ltr'><strong>debeat</strong></span> <span class='ocrx_word' id='word_1_436' title='bbox 1550 2819 1688 2888; x_wconf 81' lang='lat' dir='ltr'><strong>judicare</strong></span> <span class='ocrx_word' id='word_1_437' title='bbox 1706 2821 1858 2873; x_wconf 83' lang='lat' dir='ltr'><strong>secuudum</strong></span> <span class='ocrx_word' id='word_1_438' title='bbox 1876 2821 1918 2889; x_wconf 73' lang='lat' dir='ltr'><strong>iu,</strong></span> 
     </span>
     <span class='ocr_line' id='line_1_30' title="bbox 220 2904 1918 2985; baseline -0.001 -20"><span class='ocrx_word' id='word_1_439' title='bbox 220 2912 367 2985; x_wconf 56' lang='lat' dir='ltr'><strong>modendi</strong></span> <span class='ocrx_word' id='word_1_440' title='bbox 386 2928 455 2964; x_wconf 80' lang='lat' dir='ltr'><strong>orcus</strong></span> <span class='ocrx_word' id='word_1_441' title='bbox 468 2910 598 2977; x_wconf 77' lang='lat' dir='ltr'><strong>incubuit,</strong></span> <span class='ocrx_word' id='word_1_442' title='bbox 619 2918 644 2963; x_wconf 87' lang='lat' dir='ltr'><strong>et</strong></span> <span class='ocrx_word' id='word_1_443' title='bbox 656 2910 837 2964; x_wconf 61' lang='lat' dir='ltr'><strong>advesarius</strong></span> <span class='ocrx_word' id='word_1_444' title='bbox 856 2911 986 2975; x_wconf 77' lang='lat' dir='ltr'><strong>obtineat,</strong></span> <span class='ocrx_word' id='word_1_445' title='bbox 1005 2913 1059 2964; x_wconf 89' lang='lat' dir='ltr'><strong>tra·</strong></span> <span class='ocrx_word' id='word_1_446' title='bbox 1087 2908 1163 2975; x_wconf 77' lang='lat' dir='ltr'><strong>qaod</strong></span> <span class='ocrx_word' id='word_1_447' title='bbox 1177 2905 1234 2959; x_wconf 78' lang='lat' dir='ltr'><strong>sibi</strong></span> <span class='ocrx_word' id='word_1_448' title='bbox 1248 2906 1338 2960; x_wconf 81' lang='lat' dir='ltr'><strong>sirum</strong></span> <span class='ocrx_word' id='word_1_449' title='bbox 1354 2906 1455 2976; x_wconf 79' lang='lat' dir='ltr'><strong>suerit,</strong></span> <span class='ocrx_word' id='word_1_450' title='bbox 1467 2905 1485 2961; x_wconf 92' lang='lat' dir='ltr'><strong>i.</strong></span> <span class='ocrx_word' id='word_1_451' title='bbox 1505 2921 1568 2959; x_wconf 89' lang='lat' dir='ltr'><strong>eum</strong></span> <span class='ocrx_word' id='word_1_452' title='bbox 1580 2921 1662 2977; x_wconf 91' lang='lat' dir='ltr'><strong>quem</strong></span> <span class='ocrx_word' id='word_1_453' title='bbox 1676 2911 1715 2961; x_wconf 79' lang='lat' dir='ltr'><strong>te.</strong></span> <span class='ocrx_word' id='word_1_454' title='bbox 1735 2904 1765 2965; x_wconf 85' lang='lat' dir='ltr'><strong>ff.</strong></span> <span class='ocrx_word' id='word_1_455' title='bbox 1776 2906 1812 2962; x_wconf 90' lang='lat' dir='ltr'><strong>de</strong></span> <span class='ocrx_word' id='word_1_456' title='bbox 1828 2907 1918 2976; x_wconf 81' lang='lat' dir='ltr'><strong>judic.</strong></span> 
     </span>
     <span class='ocr_line' id='line_1_31' title="bbox 226 2991 1920 3068; baseline -0.002 -15"><span class='ocrx_word' id='word_1_457' title='bbox 226 2999 285 3054; x_wconf 83' lang='lat' dir='ltr'><strong>dita</strong></span> <span class='ocrx_word' id='word_1_458' title='bbox 307 2998 336 3052; x_wconf 91' lang='lat' dir='ltr'><strong>in</strong></span> <span class='ocrx_word' id='word_1_459' title='bbox 362 2997 382 3054; x_wconf 92' lang='lat'><strong>1.</strong></span> <span class='ocrx_word' id='word_1_460' title='bbox 405 3004 429 3054; x_wconf 90' lang='lat'><strong>4.</strong></span> <span class='ocrx_word' id='word_1_461' title='bbox 451 2995 481 3054; x_wconf 88' lang='lat' dir='ltr'><strong>C.</strong></span> <span class='ocrx_word' id='word_1_462' title='bbox 506 2997 541 3052; x_wconf 89' lang='lat' dir='ltr'><strong>de</strong></span> <span class='ocrx_word' id='word_1_463' title='bbox 558 2996 658 3052; x_wconf 89' lang='lat' dir='ltr'><strong>edend.</strong></span> <span class='ocrx_word' id='word_1_464' title='bbox 683 2996 701 3049; x_wconf 93' lang='lat' dir='ltr'><strong>l.</strong></span> <span class='ocrx_word' id='word_1_465' title='bbox 728 3002 752 3052; x_wconf 80' lang='lat'><strong>2.</strong></span> <span class='ocrx_word' id='word_1_466' title='bbox 772 2995 802 3051; x_wconf 89' lang='lat' dir='ltr'><strong>C.</strong></span> <span class='ocrx_word' id='word_1_467' title='bbox 820 2996 857 3051; x_wconf 92' lang='lat' dir='ltr'><strong>de</strong></span> <span class='ocrx_word' id='word_1_468' title='bbox 873 2992 1057 3068; x_wconf 87' lang='lat' dir='ltr'><strong>probationib.</strong></span> <span class='ocrx_word' id='word_1_469' title='bbox 1087 3010 1119 3047; x_wconf 79' lang='lat' dir='ltr'><strong>eu</strong></span> <span class='ocrx_word' id='word_1_470' title='bbox 1137 2994 1228 3046; x_wconf 81' lang='lat' dir='ltr'><strong>auimc&#39;</strong></span> <span class='ocrx_word' id='word_1_471' title='bbox 1242 2994 1289 3048; x_wconf 80' lang='lat' dir='ltr'><strong>aui</strong></span> <span class='ocrx_word' id='word_1_472' title='bbox 1303 2994 1447 3063; x_wconf 78' lang='lat' dir='ltr'><strong>sententia,</strong></span> <span class='ocrx_word' id='word_1_473' title='bbox 1463 2993 1482 3050; x_wconf 96' lang='lat' dir='ltr'><strong>l.</strong></span> <span class='ocrx_word' id='word_1_474' title='bbox 1496 2998 1520 3048; x_wconf 88' lang='grc'><strong>3.</strong></span> <span class='ocrx_word' id='word_1_475' title='bbox 1532 2992 1562 3054; x_wconf 86' lang='lat' dir='ltr'><strong>ff,</strong></span> <span class='ocrx_word' id='word_1_476' title='bbox 1576 2993 1612 3048; x_wconf 91' lang='lat' dir='ltr'><strong>de</strong></span> <span class='ocrx_word' id='word_1_477' title='bbox 1622 2991 1920 3062; x_wconf 79' lang='lat' dir='ltr'><strong>testibus3secumdum</strong></span> 
     </span>
     <span class='ocr_line' id='line_1_32' title="bbox 226 3079 1920 3157; baseline -0.004 -14"><span class='ocrx_word' id='word_1_478' title='bbox 226 3087 287 3157; x_wconf 87' lang='lat' dir='ltr'><strong>ejus</strong></span> <span class='ocrx_word' id='word_1_479' title='bbox 304 3102 369 3141; x_wconf 81' lang='lat' dir='ltr'><strong>vero</strong></span> <span class='ocrx_word' id='word_1_480' title='bbox 396 3084 535 3154; x_wconf 83' lang='lat' dir='ltr'><strong>exceptio,</strong></span> <span class='ocrx_word' id='word_1_481' title='bbox 564 3085 623 3137; x_wconf 80' lang='lat' dir='ltr'><strong>uisi</strong></span> <span class='ocrx_word' id='word_1_482' title='bbox 641 3084 734 3151; x_wconf 79' lang='lat' dir='ltr'><strong>judee</strong></span> <span class='ocrx_word' id='word_1_483' title='bbox 757 3100 816 3137; x_wconf 86' lang='lat' dir='ltr'><strong>rem</strong></span> <span class='ocrx_word' id='word_1_484' title='bbox 841 3084 883 3136; x_wconf 81' lang='grc' dir='ltr'><strong>ιἰα</strong></span> <span class='ocrx_word' id='word_1_485' title='bbox 906 3100 935 3137; x_wconf 85' lang='lat' dir='ltr'><strong>se</strong></span> <span class='ocrx_word' id='word_1_486' title='bbox 958 3083 1060 3137; x_wconf 78' lang='lat' dir='ltr'><strong>babere</strong></span> <span class='ocrx_word' id='word_1_487' title='bbox 1087 3082 1243 3146; x_wconf 70' lang='lat' dir='ltr'><strong>arctoam,</strong></span> <span class='ocrx_word' id='word_1_488' title='bbox 1270 3081 1288 3138; x_wconf 92' lang='lat' dir='ltr'><strong>l.</strong></span> <span class='ocrx_word' id='word_1_489' title='bbox 1311 3087 1333 3137; x_wconf 89' lang='lat'><strong>1.</strong></span> <span class='ocrx_word' id='word_1_490' title='bbox 1360 3079 1391 3136; x_wconf 84' lang='lat' dir='ltr'><strong>ff.</strong></span> <span class='ocrx_word' id='word_1_491' title='bbox 1411 3080 1448 3135; x_wconf 91' lang='lat' dir='ltr'><strong>ad</strong></span> <span class='ocrx_word' id='word_1_492' title='bbox 1474 3079 1576 3136; x_wconf 86' lang='lat' dir='ltr'><strong>SCtum</strong></span> <span class='ocrx_word' id='word_1_493' title='bbox 1601 3079 1709 3151; x_wconf 86' lang='lat' dir='ltr'><strong>Turpil.</strong></span> <span class='ocrx_word' id='word_1_494' title='bbox 1732 3083 1810 3149; x_wconf 83' lang='lat' dir='ltr'><strong>quod</strong></span> <span class='ocrx_word' id='word_1_495' title='bbox 1827 3082 1920 3151; x_wconf 79' lang='lat' dir='ltr'><strong>judee</strong></span> 
     </span>
     <span class='ocr_line' id='line_1_33' title="bbox 224 3167 1920 3242; baseline -0.004 -13"><span class='ocrx_word' id='word_1_496' title='bbox 224 3175 354 3241; x_wconf 70' lang='lat' dir='ltr'><strong>suberit,</strong></span> <span class='ocrx_word' id='word_1_497' title='bbox 384 3172 461 3226; x_wconf 93' lang='lat' dir='ltr'><strong>nulla</strong></span> <span class='ocrx_word' id='word_1_498' title='bbox 486 3171 548 3242; x_wconf 79' lang='lat' dir='ltr'><strong>lege</strong></span> <span class='ocrx_word' id='word_1_499' title='bbox 573 3169 714 3226; x_wconf 85' lang='lat' dir='ltr'><strong>fundatur.</strong></span> <span class='ocrx_word' id='word_1_500' title='bbox 762 3170 897 3226; x_wconf 85' lang='lat' dir='ltr'><strong>Stsndum</strong></span> <span class='ocrx_word' id='word_1_501' title='bbox 915 3169 1000 3241; x_wconf 82' lang='lat' dir='ltr'><strong>igitur</strong></span> <span class='ocrx_word' id='word_1_502' title='bbox 1018 3174 1061 3223; x_wconf 90' lang='lat' dir='ltr'><strong>est</strong></span> <span class='ocrx_word' id='word_1_503' title='bbox 1087 3186 1142 3223; x_wconf 81' lang='lat' dir='ltr'><strong>uon</strong></span> <span class='ocrx_word' id='word_1_504' title='bbox 1166 3168 1265 3222; x_wconf 82' lang='lat' dir='ltr'><strong>debeat</strong></span> <span class='ocrx_word' id='word_1_505' title='bbox 1289 3167 1357 3221; x_wconf 81' lang='lat' dir='ltr'><strong>eliis</strong></span> <span class='ocrx_word' id='word_1_506' title='bbox 1378 3169 1508 3237; x_wconf 83' lang='lat' dir='ltr'><strong>credere,</strong></span> <span class='ocrx_word' id='word_1_507' title='bbox 1534 3168 1585 3220; x_wconf 83' lang='lat' dir='ltr'><strong>sed</strong></span> <span class='ocrx_word' id='word_1_508' title='bbox 1608 3168 1701 3237; x_wconf 83' lang='lat' dir='ltr'><strong>ipsum</strong></span> <span class='ocrx_word' id='word_1_509' title='bbox 1726 3169 1920 3240; x_wconf 75' lang='lat' dir='ltr'><strong>comtemplari,</strong></span> 
     </span>
     <span class='ocr_line' id='line_1_34' title="bbox 223 3248 1917 3331; baseline -0.002 -19"><span class='ocrx_word' id='word_1_510' title='bbox 223 3259 353 3331; x_wconf 79' lang='lat' dir='ltr'><strong>regulae,</strong></span> <span class='ocrx_word' id='word_1_511' title='bbox 373 3257 461 3312; x_wconf 91' lang='lat' dir='ltr'><strong>donec</strong></span> <span class='ocrx_word' id='word_1_512' title='bbox 482 3256 606 3325; x_wconf 85' lang='lat' dir='ltr'><strong>exceptio</strong></span> <span class='ocrx_word' id='word_1_513' title='bbox 622 3255 761 3326; x_wconf 88' lang='lat' dir='ltr'><strong>probetur.</strong></span> <span class='ocrx_word' id='word_1_514' title='bbox 806 3261 829 3310; x_wconf 81' lang='grc'><strong>8.</strong></span> <span class='ocrx_word' id='word_1_515' title='bbox 849 3255 913 3310; x_wconf 89' lang='lat' dir='ltr'><strong>Huc</strong></span> <span class='ocrx_word' id='word_1_516' title='bbox 941 3255 1061 3311; x_wconf 85' lang='lat' dir='ltr'><strong>afferunt</strong></span> <span class='ocrx_word' id='word_1_517' title='bbox 1087 3273 1187 3324; x_wconf 78' lang='lat' dir='ltr'><strong>aprum</strong></span> <span class='ocrx_word' id='word_1_518' title='bbox 1211 3262 1237 3308; x_wconf 83' lang='lat' dir='ltr'><strong>at</strong></span> <span class='ocrx_word' id='word_1_519' title='bbox 1262 3255 1331 3319; x_wconf 78' lang='lat' dir='ltr'><strong>fiaes</strong></span> <span class='ocrx_word' id='word_1_520' title='bbox 1356 3269 1532 3322; x_wconf 82' lang='lat' dir='ltr'><strong>copuoscere,</strong></span> <span class='ocrx_word' id='word_1_521' title='bbox 1557 3254 1575 3308; x_wconf 92' lang='lat' dir='ltr'><strong>l.</strong></span> <span class='ocrx_word' id='word_1_522' title='bbox 1595 3258 1620 3309; x_wconf 81' lang='lat'><strong>8.</strong></span> <span class='ocrx_word' id='word_1_523' title='bbox 1644 3248 1672 3328; x_wconf 59' lang='lat' dir='ltr'><strong>fi.</strong></span> <span class='ocrx_word' id='word_1_524' title='bbox 1691 3251 1727 3307; x_wconf 89' lang='lat' dir='ltr'><strong>sd</strong></span> <span class='ocrx_word' id='word_1_525' title='bbox 1747 3251 1870 3309; x_wconf 86' lang='lat' dir='ltr'><strong>officium</strong></span> <span class='ocrx_word' id='word_1_526' title='bbox 1888 3254 1917 3309; x_wconf 86' lang='lat' dir='ltr'><strong>ff.</strong></span> 
     </span>
     <span class='ocr_line' id='line_1_35' title="bbox 225 3340 1920 3418; baseline -0.002 -17"><span class='ocrx_word' id='word_1_527' title='bbox 225 3346 241 3401; x_wconf 86' lang='lat' dir='ltr'><strong>i</strong></span> <span class='ocrx_word' id='word_1_528' title='bbox 270 3347 387 3401; x_wconf 87' lang='lat' dir='ltr'><strong>illicitas.</strong></span> <span class='ocrx_word' id='word_1_529' title='bbox 412 3350 438 3400; x_wconf 83' lang='grc'><strong>6.</strong></span> <span class='ocrx_word' id='word_1_530' title='bbox 467 3340 495 3418; x_wconf 65' lang='grc' dir='ltr'>ξ</span> <span class='ocrx_word' id='word_1_531' title='bbox 522 3343 643 3401; x_wconf 84' lang='lat' dir='ltr'><strong>Veritas.</strong></span> <span class='ocrx_word' id='word_1_532' title='bbox 668 3341 697 3396; x_wconf 86' lang='lat' dir='ltr'><strong>ff.</strong></span> <span class='ocrx_word' id='word_1_533' title='bbox 722 3342 757 3396; x_wconf 91' lang='lat' dir='ltr'><strong>de</strong></span> <span class='ocrx_word' id='word_1_534' title='bbox 782 3341 853 3398; x_wconf 83' lang='lat' dir='ltr'><strong>offic.</strong></span> <span class='ocrx_word' id='word_1_535' title='bbox 871 3344 990 3414; x_wconf 85' lang='lat' dir='ltr'><strong>praesid.</strong></span> <span class='ocrx_word' id='word_1_536' title='bbox 1011 3342 1061 3397; x_wconf 92' lang='lat' dir='ltr'><strong>ubi</strong></span> <span class='ocrx_word' id='word_1_537' title='bbox 1087 3341 1133 3397; x_wconf 89' lang='lat' dir='ltr'><strong>fin.</strong></span> <span class='ocrx_word' id='word_1_538' title='bbox 1151 3342 1267 3414; x_wconf 72' lang='lat' dir='ltr'><strong>regund.</strong></span> <span class='ocrx_word' id='word_1_539' title='bbox 1286 3343 1363 3411; x_wconf 84' lang='lat' dir='ltr'><strong>quod</strong></span> <span class='ocrx_word' id='word_1_540' title='bbox 1386 3341 1484 3396; x_wconf 74' lang='lat' dir='ltr'><strong>debeas</strong></span> <span class='ocrx_word' id='word_1_541' title='bbox 1504 3341 1656 3396; x_wconf 80' lang='lat' dir='ltr'><strong>secuudum</strong></span> <span class='ocrx_word' id='word_1_542' title='bbox 1674 3341 1749 3409; x_wconf 76' lang='lat' dir='ltr'><strong>lepus</strong></span> <span class='ocrx_word' id='word_1_543' title='bbox 1773 3348 1799 3396; x_wconf 87' lang='lat' dir='ltr'><strong>et</strong></span> <span class='ocrx_word' id='word_1_544' title='bbox 1815 3343 1920 3397; x_wconf 59' lang='lat' dir='ltr'><strong>seritur</strong></span> 
     </span>
     <span class='ocr_line' id='line_1_36' title="bbox 225 3425 1919 3503; baseline -0.002 -15"><span class='ocrx_word' id='word_1_545' title='bbox 225 3433 362 3503; x_wconf 89' lang='lat' dir='ltr'><strong>Ulpianus</strong></span> <span class='ocrx_word' id='word_1_546' title='bbox 379 3430 460 3499; x_wconf 91' lang='lat' dir='ltr'><strong>dicit,</strong></span> <span class='ocrx_word' id='word_1_547' title='bbox 470 3430 634 3499; x_wconf 82' lang='lat' dir='ltr'><strong>praesidem</strong></span> <span class='ocrx_word' id='word_1_548' title='bbox 646 3430 812 3499; x_wconf 78' lang='lat' dir='ltr'><strong>prouinciae</strong></span> <span class='ocrx_word' id='word_1_549' title='bbox 831 3432 864 3484; x_wconf 79' lang='lat' dir='ltr'><strong>id</strong></span> <span class='ocrx_word' id='word_1_550' title='bbox 881 3432 966 3499; x_wconf 80' lang='lat' dir='ltr'><strong>aequi,</strong></span> <span class='ocrx_word' id='word_1_551' title='bbox 985 3432 1061 3500; x_wconf 81' lang='lat' dir='ltr'><strong>quod</strong></span> <span class='ocrx_word' id='word_1_552' title='bbox 1087 3438 1139 3483; x_wconf 83' lang='lat' dir='ltr'><strong>tem</strong></span> <span class='ocrx_word' id='word_1_553' title='bbox 1151 3429 1298 3499; x_wconf 78' lang='lat' dir='ltr'><strong>judicare,</strong></span> <span class='ocrx_word' id='word_1_554' title='bbox 1316 3428 1335 3483; x_wconf 90' lang='lat' dir='ltr'><strong>l.</strong></span> <span class='ocrx_word' id='word_1_555' title='bbox 1354 3443 1413 3482; x_wconf 90' lang='lat' dir='ltr'><strong>rem</strong></span> <span class='ocrx_word' id='word_1_556' title='bbox 1431 3444 1487 3482; x_wconf 90' lang='lat' dir='ltr'><strong>non</strong></span> <span class='ocrx_word' id='word_1_557' title='bbox 1504 3443 1603 3483; x_wconf 83' lang='lat' dir='ltr'><strong>noram</strong></span> <span class='ocrx_word' id='word_1_558' title='bbox 1615 3425 1646 3482; x_wconf 92' lang='lat' dir='ltr'><strong>C.</strong></span> <span class='ocrx_word' id='word_1_559' title='bbox 1667 3426 1701 3482; x_wconf 90' lang='lat' dir='ltr'><strong>ds</strong></span> <span class='ocrx_word' id='word_1_560' title='bbox 1715 3427 1777 3499; x_wconf 79' lang='lat' dir='ltr'><strong>jud.</strong></span> <span class='ocrx_word' id='word_1_561' title='bbox 1793 3429 1824 3483; x_wconf 79' lang='lat' dir='ltr'><strong>iu</strong></span> <span class='ocrx_word' id='word_1_562' title='bbox 1837 3430 1919 3501; x_wconf 81' lang='lat' dir='ltr'><strong>judi·</strong></span> 
     </span>
     <span class='ocr_line' id='line_1_37' title="bbox 227 3514 1920 3588; baseline -0.003 -14"><span class='ocrx_word' id='word_1_563' title='bbox 227 3521 352 3576; x_wconf 80' lang='lat' dir='ltr'><strong>conuem&#39;t</strong></span> <span class='ocrx_word' id='word_1_564' title='bbox 365 3537 396 3573; x_wconf 80' lang='lat' dir='ltr'><strong>ec</strong></span> <span class='ocrx_word' id='word_1_565' title='bbox 403 3519 465 3588; x_wconf 81' lang='lat' dir='ltr'><strong>fide</strong></span> <span class='ocrx_word' id='word_1_566' title='bbox 479 3534 586 3581; x_wconf 82' lang='lat' dir='ltr'><strong>corum,</strong></span> <span class='ocrx_word' id='word_1_567' title='bbox 612 3517 895 3587; x_wconf 78' lang='lat' dir='ltr'><strong>quaeprchcbrmtur.</strong></span> <span class='ocrx_word' id='word_1_568' title='bbox 912 3518 931 3572; x_wconf 94' lang='lat' dir='ltr'><strong>l.</strong></span> <span class='ocrx_word' id='word_1_569' title='bbox 949 3532 1012 3588; x_wconf 90' lang='lat' dir='ltr'><strong>pen.</strong></span> <span class='ocrx_word' id='word_1_570' title='bbox 1031 3518 1061 3572; x_wconf 83' lang='lat' dir='ltr'><strong>ff.</strong></span> <span class='ocrx_word' id='word_1_571' title='bbox 1087 3519 1177 3570; x_wconf 69' lang='lat' dir='ltr'><strong>caurus</strong></span> <span class='ocrx_word' id='word_1_572' title='bbox 1197 3524 1262 3569; x_wconf 83' lang='lat' dir='ltr'><strong>cate</strong></span> <span class='ocrx_word' id='word_1_573' title='bbox 1279 3515 1375 3570; x_wconf 85' lang='lat' dir='ltr'><strong>oculos</strong></span> <span class='ocrx_word' id='word_1_574' title='bbox 1393 3517 1559 3586; x_wconf 79' lang='lat' dir='ltr'><strong>ueqssitatcm</strong></span> <span class='ocrx_word' id='word_1_575' title='bbox 1571 3514 1683 3583; x_wconf 81' lang='lat' dir='ltr'><strong>babere,</strong></span> <span class='ocrx_word' id='word_1_576' title='bbox 1702 3514 1720 3570; x_wconf 92' lang='lat' dir='ltr'><strong>l.</strong></span> <span class='ocrx_word' id='word_1_577' title='bbox 1737 3521 1762 3572; x_wconf 88' lang='lat'><strong>4.</strong></span> <span class='ocrx_word' id='word_1_578' title='bbox 1781 3514 1812 3573; x_wconf 79' lang='lat' dir='ltr'><strong>ff.</strong></span> <span class='ocrx_word' id='word_1_579' title='bbox 1832 3516 1867 3574; x_wconf 91' lang='lat' dir='ltr'><strong>de</strong></span> <span class='ocrx_word' id='word_1_580' title='bbox 1886 3532 1920 3574; x_wconf 90' lang='lat' dir='ltr'><strong>eo</strong></span> 
     </span>
     <span class='ocr_line' id='line_1_38' title="bbox 226 3599 1920 3678; baseline -0.002 -15"><span class='ocrx_word' id='word_1_581' title='bbox 226 3608 262 3663; x_wconf 90' lang='lat' dir='ltr'><strong>da</strong></span> <span class='ocrx_word' id='word_1_582' title='bbox 286 3606 394 3678; x_wconf 89' lang='lat' dir='ltr'><strong>probat.</strong></span> <span class='ocrx_word' id='word_1_583' title='bbox 413 3620 437 3661; x_wconf 94' lang='lat' dir='ltr'><strong>c.</strong></span> <span class='ocrx_word' id='word_1_584' title='bbox 461 3611 482 3660; x_wconf 87' lang='lat'><strong>1.</strong></span> <span class='ocrx_word' id='word_1_585' title='bbox 499 3606 596 3675; x_wconf 85' lang='lat' dir='ltr'><strong>juncto</strong></span> <span class='ocrx_word' id='word_1_586' title='bbox 616 3620 675 3673; x_wconf 91' lang='lat' dir='ltr'><strong>cap.</strong></span> <span class='ocrx_word' id='word_1_587' title='bbox 700 3602 871 3658; x_wconf 83' lang='lat' dir='ltr'><strong>laudabilem</strong></span> <span class='ocrx_word' id='word_1_588' title='bbox 889 3604 924 3659; x_wconf 91' lang='lat' dir='ltr'><strong>de</strong></span> <span class='ocrx_word' id='word_1_589' title='bbox 941 3603 1060 3676; x_wconf 77' lang='lat' dir='ltr'><strong>frigidis,</strong></span> <span class='ocrx_word' id='word_1_590' title='bbox 1087 3603 1160 3674; x_wconf 91' lang='lat' dir='ltr'><strong>quod</strong></span> <span class='ocrx_word' id='word_1_591' title='bbox 1179 3609 1245 3660; x_wconf 88' lang='lat' dir='ltr'><strong>cert.</strong></span> <span class='ocrx_word' id='word_1_592' title='bbox 1264 3603 1315 3658; x_wconf 88' lang='lat' dir='ltr'><strong>loc.</strong></span> <span class='ocrx_word' id='word_1_593' title='bbox 1337 3601 1356 3658; x_wconf 93' lang='grc' dir='ltr'><strong>ι.</strong></span> <span class='ocrx_word' id='word_1_594' title='bbox 1375 3608 1400 3658; x_wconf 84' lang='grc'><strong>9.</strong></span> <span class='ocrx_word' id='word_1_595' title='bbox 1419 3602 1454 3656; x_wconf 92' lang='lat' dir='ltr'><strong>de</strong></span> <span class='ocrx_word' id='word_1_596' title='bbox 1471 3600 1504 3658; x_wconf 90' lang='lat' dir='ltr'><strong>R.</strong></span> <span class='ocrx_word' id='word_1_597' title='bbox 1523 3599 1551 3659; x_wconf 79' lang='lat' dir='ltr'><strong>J.</strong></span> <span class='ocrx_word' id='word_1_598' title='bbox 1563 3601 1700 3670; x_wconf 81' lang='lat' dir='ltr'><strong>judicare</strong></span> <span class='ocrx_word' id='word_1_599' title='bbox 1718 3605 1870 3659; x_wconf 80' lang='lat' dir='ltr'><strong>secuudum</strong></span> <span class='ocrx_word' id='word_1_600' title='bbox 1886 3606 1920 3660; x_wconf 83' lang='lat' dir='ltr'><strong>id</strong></span> 
     </span>
     <span class='ocr_line' id='line_1_39' title="bbox 225 3687 1919 3762; baseline -0.001 -12"><span class='ocrx_word' id='word_1_601' title='bbox 225 3694 274 3750; x_wconf 91' lang='lat' dir='ltr'><strong>ubi</strong></span> <span class='ocrx_word' id='word_1_602' title='bbox 298 3692 400 3748; x_wconf 78' lang='lat' dir='ltr'><strong>veritas</strong></span> <span class='ocrx_word' id='word_1_603' title='bbox 424 3690 526 3745; x_wconf 91' lang='lat' dir='ltr'><strong>dieitur</strong></span> <span class='ocrx_word' id='word_1_604' title='bbox 543 3690 587 3755; x_wconf 88' lang='lat' dir='ltr'><strong>id,</strong></span> <span class='ocrx_word' id='word_1_605' title='bbox 614 3692 691 3760; x_wconf 80' lang='lat' dir='ltr'><strong>qrcod</strong></span> <span class='ocrx_word' id='word_1_606' title='bbox 711 3691 861 3760; x_wconf 81' lang='lat' dir='ltr'><strong>probatum</strong></span> <span class='ocrx_word' id='word_1_607' title='bbox 886 3700 927 3747; x_wconf 85' lang='lat' dir='ltr'><strong>est</strong></span> <span class='ocrx_word' id='word_1_608' title='bbox 945 3701 992 3746; x_wconf 87' lang='lat' dir='ltr'><strong>aut</strong></span> <span class='ocrx_word' id='word_1_609' title='bbox 1006 3709 1060 3762; x_wconf 79' lang='lat' dir='ltr'><strong>per</strong></span> <span class='ocrx_word' id='word_1_610' title='bbox 1087 3692 1163 3760; x_wconf 69' lang='lat' dir='ltr'><strong>prod</strong></span> <span class='ocrx_word' id='word_1_611' title='bbox 1182 3691 1237 3744; x_wconf 83' lang='lat' dir='ltr'><strong>sibi</strong></span> <span class='ocrx_word' id='word_1_612' title='bbox 1252 3692 1341 3744; x_wconf 80' lang='lat' dir='ltr'><strong>uisum</strong></span> <span class='ocrx_word' id='word_1_613' title='bbox 1356 3688 1448 3753; x_wconf 70' lang='lat' dir='ltr'><strong>suerit</strong></span> <span class='ocrx_word' id='word_1_614' title='bbox 1458 3687 1566 3758; x_wconf 78' lang='lat' dir='ltr'><strong>justius</strong></span> <span class='ocrx_word' id='word_1_615' title='bbox 1582 3696 1609 3742; x_wconf 86' lang='lat' dir='ltr'><strong>et</strong></span> <span class='ocrx_word' id='word_1_616' title='bbox 1620 3689 1729 3746; x_wconf 59' lang='lat' dir='ltr'><strong>medus.</strong></span> <span class='ocrx_word' id='word_1_617' title='bbox 1746 3689 1825 3746; x_wconf 78' lang='lat' dir='ltr'><strong>cuth.</strong></span> <span class='ocrx_word' id='word_1_618' title='bbox 1838 3691 1919 3749; x_wconf 91' lang='lat' dir='ltr'><strong>hodie</strong></span> 
     </span>
     <span class='ocr_line' id='line_1_40' title="bbox 226 3776 1919 3849; baseline 0.001 -15"><span class='ocrx_word' id='word_1_619' title='bbox 226 3782 313 3849; x_wconf 82' lang='lat' dir='ltr'><strong>lepem</strong></span> <span class='ocrx_word' id='word_1_620' title='bbox 332 3785 522 3848; x_wconf 86' lang='lat' dir='ltr'><strong>praesumtum</strong></span> <span class='ocrx_word' id='word_1_621' title='bbox 529 3798 540 3844; x_wconf 88' lang='lat'><strong>,·</strong></span> <span class='ocrx_word' id='word_1_622' title='bbox 568 3794 591 3833; x_wconf 91' lang='grc' dir='ltr'><strong>ι.</strong></span> <span class='ocrx_word' id='word_1_623' title='bbox 612 3793 675 3830; x_wconf 89' lang='lat' dir='ltr'><strong>cum</strong></span> <span class='ocrx_word' id='word_1_624' title='bbox 695 3776 812 3834; x_wconf 88' lang='lat' dir='ltr'><strong>dilectus</strong></span> <span class='ocrx_word' id='word_1_625' title='bbox 833 3778 868 3834; x_wconf 90' lang='lat' dir='ltr'><strong>de</strong></span> <span class='ocrx_word' id='word_1_626' title='bbox 885 3778 941 3833; x_wconf 91' lang='lat' dir='ltr'><strong>fide</strong></span> <span class='ocrx_word' id='word_1_627' title='bbox 960 3779 1060 3834; x_wconf 87' lang='lat' dir='ltr'><strong>instru-</strong></span> <span class='ocrx_word' id='word_1_628' title='bbox 1086 3777 1117 3836; x_wconf 88' lang='lat' dir='ltr'><strong>C.</strong></span> <span class='ocrx_word' id='word_1_629' title='bbox 1145 3777 1179 3832; x_wconf 90' lang='lat' dir='ltr'><strong>de</strong></span> <span class='ocrx_word' id='word_1_630' title='bbox 1199 3777 1261 3847; x_wconf 91' lang='lat' dir='ltr'><strong>jud.</strong></span> <span class='ocrx_word' id='word_1_631' title='bbox 1279 3778 1367 3847; x_wconf 82' lang='lat' dir='ltr'><strong>jueta</strong></span> <span class='ocrx_word' id='word_1_632' title='bbox 1385 3776 1537 3846; x_wconf 79' lang='lat' dir='ltr'><strong>proprium</strong></span> <span class='ocrx_word' id='word_1_633' title='bbox 1556 3776 1712 3843; x_wconf 78' lang='lat' dir='ltr'><strong>sciems&#39;um,</strong></span> <span class='ocrx_word' id='word_1_634' title='bbox 1737 3794 1762 3833; x_wconf 91' lang='lat' dir='ltr'><strong>c.</strong></span> <span class='ocrx_word' id='word_1_635' title='bbox 1785 3783 1806 3834; x_wconf 86' lang='lat' dir='ltr'><strong>t.</strong></span> <span class='ocrx_word' id='word_1_636' title='bbox 1831 3779 1866 3835; x_wconf 88' lang='lat' dir='ltr'><strong>de</strong></span> <span class='ocrx_word' id='word_1_637' title='bbox 1888 3796 1919 3836; x_wconf 90' lang='lat' dir='ltr'><strong>re</strong></span> 
     </span>
     <span class='ocr_line' id='line_1_41' title="bbox 225 3861 1917 3937; baseline 0 -15"><span class='ocrx_word' id='word_1_638' title='bbox 225 3874 393 3933; x_wconf 85' lang='lat' dir='ltr'><strong>mentorum,</strong></span> <span class='ocrx_word' id='word_1_639' title='bbox 412 3865 461 3919; x_wconf 91' lang='lat' dir='ltr'><strong>ubi</strong></span> <span class='ocrx_word' id='word_1_640' title='bbox 479 3864 624 3929; x_wconf 85' lang='lat' dir='ltr'><strong>statuitur,</strong></span> <span class='ocrx_word' id='word_1_641' title='bbox 641 3865 765 3932; x_wconf 77' lang='lat' dir='ltr'><strong>iudicem</strong></span> <span class='ocrx_word' id='word_1_642' title='bbox 784 3883 840 3920; x_wconf 80' lang='lat' dir='ltr'><strong>auu</strong></span> <span class='ocrx_word' id='word_1_643' title='bbox 851 3882 937 3937; x_wconf 82' lang='lat' dir='ltr'><strong>posse</strong></span> <span class='ocrx_word' id='word_1_644' title='bbox 953 3873 1059 3920; x_wconf 76' lang='lat' dir='ltr'><strong>seuten-</strong></span> <span class='ocrx_word' id='word_1_645' title='bbox 1082 3863 1170 3934; x_wconf 86' lang='lat' dir='ltr'><strong>judic.</strong></span> <span class='ocrx_word' id='word_1_646' title='bbox 1190 3865 1219 3918; x_wconf 90' lang='lat' dir='ltr'><strong>in</strong></span> <span class='ocrx_word' id='word_1_647' title='bbox 1243 3870 1267 3920; x_wconf 81' lang='grc'><strong>6.</strong></span> <span class='ocrx_word' id='word_1_648' title='bbox 1293 3862 1371 3927; x_wconf 81' lang='lat' dir='ltr'><strong>Quas</strong></span> <span class='ocrx_word' id='word_1_649' title='bbox 1388 3861 1480 3918; x_wconf 89' lang='lat' dir='ltr'><strong>omnia</strong></span> <span class='ocrx_word' id='word_1_650' title='bbox 1496 3880 1529 3919; x_wconf 93' lang='lat' dir='ltr'><strong>eo</strong></span> <span class='ocrx_word' id='word_1_651' title='bbox 1546 3863 1692 3919; x_wconf 79' lang='lat' dir='ltr'><strong>referenda</strong></span> <span class='ocrx_word' id='word_1_652' title='bbox 1709 3879 1769 3920; x_wconf 89' lang='lat' dir='ltr'><strong>esse</strong></span> <span class='ocrx_word' id='word_1_653' title='bbox 1782 3871 1917 3936; x_wconf 80' lang='lat' dir='ltr'><strong>statuunt,</strong></span> 
     </span>
     <span class='ocr_line' id='line_1_42' title="bbox 225 3948 1917 4022; baseline 0.002 -15"><span class='ocrx_word' id='word_1_654' title='bbox 225 3953 294 4007; x_wconf 66' lang='lat' dir='ltr'><strong>uum</strong></span> <span class='ocrx_word' id='word_1_655' title='bbox 320 3954 413 4005; x_wconf 82' lang='lat' dir='ltr'><strong>dicere</strong></span> <span class='ocrx_word' id='word_1_656' title='bbox 437 3951 675 4005; x_wconf 69' lang='lat' dir='ltr'><strong>miseramente</strong></span> <span class='ocrx_word' id='word_1_657' title='bbox 699 3954 896 4022; x_wconf 81' lang='lat' dir='ltr'><strong>scripturaque</strong></span> <span class='ocrx_word' id='word_1_658' title='bbox 913 3971 969 4007; x_wconf 82' lang='lat' dir='ltr'><strong>acu</strong></span> <span class='ocrx_word' id='word_1_659' title='bbox 990 3968 1058 4022; x_wconf 86' lang='lat' dir='ltr'><strong>pro-</strong></span> <span class='ocrx_word' id='word_1_660' title='bbox 1087 3951 1160 4022; x_wconf 88' lang='lat' dir='ltr'><strong>quod</strong></span> <span class='ocrx_word' id='word_1_661' title='bbox 1171 3951 1258 4022; x_wconf 81' lang='lat' dir='ltr'><strong>juder</strong></span> <span class='ocrx_word' id='word_1_662' title='bbox 1278 3951 1430 4007; x_wconf 89' lang='lat' dir='ltr'><strong>secuudum</strong></span> <span class='ocrx_word' id='word_1_663' title='bbox 1450 3948 1646 4005; x_wconf 87' lang='lat' dir='ltr'><strong>conscientiam</strong></span> <span class='ocrx_word' id='word_1_664' title='bbox 1659 3949 1787 4020; x_wconf 85' lang='lat' dir='ltr'><strong>judicare</strong></span> <span class='ocrx_word' id='word_1_665' title='bbox 1809 3952 1917 4011; x_wconf 76' lang='lat' dir='ltr'><strong>debeat.</strong></span> 
     </span>
     <span class='ocr_line' id='line_1_43' title="bbox 226 4036 1917 4110; baseline 0.001 -16"><span class='ocrx_word' id='word_1_666' title='bbox 226 4042 312 4094; x_wconf 81' lang='lat' dir='ltr'><strong>dacto</strong></span> <span class='ocrx_word' id='word_1_667' title='bbox 332 4039 502 4106; x_wconf 78' lang='lat' dir='ltr'><strong>injudicio,</strong></span> <span class='ocrx_word' id='word_1_668' title='bbox 521 4039 586 4092; x_wconf 81' lang='lat' dir='ltr'><strong>lieet</strong></span> <span class='ocrx_word' id='word_1_669' title='bbox 604 4055 637 4091; x_wconf 87' lang='lat' dir='ltr'><strong>eu</strong></span> <span class='ocrx_word' id='word_1_670' title='bbox 656 4040 748 4104; x_wconf 81' lang='lat' dir='ltr'><strong>fuerit</strong></span> <span class='ocrx_word' id='word_1_671' title='bbox 759 4041 896 4110; x_wconf 79' lang='lat' dir='ltr'><strong>priuatim</strong></span> <span class='ocrx_word' id='word_1_672' title='bbox 913 4040 968 4092; x_wconf 81' lang='lat' dir='ltr'><strong>eibi</strong></span> <span class='ocrx_word' id='word_1_673' title='bbox 985 4039 1059 4094; x_wconf 79' lang='lat' dir='ltr'><strong>esbi-</strong></span> <span class='ocrx_word' id='word_1_674' title='bbox 1088 4045 1110 4095; x_wconf 79' lang='lat'><strong>8.</strong></span> <span class='ocrx_word' id='word_1_675' title='bbox 1131 4038 1160 4095; x_wconf 86' lang='lat' dir='ltr'><strong>Si</strong></span> <span class='ocrx_word' id='word_1_676' title='bbox 1175 4037 1263 4109; x_wconf 89' lang='lat' dir='ltr'><strong>judex</strong></span> <span class='ocrx_word' id='word_1_677' title='bbox 1285 4054 1340 4093; x_wconf 88' lang='lat' dir='ltr'><strong>non</strong></span> <span class='ocrx_word' id='word_1_678' title='bbox 1359 4037 1510 4093; x_wconf 88' lang='lat' dir='ltr'><strong>secundum</strong></span> <span class='ocrx_word' id='word_1_679' title='bbox 1526 4036 1735 4107; x_wconf 82' lang='lat' dir='ltr'><strong>conscientiam,</strong></span> <span class='ocrx_word' id='word_1_680' title='bbox 1754 4037 1803 4093; x_wconf 89' lang='lat' dir='ltr'><strong>sed</strong></span> <span class='ocrx_word' id='word_1_681' title='bbox 1822 4054 1917 4096; x_wconf 83' lang='lat' dir='ltr'><strong>secuu-</strong></span> 
     </span>
     <span class='ocr_line' id='line_1_44' title="bbox 227 4121 1917 4197; baseline 0.001 -15"><span class='ocrx_word' id='word_1_682' title='bbox 227 4124 299 4195; x_wconf 74' lang='lat' dir='ltr'><strong>bt‘tu,</strong></span> <span class='ocrx_word' id='word_1_683' title='bbox 323 4135 353 4179; x_wconf 88' lang='lat' dir='ltr'><strong>ut</strong></span> <span class='ocrx_word' id='word_1_684' title='bbox 372 4127 462 4194; x_wconf 84' lang='lat' dir='ltr'><strong>plane</strong></span> <span class='ocrx_word' id='word_1_685' title='bbox 485 4126 645 4194; x_wconf 79' lang='lat' dir='ltr'><strong>copuoverit</strong></span> <span class='ocrx_word' id='word_1_686' title='bbox 672 4144 705 4180; x_wconf 80' lang='lat' dir='ltr'><strong>ec</strong></span> <span class='ocrx_word' id='word_1_687' title='bbox 725 4144 758 4180; x_wconf 89' lang='lat' dir='ltr'><strong>eo</strong></span> <span class='ocrx_word' id='word_1_688' title='bbox 776 4127 824 4195; x_wconf 81' lang='lat' dir='ltr'><strong>jus</strong></span> <span class='ocrx_word' id='word_1_689' title='bbox 844 4128 965 4196; x_wconf 81' lang='lat' dir='ltr'><strong>uctoris3</strong></span> <span class='ocrx_word' id='word_1_690' title='bbox 984 4126 1060 4180; x_wconf 87' lang='lat' dir='ltr'><strong>unde</strong></span> <span class='ocrx_word' id='word_1_691' title='bbox 1089 4126 1152 4180; x_wconf 90' lang='lat' dir='ltr'><strong>dum</strong></span> <span class='ocrx_word' id='word_1_692' title='bbox 1172 4132 1234 4180; x_wconf 81' lang='lat' dir='ltr'><strong>aeta</strong></span> <span class='ocrx_word' id='word_1_693' title='bbox 1258 4133 1286 4181; x_wconf 94' lang='lat' dir='ltr'><strong>et</strong></span> <span class='ocrx_word' id='word_1_694' title='bbox 1303 4125 1423 4197; x_wconf 87' lang='lat' dir='ltr'><strong>probata</strong></span> <span class='ocrx_word' id='word_1_695' title='bbox 1448 4130 1557 4180; x_wconf 86' lang='lat' dir='ltr'><strong>tantum</strong></span> <span class='ocrx_word' id='word_1_696' title='bbox 1575 4123 1702 4194; x_wconf 80' lang='lat' dir='ltr'><strong>Judicarc</strong></span> <span class='ocrx_word' id='word_1_697' title='bbox 1720 4121 1847 4191; x_wconf 84' lang='lat' dir='ltr'><strong>deberet,</strong></span> <span class='ocrx_word' id='word_1_698' title='bbox 1872 4143 1917 4183; x_wconf 82' lang='lat' dir='ltr'><strong>ex·</strong></span> 
     </span>
     <span class='ocr_line' id='line_1_45' title="bbox 206 4208 1914 4286; baseline 0 -17"><span class='ocrx_word' id='word_1_699' title='bbox 206 4214 276 4286; x_wconf 76' lang='lat' dir='ltr'><strong>‘pro</strong></span> <span class='ocrx_word' id='word_1_700' title='bbox 293 4214 362 4268; x_wconf 87' lang='lat' dir='ltr'><strong>actis</strong></span> <span class='ocrx_word' id='word_1_701' title='bbox 384 4212 494 4266; x_wconf 81' lang='lat' dir='ltr'><strong>iaciunt</strong></span> <span class='ocrx_word' id='word_1_702' title='bbox 511 4211 673 4267; x_wconf 89' lang='lat' dir='ltr'><strong>Dominicus</strong></span> <span class='ocrx_word' id='word_1_703' title='bbox 696 4214 799 4270; x_wconf 79' lang='lat' dir='ltr'><strong>asoto</strong></span> <span class='ocrx_word' id='word_1_704' title='bbox 826 4213 873 4269; x_wconf 92' lang='lat' dir='ltr'><strong>lib.</strong></span> <span class='ocrx_word' id='word_1_705' title='bbox 894 4220 918 4270; x_wconf 83' lang='lat'><strong>5.</strong></span> <span class='ocrx_word' id='word_1_706' title='bbox 940 4214 975 4268; x_wconf 93' lang='lat' dir='ltr'><strong>de</strong></span> <span class='ocrx_word' id='word_1_707' title='bbox 990 4215 1057 4286; x_wconf 87' lang='lat' dir='ltr'><strong>just.</strong></span> <span class='ocrx_word' id='word_1_708' title='bbox 1087 4213 1176 4268; x_wconf 84' lang='lat' dir='ltr'><strong>curari</strong></span> <span class='ocrx_word' id='word_1_709' title='bbox 1200 4217 1293 4283; x_wconf 88' lang='lat' dir='ltr'><strong>posset</strong></span> <span class='ocrx_word' id='word_1_710' title='bbox 1312 4211 1433 4281; x_wconf 88' lang='lat' dir='ltr'><strong>Pilatus,</strong></span> <span class='ocrx_word' id='word_1_711' title='bbox 1462 4210 1509 4282; x_wconf 91' lang='lat' dir='ltr'><strong>qui</strong></span> <span class='ocrx_word' id='word_1_712' title='bbox 1532 4210 1684 4266; x_wconf 86' lang='lat' dir='ltr'><strong>secuudum</strong></span> <span class='ocrx_word' id='word_1_713' title='bbox 1708 4208 1782 4266; x_wconf 85' lang='lat' dir='ltr'><strong>falsa</strong></span> <span class='ocrx_word' id='word_1_714' title='bbox 1803 4213 1914 4269; x_wconf 87' lang='lat' dir='ltr'><strong>testium</strong></span> 
     </span>
     <span class='ocr_line' id='line_1_46' title="bbox 226 4295 1916 4372; baseline 0 -16"><span class='ocrx_word' id='word_1_715' title='bbox 226 4309 255 4357; x_wconf 90' lang='lat' dir='ltr'><strong>et</strong></span> <span class='ocrx_word' id='word_1_716' title='bbox 269 4302 324 4370; x_wconf 84' lang='lat' dir='ltr'><strong>jur.</strong></span> <span class='ocrx_word' id='word_1_717' title='bbox 342 4299 525 4354; x_wconf 79' lang='lat' dir='ltr'><strong>Cavarruvias</strong></span> <span class='ocrx_word' id='word_1_718' title='bbox 544 4299 605 4354; x_wconf 92' lang='lat' dir='ltr'><strong>libr.</strong></span> <span class='ocrx_word' id='word_1_719' title='bbox 632 4304 655 4355; x_wconf 92' lang='lat'><strong>1.</strong></span> <span class='ocrx_word' id='word_1_720' title='bbox 674 4300 784 4354; x_wconf 88' lang='lat' dir='ltr'><strong>resolut.</strong></span> <span class='ocrx_word' id='word_1_721' title='bbox 822 4301 922 4354; x_wconf 90' lang='lat' dir='ltr'><strong>Petrus</strong></span> <span class='ocrx_word' id='word_1_722' title='bbox 939 4300 1059 4372; x_wconf 88' lang='lat' dir='ltr'><strong>August.</strong></span> <span class='ocrx_word' id='word_1_723' title='bbox 1087 4299 1212 4370; x_wconf 86' lang='lat' dir='ltr'><strong>deposita</strong></span> <span class='ocrx_word' id='word_1_724' title='bbox 1236 4304 1333 4353; x_wconf 80' lang='lat' dir='ltr'><strong>contra</strong></span> <span class='ocrx_word' id='word_1_725' title='bbox 1358 4297 1554 4353; x_wconf 87' lang='lat' dir='ltr'><strong>conscientiam</strong></span> <span class='ocrx_word' id='word_1_726' title='bbox 1581 4295 1719 4352; x_wconf 82' lang='lat' dir='ltr'><strong>Christum</strong></span> <span class='ocrx_word' id='word_1_727' title='bbox 1743 4297 1916 4356; x_wconf 86' lang='lat' dir='ltr'><strong>innocentem</strong></span> 
     </span>
     <span class='ocr_line' id='line_1_47' title="bbox 227 4382 1918 4456; baseline 0.001 -15"><span class='ocrx_word' id='word_1_728' title='bbox 227 4387 317 4442; x_wconf 83' lang='lat' dir='ltr'><strong>Morla</strong></span> <span class='ocrx_word' id='word_1_729' title='bbox 345 4393 372 4441; x_wconf 89' lang='grc' dir='ltr'><strong>ιι</strong></span> <span class='ocrx_word' id='word_1_730' title='bbox 397 4386 444 4439; x_wconf 90' lang='lat' dir='ltr'><strong>alii</strong></span> <span class='ocrx_word' id='word_1_731' title='bbox 470 4386 633 4456; x_wconf 86' lang='lat' dir='ltr'><strong>complures.</strong></span> <span class='ocrx_word' id='word_1_732' title='bbox 670 4386 800 4451; x_wconf 83' lang='lat' dir='ltr'><strong>Quinimo</strong></span> <span class='ocrx_word' id='word_1_733' title='bbox 822 4385 958 4441; x_wconf 83' lang='lat' dir='ltr'><strong>Castalius</strong></span> <span class='ocrx_word' id='word_1_734' title='bbox 977 4386 1014 4441; x_wconf 88' lang='lat' dir='ltr'><strong>ad</strong></span> <span class='ocrx_word' id='word_1_735' title='bbox 1032 4388 1059 4443; x_wconf 86' lang='lat' dir='ltr'><strong>d.</strong></span> <span class='ocrx_word' id='word_1_736' title='bbox 1086 4384 1287 4448; x_wconf 82' lang='lat' dir='ltr'><strong>condemnavit,</strong></span> <span class='ocrx_word' id='word_1_737' title='bbox 1304 4384 1353 4440; x_wconf 87' lang='lat' dir='ltr'><strong>sed</strong></span> <span class='ocrx_word' id='word_1_738' title='bbox 1365 4382 1517 4439; x_wconf 85' lang='lat' dir='ltr'><strong>absurdum</strong></span> <span class='ocrx_word' id='word_1_739' title='bbox 1535 4391 1578 4439; x_wconf 87' lang='lat' dir='ltr'><strong>cst</strong></span> <span class='ocrx_word' id='word_1_740' title='bbox 1591 4400 1770 4456; x_wconf 88' lang='lat' dir='ltr'><strong>consequens.</strong></span> <span class='ocrx_word' id='word_1_741' title='bbox 1800 4385 1918 4456; x_wconf 78' lang='lat' dir='ltr'><strong>Addunt</strong></span> 
     </span>
     <span class='ocr_line' id='line_1_48' title="bbox 227 4470 1917 4550; baseline -0.002 -19"><span class='ocrx_word' id='word_1_742' title='bbox 227 4472 379 4550; x_wconf 74' lang='lat' dir='ltr'><strong>§.Veritas</strong></span> <span class='ocrx_word' id='word_1_743' title='bbox 398 4472 612 4528; x_wconf 87' lang='lat' dir='ltr'><strong>etBronchorst.</strong></span> <span class='ocrx_word' id='word_1_744' title='bbox 631 4480 702 4527; x_wconf 89' lang='lat' dir='ltr'><strong>cent.</strong></span> <span class='ocrx_word' id='word_1_745' title='bbox 725 4480 747 4528; x_wconf 86' lang='lat' dir='ltr'><strong>l.</strong></span> <span class='ocrx_word' id='word_1_746' title='bbox 765 4472 925 4544; x_wconf 89' lang='lat' dir='ltr'><strong>enantioph.</strong></span> <span class='ocrx_word' id='word_1_747' title='bbox 947 4491 998 4528; x_wconf 88' lang='lat' dir='ltr'><strong>ass.</strong></span> <span class='ocrx_word' id='word_1_748' title='bbox 1020 4478 1059 4530; x_wconf 82' lang='lat' dir='ltr'><strong>ll.</strong></span> <span class='ocrx_word' id='word_1_749' title='bbox 1087 4472 1242 4545; x_wconf 85' lang='lat' dir='ltr'><strong>exemplum</strong></span> <span class='ocrx_word' id='word_1_750' title='bbox 1264 4471 1424 4527; x_wconf 63' lang='lat' dir='ltr'><strong>Memoria</strong></span> <span class='ocrx_word' id='word_1_751' title='bbox 1442 4470 1513 4525; x_wconf 88' lang='lat' dir='ltr'><strong>iuter</strong></span> <span class='ocrx_word' id='word_1_752' title='bbox 1528 4470 1599 4525; x_wconf 87' lang='lat' dir='ltr'><strong>duas</strong></span> <span class='ocrx_word' id='word_1_753' title='bbox 1618 4470 1745 4527; x_wconf 88' lang='lat' dir='ltr'><strong>mulieres</strong></span> <span class='ocrx_word' id='word_1_754' title='bbox 1757 4472 1793 4526; x_wconf 90' lang='lat' dir='ltr'><strong>ds</strong></span> <span class='ocrx_word' id='word_1_755' title='bbox 1810 4472 1917 4528; x_wconf 86' lang='lat' dir='ltr'><strong>infante</strong></span> 
     </span>
     <span class='ocr_line' id='line_1_49' title="bbox 227 4557 1919 4635; baseline 0.001 -21"><span class='ocrx_word' id='word_1_756' title='bbox 227 4560 332 4629; x_wconf 87' lang='lat' dir='ltr'><strong>dicunt,</strong></span> <span class='ocrx_word' id='word_1_757' title='bbox 353 4577 411 4613; x_wconf 86' lang='lat' dir='ltr'><strong>case</strong></span> <span class='ocrx_word' id='word_1_758' title='bbox 431 4561 503 4612; x_wconf 81' lang='lat' dir='ltr'><strong>tuuc</strong></span> <span class='ocrx_word' id='word_1_759' title='bbox 522 4560 644 4613; x_wconf 78' lang='lat' dir='ltr'><strong>carnium</strong></span> <span class='ocrx_word' id='word_1_760' title='bbox 657 4560 877 4623; x_wconf 74' lang='lat' dir='ltr'><strong>scr-edoctorum</strong></span> <span class='ocrx_word' id='word_1_761' title='bbox 894 4560 1060 4616; x_wconf 81' lang='lat' dir='ltr'><strong>sententium</strong></span> <span class='ocrx_word' id='word_1_762' title='bbox 1086 4561 1284 4618; x_wconf 89' lang='lat' dir='ltr'><strong>contendentes</strong></span> <span class='ocrx_word' id='word_1_763' title='bbox 1309 4557 1462 4629; x_wconf 85' lang='lat' dir='ltr'><strong>judicantis</strong></span> <span class='ocrx_word' id='word_1_764' title='bbox 1493 4563 1515 4613; x_wconf 89' lang='lat'><strong>1.</strong></span> <span class='ocrx_word' id='word_1_765' title='bbox 1535 4557 1605 4628; x_wconf 82' lang='lat' dir='ltr'><strong>Reg.</strong></span> <span class='ocrx_word' id='word_1_766' title='bbox 1629 4563 1654 4612; x_wconf 88' lang='grc'><strong>3.</strong></span> <span class='ocrx_word' id='word_1_767' title='bbox 1678 4557 1727 4613; x_wconf 90' lang='lat' dir='ltr'><strong>ubi</strong></span> <span class='ocrx_word' id='word_1_768' title='bbox 1755 4559 1919 4635; x_wconf 76' lang='grc' dir='ltr'>κρινόμενον</span> 
     </span>
     <span class='ocr_line' id='line_1_50' title="bbox 228 4643 1919 4716; baseline -0.001 -15"><span class='ocrx_word' id='word_1_769' title='bbox 228 4656 284 4701; x_wconf 77' lang='lat' dir='ltr'><strong>tum</strong></span> <span class='ocrx_word' id='word_1_770' title='bbox 298 4665 316 4700; x_wconf 90' lang='grc' dir='ltr'><em>α</em></span> <span class='ocrx_word' id='word_1_771' title='bbox 329 4646 490 4714; x_wconf 67' lang='lat' dir='ltr'><strong>canonieus,</strong></span> <span class='ocrx_word' id='word_1_772' title='bbox 511 4662 594 4715; x_wconf 76' lang='lat' dir='ltr'><strong>quum</strong></span> <span class='ocrx_word' id='word_1_773' title='bbox 612 4645 926 4716; x_wconf 72' lang='lat' dir='ltr'><strong>lepumapprobamm.</strong></span> <span class='ocrx_word' id='word_1_774' title='bbox 957 4649 1062 4704; x_wconf 85' lang='lat' dir='ltr'><strong>Contra</strong></span> <span class='ocrx_word' id='word_1_775' title='bbox 1086 4656 1114 4706; x_wconf 93' lang='lat' dir='ltr'><strong>et</strong></span> <span class='ocrx_word' id='word_1_776' title='bbox 1142 4653 1231 4702; x_wconf 87' lang='lat' dir='ltr'><strong>status</strong></span> <span class='ocrx_word' id='word_1_777' title='bbox 1258 4660 1358 4700; x_wconf 88' lang='lat' dir='ltr'><strong>causae</strong></span> <span class='ocrx_word' id='word_1_778' title='bbox 1379 4645 1409 4698; x_wconf 92' lang='lat' dir='ltr'><strong>in</strong></span> <span class='ocrx_word' id='word_1_779' title='bbox 1439 4660 1471 4698; x_wconf 90' lang='lat' dir='ltr'><strong>eo</strong></span> <span class='ocrx_word' id='word_1_780' title='bbox 1491 4643 1683 4714; x_wconf 87' lang='lat' dir='ltr'><strong>consistebat,</strong></span> <span class='ocrx_word' id='word_1_781' title='bbox 1710 4650 1802 4700; x_wconf 87' lang='lat' dir='ltr'><strong>utrum</strong></span> <span class='ocrx_word' id='word_1_782' title='bbox 1827 4646 1919 4703; x_wconf 81' lang='lat' dir='ltr'><strong>infans</strong></span> 
     </span>
     <span class='ocr_line' id='line_1_51' title="bbox 228 4729 1919 4806; baseline 0 -18"><span class='ocrx_word' id='word_1_783' title='bbox 228 4736 275 4806; x_wconf 89' lang='lat' dir='ltr'><strong>qui</strong></span> <span class='ocrx_word' id='word_1_784' title='bbox 289 4751 346 4806; x_wconf 80' lang='lat' dir='ltr'><strong>pro</strong></span> <span class='ocrx_word' id='word_1_785' title='bbox 367 4733 537 4785; x_wconf 79' lang='lat' dir='ltr'><strong>conscientie</strong></span> <span class='ocrx_word' id='word_1_786' title='bbox 553 4731 675 4799; x_wconf 87' lang='lat' dir='ltr'><strong>faciunt,</strong></span> <span class='ocrx_word' id='word_1_787' title='bbox 693 4731 762 4786; x_wconf 86' lang='lat' dir='ltr'><strong>haec</strong></span> <span class='ocrx_word' id='word_1_788' title='bbox 778 4739 894 4805; x_wconf 85' lang='lat' dir='ltr'><strong>urgent:</strong></span> <span class='ocrx_word' id='word_1_789' title='bbox 915 4741 937 4791; x_wconf 90' lang='lat'><strong>1.</strong></span> <span class='ocrx_word' id='word_1_790' title='bbox 958 4735 1061 4792; x_wconf 91' lang='lat' dir='ltr'><strong>Proba·</strong></span> <span class='ocrx_word' id='word_1_791' title='bbox 1088 4735 1167 4790; x_wconf 87' lang='lat' dir='ltr'><strong>rivus</strong></span> <span class='ocrx_word' id='word_1_792' title='bbox 1182 4734 1219 4788; x_wconf 88' lang='lat' dir='ltr'><strong>ad</strong></span> <span class='ocrx_word' id='word_1_793' title='bbox 1238 4730 1374 4795; x_wconf 84' lang='lat' dir='ltr'><strong>actricem,</strong></span> <span class='ocrx_word' id='word_1_794' title='bbox 1394 4747 1430 4785; x_wconf 91' lang='lat' dir='ltr'><strong>an</strong></span> <span class='ocrx_word' id='word_1_795' title='bbox 1450 4729 1486 4785; x_wconf 93' lang='lat' dir='ltr'><strong>ad</strong></span> <span class='ocrx_word' id='word_1_796' title='bbox 1498 4746 1575 4786; x_wconf 87' lang='lat' dir='ltr'><strong>raam</strong></span> <span class='ocrx_word' id='word_1_797' title='bbox 1589 4730 1731 4786; x_wconf 90' lang='lat' dir='ltr'><strong>mulierem</strong></span> <span class='ocrx_word' id='word_1_798' title='bbox 1749 4732 1919 4803; x_wconf 84' lang='lat' dir='ltr'><strong>pertineret?</strong></span> 
     </span>
     <span class='ocr_line' id='line_1_52' title="bbox 227 4816 1919 4891; baseline 0.001 -17"><span class='ocrx_word' id='word_1_799' title='bbox 227 4821 316 4875; x_wconf 84' lang='grc' dir='ltr'>ιιοιιιι</span> <span class='ocrx_word' id='word_1_800' title='bbox 335 4825 368 4872; x_wconf 90' lang='lat' dir='ltr'><strong>ut</strong></span> <span class='ocrx_word' id='word_1_801' title='bbox 385 4819 476 4873; x_wconf 89' lang='lat' dir='ltr'><strong>media</strong></span> <span class='ocrx_word' id='word_1_802' title='bbox 491 4834 510 4871; x_wconf 92' lang='lat' dir='ltr'><strong>a</strong></span> <span class='ocrx_word' id='word_1_803' title='bbox 522 4818 586 4888; x_wconf 88' lang='lat' dir='ltr'><strong>jure</strong></span> <span class='ocrx_word' id='word_1_804' title='bbox 606 4818 754 4888; x_wconf 86' lang='lat' dir='ltr'><strong>exiguntur</strong></span> <span class='ocrx_word' id='word_1_805' title='bbox 770 4819 799 4872; x_wconf 93' lang='lat' dir='ltr'><strong>in</strong></span> <span class='ocrx_word' id='word_1_806' title='bbox 817 4819 906 4874; x_wconf 87' lang='lat' dir='ltr'><strong>litium</strong></span> <span class='ocrx_word' id='word_1_807' title='bbox 925 4820 1060 4878; x_wconf 86' lang='lat' dir='ltr'><strong>defiuitio-</strong></span> <span class='ocrx_word' id='word_1_808' title='bbox 1087 4823 1161 4878; x_wconf 92' lang='lat' dir='ltr'><strong>haud</strong></span> <span class='ocrx_word' id='word_1_809' title='bbox 1181 4820 1264 4877; x_wconf 91' lang='lat' dir='ltr'><strong>dubie</strong></span> <span class='ocrx_word' id='word_1_810' title='bbox 1278 4817 1406 4891; x_wconf 88' lang='lat' dir='ltr'><strong>probatio</strong></span> <span class='ocrx_word' id='word_1_811' title='bbox 1420 4817 1516 4873; x_wconf 88' lang='lat' dir='ltr'><strong>actrici</strong></span> <span class='ocrx_word' id='word_1_812' title='bbox 1526 4816 1661 4886; x_wconf 90' lang='lat' dir='ltr'><strong>incubuit,</strong></span> <span class='ocrx_word' id='word_1_813' title='bbox 1673 4818 1777 4890; x_wconf 89' lang='lat' dir='ltr'><strong>quippe</strong></span> <span class='ocrx_word' id='word_1_814' title='bbox 1787 4818 1919 4878; x_wconf 88' lang='lat' dir='ltr'><strong>infantem</strong></span> 
     </span>
     <span class='ocr_line' id='line_1_53' title="bbox 229 4903 1921 4975; baseline 0.001 -14"><span class='ocrx_word' id='word_1_815' title='bbox 229 4906 319 4970; x_wconf 84' lang='lat' dir='ltr'><strong>nibus,</strong></span> <span class='ocrx_word' id='word_1_816' title='bbox 341 4911 372 4958; x_wconf 90' lang='lat' dir='ltr'><strong>ut</strong></span> <span class='ocrx_word' id='word_1_817' title='bbox 389 4909 486 4975; x_wconf 83' lang='lat' dir='ltr'><strong>pateat</strong></span> <span class='ocrx_word' id='word_1_818' title='bbox 503 4903 611 4959; x_wconf 86' lang='lat' dir='ltr'><strong>veritas.</strong></span> <span class='ocrx_word' id='word_1_819' title='bbox 640 4905 680 4958; x_wconf 88' lang='lat' dir='ltr'><strong>At</strong></span> <span class='ocrx_word' id='word_1_820' title='bbox 697 4905 790 4959; x_wconf 86' lang='lat' dir='ltr'><strong>media</strong></span> <span class='ocrx_word' id='word_1_821' title='bbox 805 4923 861 4960; x_wconf 88' lang='lat' dir='ltr'><strong>non</strong></span> <span class='ocrx_word' id='word_1_822' title='bbox 880 4906 983 4962; x_wconf 89' lang='lat' dir='ltr'><strong>debent</strong></span> <span class='ocrx_word' id='word_1_823' title='bbox 1002 4925 1062 4964; x_wconf 88' lang='lat' dir='ltr'><strong>esse</strong></span> <span class='ocrx_word' id='word_1_824' title='bbox 1087 4907 1180 4963; x_wconf 85' lang='lat' dir='ltr'><strong>rivum</strong></span> <span class='ocrx_word' id='word_1_825' title='bbox 1198 4905 1357 4962; x_wconf 79' lang='lat' dir='ltr'><strong>vendicasti</strong></span> <span class='ocrx_word' id='word_1_826' title='bbox 1382 4911 1412 4960; x_wconf 89' lang='lat' dir='ltr'><strong>et</strong></span> <span class='ocrx_word' id='word_1_827' title='bbox 1432 4921 1512 4960; x_wconf 89' lang='lat' dir='ltr'><strong>suum</strong></span> <span class='ocrx_word' id='word_1_828' title='bbox 1536 4905 1677 4960; x_wconf 84' lang='lat' dir='ltr'><strong>asserenti.</strong></span> <span class='ocrx_word' id='word_1_829' title='bbox 1714 4905 1754 4961; x_wconf 88' lang='lat' dir='ltr'><strong>At</strong></span> <span class='ocrx_word' id='word_1_830' title='bbox 1771 4905 1836 4964; x_wconf 85' lang='lat' dir='ltr'><strong>licat</strong></span> <span class='ocrx_word' id='word_1_831' title='bbox 1853 4907 1921 4962; x_wconf 87' lang='lat' dir='ltr'><strong>nihil</strong></span> 
     </span>
     <span class='ocr_line' id='line_1_54' title="bbox 228 4990 1921 5067; baseline 0.001 -20"><span class='ocrx_word' id='word_1_832' title='bbox 228 4992 275 5047; x_wconf 84' lang='lat' dir='ltr'><strong>fini</strong></span> <span class='ocrx_word' id='word_1_833' title='bbox 296 4991 436 5063; x_wconf 87' lang='lat' dir='ltr'><strong>proposito</strong></span> <span class='ocrx_word' id='word_1_834' title='bbox 454 4991 599 5045; x_wconf 88' lang='lat' dir='ltr'><strong>contraria.</strong></span> <span class='ocrx_word' id='word_1_835' title='bbox 634 4990 739 5061; x_wconf 84' lang='lat' dir='ltr'><strong>Spretis</strong></span> <span class='ocrx_word' id='word_1_836' title='bbox 758 5009 823 5064; x_wconf 86' lang='lat' dir='ltr'><strong>ergo</strong></span> <span class='ocrx_word' id='word_1_837' title='bbox 841 4994 910 5048; x_wconf 86' lang='lat' dir='ltr'><strong>actis</strong></span> <span class='ocrx_word' id='word_1_838' title='bbox 928 4998 1061 5067; x_wconf 88' lang='lat' dir='ltr'><strong>tanquam</strong></span> <span class='ocrx_word' id='word_1_839' title='bbox 1088 4993 1224 5067; x_wconf 87' lang='lat' dir='ltr'><strong>probarit,</strong></span> <span class='ocrx_word' id='word_1_840' title='bbox 1250 5009 1300 5048; x_wconf 91' lang='lat' dir='ltr'><strong>nec</strong></span> <span class='ocrx_word' id='word_1_841' title='bbox 1323 4992 1441 5063; x_wconf 87' lang='lat' dir='ltr'><strong>probare</strong></span> <span class='ocrx_word' id='word_1_842' title='bbox 1458 4992 1594 5063; x_wconf 89' lang='lat' dir='ltr'><strong>potuerit,</strong></span> <span class='ocrx_word' id='word_1_843' title='bbox 1618 4990 1705 5047; x_wconf 92' lang='lat' dir='ltr'><strong>nihilo</strong></span> <span class='ocrx_word' id='word_1_844' title='bbox 1723 4999 1816 5049; x_wconf 88' lang='lat' dir='ltr'><strong>tamsn</strong></span> <span class='ocrx_word' id='word_1_845' title='bbox 1829 4995 1921 5049; x_wconf 85' lang='lat' dir='ltr'><strong>minus</strong></span> 
     </span>
     <span class='ocr_line' id='line_1_55' title="bbox 114 5071 1919 5155; baseline 0.002 -20"><span class='ocrx_word' id='word_1_846' title='bbox 114 5131 116 5135; x_wconf 89' lang='lat'><strong>.</strong></span> <span class='ocrx_word' id='word_1_847' title='bbox 228 5079 324 5134; x_wconf 87' lang='lat' dir='ltr'><strong>madiis</strong></span> <span class='ocrx_word' id='word_1_848' title='bbox 347 5094 398 5150; x_wconf 87' lang='lat' dir='ltr'><strong>pro</strong></span> <span class='ocrx_word' id='word_1_849' title='bbox 423 5078 554 5145; x_wconf 84' lang='lat' dir='ltr'><strong>veritate,</strong></span> <span class='ocrx_word' id='word_1_850' title='bbox 584 5094 702 5148; x_wconf 88' lang='lat' dir='ltr'><strong>quamJ</strong></span> <span class='ocrx_word' id='word_1_851' title='bbox 695 5078 775 5133; x_wconf 85' lang='lat' dir='ltr'><strong>&#39;udex</strong></span> <span class='ocrx_word' id='word_1_852' title='bbox 802 5071 942 5152; x_wconf 70' lang='lat' dir='ltr'><strong>signitam</strong></span> <span class='ocrx_word' id='word_1_853' title='bbox 968 5082 1060 5147; x_wconf 88' lang='lat' dir='ltr'><strong>habet,</strong></span> <span class='ocrx_word' id='word_1_854' title='bbox 1087 5098 1135 5138; x_wconf 84' lang='lat' dir='ltr'><strong>rex</strong></span> <span class='ocrx_word' id='word_1_855' title='bbox 1159 5079 1293 5134; x_wconf 84' lang='lat' dir='ltr'><strong>infantem</strong></span> <span class='ocrx_word' id='word_1_856' title='bbox 1312 5078 1337 5134; x_wconf 90' lang='lat' dir='ltr'><strong>ei</strong></span> <span class='ocrx_word' id='word_1_857' title='bbox 1357 5078 1530 5150; x_wconf 80' lang='lat' dir='ltr'><strong>adjudicavit</strong></span> <span class='ocrx_word' id='word_1_858' title='bbox 1548 5078 1706 5150; x_wconf 81' lang='lat' dir='ltr'><strong>excogitato</strong></span> <span class='ocrx_word' id='word_1_859' title='bbox 1722 5078 1846 5152; x_wconf 88' lang='lat' dir='ltr'><strong>consilio,</strong></span> <span class='ocrx_word' id='word_1_860' title='bbox 1864 5100 1919 5155; x_wconf 93' lang='lat' dir='ltr'><strong>quo</strong></span> 
     </span>
     <span class='ocr_line' id='line_1_56' title="bbox 228 5163 1921 5242; baseline 0.003 -22"><span class='ocrx_word' id='word_1_861' title='bbox 228 5166 427 5237; x_wconf 88' lang='lat' dir='ltr'><strong>pronuntiare</strong></span> <span class='ocrx_word' id='word_1_862' title='bbox 432 5164 524 5219; x_wconf 89' lang='lat' dir='ltr'><strong>debet.</strong></span> <span class='ocrx_word' id='word_1_863' title='bbox 567 5169 591 5217; x_wconf 85' lang='lat'><strong>2.</strong></span> <span class='ocrx_word' id='word_1_864' title='bbox 621 5163 742 5218; x_wconf 87' lang='lat' dir='ltr'><strong>Inducta</strong></span> <span class='ocrx_word' id='word_1_865' title='bbox 769 5165 805 5219; x_wconf 89' lang='lat' dir='ltr'><strong>ad</strong></span> <span class='ocrx_word' id='word_1_866' title='bbox 828 5183 914 5221; x_wconf 90' lang='lat' dir='ltr'><strong>unum</strong></span> <span class='ocrx_word' id='word_1_867' title='bbox 941 5168 1061 5240; x_wconf 82' lang='lat' dir='ltr'><strong>aliquem</strong></span> <span class='ocrx_word' id='word_1_868' title='bbox 1088 5168 1232 5224; x_wconf 74' lang='lat' dir='ltr'><strong>venustem</strong></span> <span class='ocrx_word' id='word_1_869' title='bbox 1251 5166 1470 5239; x_wconf 87' lang='lat' dir='ltr'><strong>deprehenderet</strong></span> <span class='ocrx_word' id='word_1_870' title='bbox 1485 5173 1514 5222; x_wconf 91' lang='lat' dir='ltr'><strong>et</strong></span> <span class='ocrx_word' id='word_1_871' title='bbox 1526 5166 1600 5238; x_wconf 90' lang='lat' dir='ltr'><strong>quod</strong></span> <span class='ocrx_word' id='word_1_872' title='bbox 1618 5165 1714 5223; x_wconf 88' lang='lat' dir='ltr'><strong>deerat</strong></span> <span class='ocrx_word' id='word_1_873' title='bbox 1731 5167 1838 5240; x_wconf 88' lang='lat' dir='ltr'><strong>autrici,</strong></span> <span class='ocrx_word' id='word_1_874' title='bbox 1857 5187 1921 5242; x_wconf 90' lang='lat' dir='ltr'><strong>sup</strong></span> 
     </span>
     <span class='ocr_line' id='line_1_57' title="bbox 122 5251 1921 5356; baseline 0.002 -48"><span class='ocrx_word' id='word_1_875' title='bbox 122 5322 125 5329; x_wconf 24' lang='grc' dir='ltr'>Ι</span> <span class='ocrx_word' id='word_1_876' title='bbox 228 5253 358 5308; x_wconf 81' lang='lat' dir='ltr'><strong>effectum</strong></span> <span class='ocrx_word' id='word_1_877' title='bbox 371 5269 425 5306; x_wconf 91' lang='lat' dir='ltr'><strong>non</strong></span> <span class='ocrx_word' id='word_1_878' title='bbox 438 5251 541 5305; x_wconf 89' lang='lat' dir='ltr'><strong>debent</strong></span> <span class='ocrx_word' id='word_1_879' title='bbox 529 5254 661 5321; x_wconf 76' lang='lat' dir='ltr'><strong>operari</strong></span> <span class='ocrx_word' id='word_1_880' title='bbox 671 5253 847 5307; x_wconf 76' lang='lat' dir='ltr'><strong>contrarium</strong></span> <span class='ocrx_word' id='word_1_881' title='bbox 874 5253 955 5318; x_wconf 85' lang='lat' dir='ltr'><strong>Quod</strong></span> <span class='ocrx_word' id='word_1_882' title='bbox 967 5254 1062 5312; x_wconf 86' lang='lat' dir='ltr'><strong>farore</strong></span> <span class='ocrx_word' id='word_1_883' title='bbox 1088 5257 1188 5353; x_wconf 80' lang='lat' dir='ltr'><strong>ploret,</strong></span> <span class='ocrx_word' id='word_1_884' title='bbox 1214 5254 1408 5356; x_wconf 72' lang='lat' dir='ltr'><strong>multomagis</strong></span> <span class='ocrx_word' id='word_1_885' title='bbox 1431 5255 1472 5311; x_wconf 87' lang='grc' dir='ltr'><strong>ιιι</strong></span> <span class='ocrx_word' id='word_1_886' title='bbox 1485 5254 1663 5326; x_wconf 87' lang='lat' dir='ltr'><strong>judicaturus</strong></span> <span class='ocrx_word' id='word_1_887' title='bbox 1690 5255 1724 5311; x_wconf 91' lang='lat' dir='ltr'><strong>de</strong></span> <span class='ocrx_word' id='word_1_888' title='bbox 1749 5257 1866 5314; x_wconf 83' lang='lat' dir='ltr'><strong>veritate</strong></span> <span class='ocrx_word' id='word_1_889' title='bbox 1887 5275 1921 5314; x_wconf 87' lang='lat' dir='ltr'><strong>ex</strong></span> 
     </span>
     <span class='ocr_line' id='line_1_58' title="bbox 231 5338 1704 5414; baseline 0 -18"><span class='ocrx_word' id='word_1_890' title='bbox 231 5340 260 5396; x_wconf 87' lang='lat' dir='ltr'><strong>C.</strong></span> <span class='ocrx_word' id='word_1_891' title='bbox 280 5341 315 5395; x_wconf 88' lang='lat' dir='ltr'><strong>de</strong></span> <span class='ocrx_word' id='word_1_892' title='bbox 336 5338 419 5412; x_wconf 82' lang='lat' dir='ltr'><strong>legib.</strong></span> <span class='ocrx_word' id='word_1_893' title='bbox 440 5343 564 5394; x_wconf 88' lang='lat' dir='ltr'><strong>actorum</strong></span> <span class='ocrx_word' id='word_1_894' title='bbox 583 5338 740 5394; x_wconf 84' lang='lat' dir='ltr'><strong>observatio</strong></span> <span class='ocrx_word' id='word_1_895' title='bbox 763 5339 877 5395; x_wconf 89' lang='lat' dir='ltr'><strong>inducta</strong></span> <span class='ocrx_word' id='word_1_896' title='bbox 896 5347 952 5412; x_wconf 90' lang='lat' dir='ltr'><strong>est,</strong></span> <span class='ocrx_word' id='word_1_897' title='bbox 975 5349 1008 5397; x_wconf 90' lang='lat' dir='ltr'><strong>ut</strong></span> <span class='ocrx_word' id='word_1_898' title='bbox 1026 5343 1062 5399; x_wconf 91' lang='lat' dir='ltr'><strong>dc</strong></span> <span class='ocrx_word' id='word_1_899' title='bbox 1088 5341 1202 5414; x_wconf 88' lang='lat' dir='ltr'><strong>propria</strong></span> <span class='ocrx_word' id='word_1_900' title='bbox 1220 5340 1346 5413; x_wconf 86' lang='lat' dir='ltr'><strong>scicntia,</strong></span> <span class='ocrx_word' id='word_1_901' title='bbox 1364 5341 1388 5397; x_wconf 89' lang='lat' dir='ltr'><strong>si</strong></span> <span class='ocrx_word' id='word_1_902' title='bbox 1406 5341 1509 5399; x_wconf 87' lang='lat' dir='ltr'><strong>certius</strong></span> <span class='ocrx_word' id='word_1_903' title='bbox 1528 5341 1704 5399; x_wconf 87' lang='lat' dir='ltr'><strong>constitisset.</strong></span> 
     </span>
    </p>
   </div>
   <div class='ocr_carea' id='block_1_3' title="bbox 140 5383 1924 5678">
    <p class='ocr_par' dir='ltr' id='par_1_3' title="bbox 140 5383 1922 5678">
     <span class='ocr_line' id='line_1_59' title="bbox 140 5383 1921 5504; baseline 0.005 -25"><span class='ocrx_word' id='word_1_904' title='bbox 140 5430 143 5435; x_wconf 84' lang='lat'>&#39;</span> <span class='ocrx_word' id='word_1_905' title='bbox 171 5480 174 5487; x_wconf 73' lang='grc'>,</span> <span class='ocrx_word' id='word_1_906' title='bbox 230 5428 343 5482; x_wconf 81' lang='lat' dir='ltr'><strong>veritate</strong></span> <span class='ocrx_word' id='word_1_907' title='bbox 363 5425 506 5481; x_wconf 82' lang='lat' dir='ltr'><strong>constet}</strong></span> <span class='ocrx_word' id='word_1_908' title='bbox 527 5432 550 5481; x_wconf 86' lang='lat'><strong>³</strong></span> <span class='ocrx_word' id='word_1_909' title='bbox 568 5425 704 5482; x_wconf 85' lang='lat' dir='ltr'><strong>fftestib.</strong></span> <span class='ocrx_word' id='word_1_910' title='bbox 723 5426 868 5484; x_wconf 72' lang='lat' dir='ltr'><strong>lludices</strong></span> <span class='ocrx_word' id='word_1_911' title='bbox 888 5383 1006 5486; x_wconf 39' lang='lat' dir='ltr'><strong>couimC</strong></span> <span class='ocrx_word' id='word_1_912' title='bbox 1027 5430 1062 5487; x_wconf 87' lang='lat' dir='ltr'><strong>de</strong></span> <span class='ocrx_word' id='word_1_913' title='bbox 1123 5435 1180 5487; x_wconf 79' lang='lat'><strong>292.</strong></span> <span class='ocrx_word' id='word_1_914' title='bbox 1223 5430 1342 5498; x_wconf 85' lang='lat' dir='ltr'><strong>Quidam</strong></span> <span class='ocrx_word' id='word_1_915' title='bbox 1369 5430 1529 5502; x_wconf 88' lang='lat' dir='ltr'><strong>posterioris</strong></span> <span class='ocrx_word' id='word_1_916' title='bbox 1551 5429 1636 5501; x_wconf 79' lang='lat' dir='ltr'><strong>huJus</strong></span> <span class='ocrx_word' id='word_1_917' title='bbox 1663 5431 1815 5488; x_wconf 88' lang='lat' dir='ltr'><strong>sententias</strong></span> <span class='ocrx_word' id='word_1_918' title='bbox 1839 5445 1921 5504; x_wconf 82' lang='lat' dir='ltr'><strong>argu·</strong></span> 
     </span>
     <span class='ocr_line' id='line_1_60' title="bbox 155 5513 1922 5589; baseline 0.002 -21"><span class='ocrx_word' id='word_1_919' title='bbox 155 5538 160 5550; x_wconf 92' lang='lat'><strong>·</strong></span> <span class='ocrx_word' id='word_1_920' title='bbox 224 5514 312 5586; x_wconf 89' lang='lat' dir='ltr'><strong>judic.</strong></span> <span class='ocrx_word' id='word_1_921' title='bbox 347 5513 423 5585; x_wconf 79' lang='lat' dir='ltr'><strong>Ergo</strong></span> <span class='ocrx_word' id='word_1_922' title='bbox 441 5529 498 5569; x_wconf 88' lang='lat' dir='ltr'><strong>nou</strong></span> <span class='ocrx_word' id='word_1_923' title='bbox 517 5513 601 5569; x_wconf 85' lang='lat' dir='ltr'><strong>debet</strong></span> <span class='ocrx_word' id='word_1_924' title='bbox 618 5513 729 5570; x_wconf 81' lang='lat' dir='ltr'><strong>veritati</strong></span> <span class='ocrx_word' id='word_1_925' title='bbox 745 5515 858 5586; x_wconf 87' lang='lat' dir='ltr'><strong>opponi.</strong></span> <span class='ocrx_word' id='word_1_926' title='bbox 894 5517 935 5571; x_wconf 89' lang='lat' dir='ltr'><strong>At</strong></span> <span class='ocrx_word' id='word_1_927' title='bbox 955 5518 979 5574; x_wconf 88' lang='lat' dir='ltr'><strong>al</strong></span> <span class='ocrx_word' id='word_1_928' title='bbox 998 5534 1061 5577; x_wconf 86' lang='lat' dir='ltr'><strong>eon</strong></span> <span class='ocrx_word' id='word_1_929' title='bbox 1087 5518 1187 5574; x_wconf 87' lang='lat' dir='ltr'><strong>mentis</strong></span> <span class='ocrx_word' id='word_1_930' title='bbox 1204 5517 1325 5575; x_wconf 79' lang='lat' dir='ltr'><strong>convicti</strong></span> <span class='ocrx_word' id='word_1_931' title='bbox 1342 5523 1476 5588; x_wconf 78' lang='lat' dir='ltr'><strong>statuum,</strong></span> <span class='ocrx_word' id='word_1_932' title='bbox 1489 5517 1619 5589; x_wconf 73' lang='lat' dir='ltr'><strong>judicem</strong></span> <span class='ocrx_word' id='word_1_933' title='bbox 1635 5535 1692 5573; x_wconf 78' lang='lat' dir='ltr'><strong>acu</strong></span> <span class='ocrx_word' id='word_1_934' title='bbox 1703 5519 1805 5573; x_wconf 79' lang='lat' dir='ltr'><strong>detera</strong></span> <span class='ocrx_word' id='word_1_935' title='bbox 1821 5526 1922 5576; x_wconf 70' lang='lat' dir='ltr'><strong>coaeum</strong></span> 
     </span>
     <span class='ocr_line' id='line_1_61' title="bbox 227 5590 1924 5678; baseline 0.001 -21"><span class='ocrx_word' id='word_1_936' title='bbox 227 5600 475 5657; x_wconf 74' lang='lat' dir='ltr'><strong>uacuumisntiam</strong></span> <span class='ocrx_word' id='word_1_937' title='bbox 481 5600 1061 5676; x_wconf 65' lang='lat' dir='ltr'><strong>admitterentmautaopprimereturreri·</strong></span> <span class='ocrx_word' id='word_1_938' title='bbox 1080 5590 1285 5663; x_wconf 76' lang='grc' dir='ltr'>ιιιιιιιιιιιιιιι</span> <span class='ocrx_word' id='word_1_939' title='bbox 1296 5606 1448 5678; x_wconf 58' lang='lat' dir='ltr'><strong>fumum,</strong></span> <span class='ocrx_word' id='word_1_940' title='bbox 1465 5606 1518 5660; x_wconf 78' lang='lat' dir='ltr'><strong>sed</strong></span> <span class='ocrx_word' id='word_1_941' title='bbox 1530 5605 1630 5676; x_wconf 73' lang='lat' dir='ltr'><strong>putu</strong></span> <span class='ocrx_word' id='word_1_942' title='bbox 1645 5604 1771 5676; x_wconf 70' lang='lat' dir='ltr'><strong>officium</strong></span> <span class='ocrx_word' id='word_1_943' title='bbox 1781 5605 1924 5677; x_wconf 76' lang='lat' dir='ltr'><strong>judicas</strong></span> 
     </span>
    </p>
   </div>
   <div class='ocr_carea' id='block_1_4' title="bbox 0 0 2016 6004">
    <p class='ocr_par' dir='ltr' id='par_1_4' title="bbox 0 0 2016 6004">
     <span class='ocr_line' id='line_1_62' title="bbox 0 0 2016 6004; baseline 0 0"><span class='ocrx_word' id='word_1_944' title='bbox 0 0 2016 6004; x_wconf 95' lang='lat' dir='ltr'><strong> </strong></span> 
     </span>
    </p>
   </div>
  </div>
 </body>
</html>
