4020 6014
129 380 131 384 1
208 335 268 393 272
783 323 905 382 Locus
922 321 1127 383 monemus
1146 322 1326 388 QUARTUS

206 482 337 552 publicos
350 481 503 551 crastinest,·
521 483 620 547 cordo,
638 480 819 550 praepetum
836 497 892 533 ooo
903 479 1038 548 videmus,
1070 476 1152 534 Lxx
1187 479 1299 547 interpr.
1337 483 1382 535 sal
1420 477 1510 548 στήσω
1548 477 1629 537 airis
1663 475 1795 551 ἄρχοντα.
1843 497 1903 562 qna

207 577 271 623 atat
297 569 462 633 familiares
491 569 594 637 intimi,
623 568 673 640 qus*
697 567 728 621 fo
755 584 864 622 arcano
893 565 1040 621 consilium
1069 571 1112 620 est
1129 565 1239 636 clarus,
1258 566 1306 638 qui
1324 565 1450 639 infigitur
1467 568 1512 624 vel
1530 572 1635 636 terrae,
1653 571 1686 621 ut
1704 565 1741 620 ad
1759 581 1824 620 eum
1841 547 1904 619 alli?

209 651 280 709 dont
302 664 421 724 sesoto5
454 655 573 725 mique
595 655 716 719 collam,
746 671 800 724 piso
830 670 932 723 eorpus
953 649 1044 721 capiti
1068 659 1168 724 gantur
1186 651 1267 709 funes
1287 654 1413 722 tentorii,
1441 653 1486 710 vel
1503 652 1616 724 parieti,
1640 658 1672 706 ut
1691 669 1724 707 ex
1742 666 1775 706 eo
1795 650 1905 722 aliquid

208 743 345 810 cohaeret,
362 750 403 796 est
421 759 501 796 umor
520 742 596 813 repis
614 749 640 796 et
657 741 746 812 repsi,
765 757 799 819 ιιι
816 739 914 810 quibua
932 745 1042 793 tonost
1068 739 1260 809 suspendatur.
1296 738 1479 811 Comparatur
1498 747 1590 794 antem
1617 739 1795 810 magistratus
1824 738 1907 792 clavo

211 830 316 884 civitas.
1070 825 1168 895 parieti
1189 825 1272 881 infixo
1294 834 1315 883 1.
1328 832 1442 896 propter
1452 826 1648 892 stabilitatem
1664 832 1697 880 nt
1716 826 1789 881 enim
1807 824 1906 878 clavus

246 921 284 971 14.
322 922 345 970 5.
365 913 437 968 Huic
455 920 575 986 cognata
592 912 806 985 appellatioest,
826 926 882 982 qua
900 908 1043 981 magistra·
1071 912 1169 981 parieti
1186 910 1285 967 infixus
1302 912 1409 968 fortiter
1427 913 1537 980 haeret,
1565 912 1605 967 sic
1625 911 1703 967 Deus
1722 910 1906 982 magistratus

211 1006 256 1055 tus
274 1004 390 1055 vocatur
407 992 504 1076 Ἱῖηῑξ,
523 1007 616 1055 vertes
632 999 740 1070 capitis.
779 996 863 1053 Dent.
882 1000 930 1065 33,
948 1010 974 1051 v.
996 999 1045 1050 2οε
1071 999 1263 1055 auctoritatam
1281 1015 1313 1053 ac
1333 1016 1420 1069 regna
1438 999 1560 1068 stabilit,
1590 997 1652 1053 ideo
1670 997 1799 1060 additur,
1829 995 1906 1067 quod

211 1088 314 1158 Ropiet
326 1087 469 1140 traebiam
484 1081 713 1146 etiamoerts'cem,
731 1081 940 1152 LXXinterpr.
959 1084 1045 1135 meta·
1071 1083 1222 1138 sicelatus
1242 1083 1313 1139 fixus
1334 1085 1370 1140 sit
1387 1086 1417 1139 ia
1436 1085 1499 1138 loco
1518 1085 1616 1138 stabili
1620 1105 1632 1153 ,·
1649 1090 1673 1139 2.
1693 1089 1808 1155 propter
1826 1081 1906 1135 utiti-

215 1173 328 1244 phoram
362 1173 531 1243 explicantes
558 1177 701 1226 verterunt
727 1167 857 1243 ἄρχοντα,
878 1167 1047 1237 principem.
1071 1178 1155 1224 tatem
1160 1191 1172 1237 ,·
1200 1170 1433 1242 quemadmodum
1457 1170 1530 1226 enim
1552 1171 1648 1225 clavus
1672 1170 1774 1241 parieti
1802 1167 1906 1222 infixus

211 1259 274 1314 Esa.
285 1265 310 1328 3,
317 1276 342 1311 v.
356 1265 399 1317 17:
410 1260 451 1312 Et
461 1259 617 1312 decalcavit
629 1258 769 1312 Dominus
780 1256 910 1309 uerticem
917 1254 1044 1319 filioram
1071 1257 1252 1328 multiplicem
1271 1275 1353 1312 usum
1370 1263 1504 1328 praestat,
1521 1257 1561 1312 sic
1576 1258 1754 1328 magistratus
1774 1254 1907 1310 salutaris

213 1347 297 1412 Sion,
321 1344 404 1399 LXX
423 1345 537 1415 interpr.
564 1343 746 1399 reddiderunt
768 1339 926 1396 ταπεινώσει
947 1338 962 1394 ὁ
981 1338 1046 1399 θεὸς
1071 1350 1114 1398 est
1130 1344 1262 1413 subditis,
1281 1350 1305 1400 3,
1323 1350 1436 1415 propter
1454 1345 1584 1399 laborum
1602 1345 1789 1415 pravitatem
1808 1358 1906 1413 quem·

212 1431 351 1504 ἀρχούσας
384 1436 539 1503 θυγατέρας
569 1429 652 1486 Σιών.
703 1428 885 1500 comparatur
926 1443 1045 1497 namque
1072 1431 1221 1485 admodum
1250 1431 1324 1485 enim
1354 1430 1449 1485 clarus
1475 1431 1562 1486 cuivis
1590 1430 1699 1503 cogitur
1723 1445 1783 1484 esse
1806 1427 1907 1482 obrius

211 1521 391 1593 magistratus
409 1517 508 1573 vertici
527 1517 622 1573 itidem
641 1524 755 1588 propter
773 1515 986 1582 sublimitatem
1014 1518 1046 1567 ut
1071 1533 1104 1572 ac
1131 1522 1268 1588 promtus,
1297 1533 1315 1573 a
1341 1533 1396 1589 quo
1425 1516 1632 1588 suspendantur
1659 1515 1773 1588 quaeris
1800 1514 1907 1585 ponde·

215 1608 288 1661 enim
306 1611 391 1676 caput
408 1602 521 1675 reliquis
539 1601 670 1659 membris
704 1601 862 1671 sublimius,
890 1599 929 1655 sic
952 1605 1046 1656 vertex
1071 1603 1188 1672 rosiers,
1216 1604 1255 1658 sic
1283 1603 1461 1674 magistratus
1490 1603 1609 1674 plurima
1637 1602 1750 1674 negotia
1780 1601 1908 1667 sustinet,

213 1694 301 1764 ipsius
321 1692 419 1762 capitis
439 1690 582 1745 sublimior
601 1706 666 1760 pars
684 1694 734 1745 est.
1072 1690 1192 1763 quilibet
1212 1689 1340 1746 subditus
1361 1690 1398 1744 ad
1418 1706 1480 1744 eum
1500 1695 1638 1760 properat,
1657 1696 1688 1743 ut
1700 1705 1813 1743 suarum
1833 1685 1906 1740 diiii·
1921 1699 1961 1741 sn

82 1802 198 1854 amna,
249 1785 289 1836 15.
312 1785 337 1834 8.
348 1780 420 1854 γᾎιξ
431 1778 507 1845 2132,
520 1777 614 1847 clypei
621 1778 678 1830 sive
687 1785 766 1831 scuta
780 1785 882 1843 terroe,
892 1772 993 1830 Psalm.
1003 1779 1045 1842 47,
1073 1777 1207 1832 cultatum
1226 1778 1350 1848 pondera
1370 1776 1446 1847 apud
1463 1776 1554 1847 ipsum
1573 1777 1707 1847 deponat,
1738 1775 1803 1829 inde
1829 1773 1907 1845 apud

211 1865 463 1935 v.tO:Opts'motes
467 1863 640 1934 populorum
651 1859 1049 1935 upprcpats'aaatpopultht'
1073 1862 1183 1918 Esaiam
1201 1862 1313 1918 additur
1329 1882 1355 1918 v.
1376 1869 1424 1919 tl:
1448 1864 1489 1916 Et
1511 1865 1697 1933 mcpendetur
1714 1879 1799 1932 super
1824 1861 1908 1915 diam

210 1948 506 2020 Abrohom,quorss'om
519 1950 598 2002 Deua
609 1950 779 2004 vehementer
793 1947 1049 2016 devotasestupud
1073 1951 1163 2004 omncs
1182 1950 1278 2019 gloria
1297 1951 1395 2003 ἀοιιιιιε
1407 1951 1503 2020 patris
1516 1949 1569 2004 aui.
1597 1947 1678 2003 Zacb.
1701 1954 1741 2017 10,
1759 1963 1785 2004 ι.
1803 1955 1835 2003 43
1861 1948 1909 2000 Es

211 2046 291 2091 scota
309 2045 418 2101 terroe,
445 2034 528 2090 LXX
546 2034 658 2105 interpr.
677 2035 859 2091 reddiderunt
874 2037 903 2090 οἱ
921 2037 1047 2107 spernent
1074 2035 1135 2105 ipsso
1149 2036 1265 2104 oapehsa
1285 2035 1354 2108 2733,
1376 2035 1622 2107 exipsopccillas
1647 2036 1715 2107 Ἱῃζ,
1738 2034 1845 2102 seipso
1859 2050 1907 2086 or·

213 2126 260 2191 ιῆς
280 2126 337 2194 γῆς.
355 2122 440 2179 Hose.
454 2129 478 2191 4,
491 2141 517 2178 v.
534 2127 579 2178 le:
593 2123 745 2192 Dicentur,
759 2124 857 2193 offerte
868 2122 1048 2193 ignomisiam
1074 2140 1122 2176 cesa
1140 2122 1215 2178 belli.
1243 2121 1362 2187 Quidam
1381 2122 1504 2177 refeer
1521 2122 1557 2176 ad
1575 2122 1754 2192 magistratus
1774 2118 1828 2173 hoc
1846 2135 1908 2173 seu·

215 2210 324 2285 witta,
345 2207 1047 2279 clypeiejus,principsass'vedoceaejus,Hierony·
1074 2227 1122 2278 su,
1145 2226 1177 2263 ee
1201 2209 1262 2279 ipso
1281 2211 1334 2263 erit
1351 2209 1489 2277 aepulas,
1507 2207 1561 2263 hoc
1583 2215 1626 2264 est
1647 2206 1788 2262 fortissimi
1813 2206 1908 2273 duces,

211 2314 273 2351 mus
297 2303 467 2366 protectores
486 2295 554 2362 eires,
574 2293 657 2348 LXX
675 2294 789 2365 interpr.
817 2296 846 2348 lx
883 2295 1048 2369 φράγματος
1075 2295 1123 2367 qui
1142 2295 1276 2365 impetum
1294 2295 1415 2350 hostium
1437 2295 1572 2351 sustinere
1590 2293 1711 2366 possint,
1730 2293 1908 2365 quemadmo-

213 2384 308 2450 αὐτῆς,
342 2381 470 2453 legerunt
506 2381 606 2455 2¹1³}le
638 2380 795 2435 substitutis
832 2380 894 2435 aliis
929 2379 1047 2452 punctis.
1074 2381 1141 2435 dum
1158 2380 1254 2452 anguli
1271 2382 1382 2436 sedium
1400 2398 1509 2436 omnem
1534 2387 1677 2436 externum
1700 2381 1834 2450 impetum
1852 2378 1908 2449 pri·

217 2467 316 2541 clypei
330 2465 591 2522 etscntadiountnr
605 2465 674 2520 alias
686 2450 807 2540 motti,
831 2467 889 2522 der.
901 2471 943 2533 51,
963 2457 989 2535 r,
1007 2470 1045 2521 11.
1074 2484 1149 2520 mum
1168 2467 1291 2522 omniurn
1316 2467 1453 2522 sustinent
1487 2472 1516 2522 et
1532 2467 1569 2522 ab
1590 2467 1706 2522 aedibus
1724 2473 1826 2522 arcent
1862 2466 1909 2519 Es

118 2601 121 2607 .
213 2560 242 2609 et
263 2554 292 2607 in
312 2552 448 2624 regimine
474 2537 559 2628 'ltili
581 2553 661 2609 Cant.
686 2559 717 2616 4,
745 2571 772 2608 v.
791 2558 815 2608 4.
836 2567 908 2622 quae
928 2567 981 2605 vox
1001 2549 1047 2605 de
1073 2554 1126 2608 illo
1149 2553 1293 2623 pusillus,
1323 2554 1377 2608 hoc
1405 2561 1448 2610 cst
1476 2552 1555 2608 fortis
1589 2570 1622 2608 ac
1649 2552 1739 2608 tidelis
1763 2551 1909 2625 magistra·

213 2638 322 2695 scandit
340 2638 377 2692 ab
395 2638 490 2694 eadem
512 2639 619 2710 radice,
646 2655 739 2710 aqua
757 2622 891 2701 Quadi,
913 2635 988 2709 quod
1011 2636 1045 2690 si·
1074 2646 1132 2709 tus,
1160 2639 1208 2712 qui
1232 2639 1403 2710 reipublicae
1421 2655 1506 2695 onera
1522 2645 1634 2710 portare
1651 2639 1753 2711 possit,
1778 2637 1909 2709 quemad·

213 2725 329 2798 gnificat
345 2723 484 2795 principes
502 2738 535 2778 ac
554 2725 692 2795 dominos,
718 2730 750 2779 ut
776 2724 829 2781 hac
854 2724 961 2779 ratione
985 2723 1047 2794 ipsa
1074 2727 1187 2781 modum
1205 2725 1324 2798 paxillus
1343 2725 1464 2782 ferendis
1483 2725 1614 2781 oneribus
1631 2725 1730 2797 parieti
1744 2732 1787 2781 est
1798 2724 1908 2781 infixus.

86 2831 201 2874 gend..
213 2811 398 2884 appellatione
412 2809 495 2865 officii
514 2810 557 2867 aui
574 2818 746 2867 moneantur.
788 2817 811 2867 1.
830 2810 905 2865 Huic
924 2809 1047 2882 appella·
1075 2814 1200 2883 Enipeo
1220 2813 1436 2883 oraoproelir',
1454 2810 1563 2867 hocest
1581 2813 1667 2869 fortes
1685 2811 1841 2879 bellatores,
1860 2810 1909 2882 qui

86 2889 168 2978 {¹2ssssss
213 2899 282 2954 tioni
300 2902 420 2969 cognata
436 2902 501 2951 sunt
518 2895 678 2968 Scripturas
697 2897 773 2952 dicta
792 2897 895 2953 Psalna
915 2901 956 2965 82,
974 2912 1000 2951 v.
1020 2902 1046 2951 5.
1075 2901 1205 2972 potestati
1223 2898 1345 2955 hostium
1362 2900 1470 2971 possint
1489 2915 1641 2955 occurrere.
1677 2897 1910 2970 Targumretulit

213 2986 277 3042 Esa.
295 2991 344 3052 40,
373 3001 400 3037 v.
420 2988 462 3038 21.
482 2982 565 3038 Mich.
584 2990 614 3052 6,
642 3001 668 3039 r.
691 2990 716 3041 2.
742 2984 770 3038 in
789 2983 890 3056 quibus
908 2983 1048 3055 principes
1074 2987 1112 3041 ad
1129 2985 1283 3054 Christum,
1310 2988 1383 3042 unde
1408 2985 1461 3042 hoc
1478 2986 1560 3041 modo
1578 2985 1713 3049 reddidit,
1738 3002 1772 3038 ea
1788 2986 1840 3040 s'llo
1859 3002 1909 3040 res

213 3077 348 3127 vocantur
372 3068 446 3143 ppei,
468 3059 562 3144 Ἶῧῇΰ
584 3071 773 3133 fondamento
797 3078 898 3122 tettae·
934 3067 1043 3147 Vocan-
1075 3075 1146 3144 ejus,
1166 3091 1199 3128 eo
1217 3074 1270 3128 cllo
1284 3074 1411 3128 Messius
1425 3074 1495 3142 ejas,
1518 3073 1583 3144 quia
1603 3073 1632 3127 in
1646 3070 1753 3127 Christo
1772 3070 1908 3126 habemus

100 3156 103 3163 ’
214 3165 260 3213 tur
284 3162 378 3213 autem
395 3155 574 3226 magistratus
601 3161 681 3210 scuta
706 3163 734 3211 et
756 3154 937 3211 fundamenta
959 3162 1049 3219 terrae
1074 3160 1168 3215 omnia
1195 3160 1232 3215 ad
1258 3160 1430 3231 spiritualem
1460 3159 1605 3214 victoriam
1631 3158 1788 3213 necessaria
1814 3165 1843 3213 et
1870 3158 1907 3213 ab

214 3251 327 3316 propter
355 3242 548 3305 defensionem
582 3257 615 3295 ³0
653 3241 866 3312 protectionem,
898 3257 981 3312 quam
1021 3248 1049 3295 et
1074 3248 1136 3318 ipso
1161 3246 1277 3302 ecclesia
1301 3262 1381 3302 omne
1401 3245 1593 3301 fulcimentum
1619 3262 1701 3298 sunm
1725 3244 1842 3314 accipit,
1870 3244 1907 3298 ab

88 3341 106 3385 s.
128 3343 201 3383 rorte
214 3330 292 3402 pacis
311 3333 339 3385 et
356 3328 424 3384 belli
437 3333 562 3399 tempore
581 3325 700 3381 subditis
718 3331 870 3399 praestant.
883 3332 907 3383 8.
923 3316 1048 3404 0³7³de
1074 3333 1121 3388 illo
1147 3333 1230 3389 etiam
1255 3349 1335 3406 rege,
1362 3339 1392 3387 et
1408 3332 1548 3404 principe,
1575 3348 1652 3387 mm
1671 3330 1797 3386 obtinent
1816 3329 1908 3402 digni.

214 3425 325 3488 portae.
346 3414 433 3469 Ruth.
447 3420 471 3479 ³,
483 3431 509 3467 v.
525 3419 572 3469 tt:
593 3414 679 3468 Noos‘t
696 3421 755 3468 tota
762 3422 851 3484 porta
864 3414 970 3484 populi
985 3415 1048 3483 mei,
1075 3425 1167 3475 tatem

215 3503 269 3559 boc
299 3507 342 3558 est
368 3507 479 3558 senatus
505 3505 533 3554 et
553 3499 664 3570 jndices
687 3501 716 3555 in
745 3507 826 3572 porta
851 3500 887 3555 ad
909 3500 1047 3571 judicium
1112 3512 1152 3562 17,
1198 3510 1239 3560 10.
1271 3504 1335 3560 Non
1367 3503 1456 3558 solum
1486 3505 1515 3558 in
1555 3504 1628 3559 dicto
1667 3502 1715 3556 illo
1745 3499 1956 3573 propheticom

217 3589 392 3645 considentes
427 3587 564 3658 (quamvis
595 3602 650 3641 non
687 3587 859 3643 incommodo
895 3587 1049 3658 accipiatur
1076 3593 1158 3648 zach,
1180 3597 1220 3658 10,
1238 3608 1264 3649 v.
1282 3598 1306 3646 4.
1327 3590 1377 3646 ssd
1396 3591 1480 3646 etiam
1496 3590 1562 3648 Jud.
1576 3596 1618 3654 20,
1637 3607 1663 3644 v.
1681 3594 1707 3647 2.
1736 3589 1909 3658 1.Sam.1t,

216 3675 416 3744 συνεκδοχικῶς
434 3691 485 3745 pro
503 3678 563 3728 tota
579 3672 712 3740 civitate).
747 3672 850 3728 Psalm.
870 3680 911 3743 24,
932 3691 958 3728 v.
979 3680 1001 3728 7.
1021 3679 1049 3728 et
1076 3696 1103 3735 v.
1124 3683 1167 3734 39.
1192 3676 1256 3731 Esa
1278 3682 1322 3741 19,
1348 3681 1437 3734 r.'13.
1458 3677 1590 3748 primates
1607 3676 1635 3730 in
1655 3675 1758 3746 populo
1777 3674 1909 3729 dicuntur

216 3770 246 3819 9:
284 3762 403 3815 Eteocle
432 3767 532 3829 portos
564 3759 659 3828 cupito
690 3758 748 3814 sive
778 3760 921 3830 superiora
952 3759 1049 3815 limina
1076 3755 1152 3826 nien
1175 3762 1282 3832 capuli,
1301 3761 1351 3817 ubi
1369 3762 1494 3836 Targum
1515 3763 1597 3819 vertit
1618 3751 1698 3829 ”22⁸2
1714 3765 1814 3824 duces,
1833 3779 1911 3830 mog·

217 3855 348 3902 vostrast
361 3847 465 3900 elevate
478 3862 526 3900 nos
533 3845 740 3915 portoesecnle',
756 3854 782 3899 st
793 3847 920 3901 introibit
929 3863 979 3900 ree
991 3848 1050 3915 plo·
1076 3860 1163 3905 nota.
1198 3848 1239 3906 Ut
1263 3850 1337 3905 enim
1360 3850 1459 3922 anguli
1482 3849 1594 3905 aedium
1619 3865 1653 3903 ex
1675 3847 1826 3918 majoribus
1847 3864 1910 3903 eon·

217 3935 290 3990 rios.
310 3930 395 3986 LXX
409 3933 526 3999 interpr.
546 3929 628 4003 sipara
650 3928 738 3991 πύλας
762 3934 789 3985 ot
814 3931 945 4003 ἄρχοντες
964 3932 1051 4008 ὑμῶν.
1077 3942 1152 3991 stant
1169 3934 1326 4006 lapidibus,
1350 3934 1391 3990 sic
1415 3936 1595 4007 magistratus
1617 3933 1730 4004 reliquis
1753 3933 1912 3989 hominibus

214 4018 318 4075 Psalm.
348 4024 404 4085 148,
430 4034 456 4072 v.
477 4021 518 4072 14.
536 4014 680 4083 beneficia,
706 4034 778 4088 quae
799 4018 877 4073 Deus
896 4036 946 4090 per
965 4018 1051 4090 magi·
1077 4029 1142 4078 sunt
1160 4020 1369 4090 eminentiores3
1392 4025 1425 4074 ιιι
1449 4023 1596 4092 angulares
1621 4020 1730 4090 lapides
1753 4025 1912 4075 sustentant

217 4112 334 4160 stratum
356 4102 501 4175 politicum
522 4101 603 4158 nobis
623 4102 742 4170 confert,
772 4104 812 4160 sie
838 4104 1049 4160 describuntur:
1076 4106 1248 4171 aedificium,
1274 4107 1314 4161 sic
1331 4106 1531 4178 gubernatores
1551 4112 1717 4162 conservant
1743 4113 1772 4161 et
1790 4106 1912 4161 fulciunt

219 4192 276 4255 Qui
291 4191 435 4256 confortat
454 4207 533 4242 seras
550 4197 702 4260 portus-am
727 4199 848 4245 tuorum.
884 4192 1051 4263 Comparan·
1076 4195 1215 4266 politiam
1232 4198 1264 4248 ut
1275 4194 1423 4264 angulares
1441 4193 1548 4265 lapides
1561 4193 1699 4264 duplicem
1717 4191 1797 4264 quasi
1811 4191 1911 4247 faciem

216 4285 264 4334 tur
282 4282 376 4332 autem
394 4275 574 4345 magistratus
591 4275 686 4345 portis.
707 4282 729 4331 1.
749 4277 816 4348 quia
834 4278 900 4332 olim
916 4277 945 4332 in
963 4277 1227 4368 portis'continent,
1248 4280 1289 4335 sic
1306 4279 1506 4351 gubernatores
1525 4281 1581 4334 suis
1601 4278 1722 4334 consiliis
1743 4278 1778 4333 ad
1797 4277 1912 4353 qnaeris

218 4363 417 4420 exercebantur
430 4360 540 4431 judicia
556 4359 640 4416 Dent.
661 4367 709 4432 25,
735 4380 759 4419 v.
780 4370 804 4418 t.
824 4363 908 4419 Ruth.
928 4370 957 4431 4,
984 4382 1010 4418 v.
1031 4370 1050 4419 1.
1077 4368 1165 4422 latera
1182 4365 1342 4436 respiciunt,
1361 4365 1390 4418 in
1410 4381 1505 4420 corum
1519 4371 1669 4436 conspectu
1688 4370 1755 4421 sunt
1773 4362 1865 4420 omnh
1884 4370 1912 4419 et

218 4457 270 4506 etc.
313 4455 337 4505 2.
363 4454 476 4520 propter
493 4446 578 4506 robur
596 4454 625 4504 et
640 4447 845 4516 fortitudinem,
873 4451 939 4523 quia
956 4457 1052 4522 portae
1078 4453 1199 4509 vicissim
1212 4451 1333 4506 omnium
1346 4450 1701 4516 oculiineossnntdefixi.
1731 4451 1912 4520 ‘'Thrant,

219 4544 247 4592 at
265 4535 335 4591 muri
357 4541 421 4589 sunt
439 4534 638 4589 munimentum
657 4535 794 4606 civitatis,
813 4537 853 4591 sic
872 4537 1051 4610 magistratus
1078 4556 1103 4594 r.
1128 4546 1147 4594 1.
1169 4540 1253 4593 duces
1270 4554 1304 4592 ac
1321 4535 1452 4607 primates
1466 4538 1597 4593 dicuntur
1611 4528 1682 4612 1ύῖιῆ
1702 4539 1776 4614 ’ἕξις
1799 4537 1912 4609 lapidos

219 4627 262 4678 est
279 4621 480 4677 munimentum
497 4619 687 4691 subditorum
713 4628 737 4677 3.
757 4623 823 4694 quia
840 4641 891 4695 pcr
909 4631 1003 4694 portas
1023 4623 1053 4678 in
1078 4626 1237 4680 sanctitatis
1256 4624 1315 4679 sive
1331 4623 1428 4680 sancti.
1448 4623 1549 4681 Enoch.
1569 4631 1612 4690 28,
1630 4644 1655 4680 r.
1678 4631 1717 4680 14.
1734 4624 1913 4696 magistratus

219 4709 315 4764 urbem
349 4708 421 4775 itur,
448 4707 488 4761 sic
516 4706 657 4779 principes
683 4706 786 4763 debent
809 4708 915 4765 aditum
945 4708 1054 4767 Christo
1080 4717 1213 4768 vocantur
1227 4711 1382 4768 Cherubim.
1415 4717 1436 4766 1.
1451 4711 1689 4777 Quemadmodum
1699 4711 1729 4766 hi
1737 4712 1914 4784 ponebantur

221 4792 389 4864 patefacere,
406 4793 561 4847 doctrinam
581 4792 641 4863 ejus
653 4793 812 4865 recipiendo
825 4802 854 4852 et
873 4797 1056 4868 propagando
1080 4799 1108 4853 in
1127 4804 1255 4853 sanctum
1273 4802 1446 4868 sanctorum
1463 4799 1504 4854 sie
1521 4800 1700 4873 magistratus
1718 4806 1810 4867 curet,
1828 4803 1861 4853 nt
1877 4797 1915 4852 sit

219 4897 252 4934 ac
272 4879 445 4950 disciplinam
462 4885 605 4935 externam
624 4880 820 4938 conservando.
857 4880 938 4945 Quod
958 4890 1056 4953 portas
1080 4900 1162 4940 verae
1179 4882 1313 4940 ecelesiae
1328 4882 1498 4951 membrum,
1514 4902 1566 4941 nec
1586 4884 1681 4940 infima
1698 4885 1727 4939 in
1745 4901 1779 4940 ea
1796 4889 1916 4956 occupet

215 4965 351 5037 jubentia
366 4966 460 5021 levore
472 4968 584 5036 capito,
599 4964 711 5022 Flacius
722 4966 752 5021 in
768 4966 837 5022 clav.
856 4967 908 5023 col.
928 4973 987 5024 918.
1000 4968 1057 5024 exi·
1081 4968 1223 5037 subsellia,
1241 4968 1290 5024 sed
1307 4968 1411 5039 primas
1423 4987 1479 5025 non
1499 4971 1606 5026 radone
1620 4971 1737 5040 imperii,
1755 4969 1805 5026 sed
1823 4971 1915 5025 cultus

219 5054 315 5106 stimat
326 5052 614 5109 essecollusionemad
623 5058 785 5123 cataractas,
805 5069 875 5125 quae
884 5054 1057 5125 propendent
1081 5063 1110 5112 et
1135 5055 1247 5127 pietatis
1271 5054 1302 5108 in
1329 5071 1364 5110 ea
1389 5055 1522 5114 obtineat.
1567 5062 1592 5111 2.
1616 5054 1766 5112 Cherubim
1783 5057 1916 5128 pulchras

220 5154 254 5193 ex
265 5137 388 5193 turribus
400 5154 485 5209 supra
496 5144 600 5209 portas,
616 5155 688 5210 quaa
702 5138 789 5194 levari
804 5146 832 5195 et
839 5137 945 5194 demitti
957 5140 1055 5196 solent.
1083 5141 1241 5197 habuerunt
1257 5140 1343 5196 facies
1360 5140 1434 5197 sicut
1450 5142 1558 5214 angeli3
1576 5141 1615 5196 sic
1626 5143 1807 5214 magistratus
1819 5144 1915 5199 mitem

93 5229 207 5274 sanun
262 5230 301 5279 16.
337 5229 361 5281 t.
383 5222 422 5279 Hi
446 5230 640 5295 comparantur
666 5227 725 5298 '¹¹22
751 5225 855 5297 paxillo
887 5223 945 5281 sire
968 5226 1056 5283 clavo.
1082 5227 1277 5283 achumanum
1290 5245 1321 5284 se
1331 5227 1467 5300 praebeat
1478 5246 1545 5300 erga
1555 5226 1690 5284 subditos.
1723 5235 1747 5287 3.
1766 5229 1916 5286 Cherubim

222 5307 285 5363 Esa.
304 5314 347 5375 22,
368 5327 393 5364 r.
412 5315 454 5367 23.
473 5309 509 5365 de
525 5307 644 5365 Eliacim
660 5310 728 5366 dicit
741 5311 895 5366 Dominus:
908 5312 1010 5379 d't’pom
1022 5311 1057 5365 s'l·
1082 5313 1280 5370 convertebant
1307 5315 1393 5371 facies
1419 5332 1485 5370 suas
1506 5314 1543 5368 ad
1569 5331 1675 5382 arcam,
1702 5317 1731 5371 in
1755 5333 1810 5388 qua
1836 5323 1916 5373 erant

223 5397 280 5451 lam
299 5395 401 5468 (qnasi)
419 5398 529 5451 closum
551 5398 582 5450 s'o
600 5397 663 5452 loco
681 5398 779 5453 stabili
796 5405 823 5452 st
841 5398 896 5453 erit
907 5396 937 5451 s's
955 5397 1056 5452 solium
1082 5400 1195 5458 tabulae
1212 5401 1299 5475 legis3
1316 5402 1357 5456 sio
1369 5401 1550 5472 magistratus
1561 5418 1671 5473 semper
1682 5404 1812 5475 respiciat
1825 5404 1916 5477 legem

222 5482 546 5554 ploriosdomaspotrs's
557 5483 611 5540 sas'.
646 5482 783 5558 Targrnn:
803 5482 976 5540 Goaststaom
994 5501 1056 5540 eum
1081 5487 1143 5544 Dei.
1170 5486 1589 5559 annuuntiabant.
1618 5497 1642 5547 4.
1663 5488 1813 5547 Cherubim
1831 5492 1918 5565 respi-

220 5569 434 5641 putsrsotorem
450 5571 567 5641 fidelos
591 5568 797 5627 misktromss
823 5573 855 5627 s‘s
881 5570 943 5629 loco
965 5572 1055 5639 fisano.
1082 5575 1195 5633 ciebant
1205 5572 1434 5648 propitiatorium,
1446 5571 1588 5642 quoderat
1596 5576 1788 5649 typuschristi
1797 5577 1876 5634 Rom
1889 5582 1915 5638 3.
