4020 6014
232 279 292 337 518
809 273 931 330 LOCUS
951 271 1156 330 VICESIMUS
1175 273 1355 338 QUARTUS

230 444 281 498 per
297 435 390 484 castre
410 428 570 485 amilitibus
588 430 689 499 passim
711 428 905 498 appellabatur
921 427 1079 497 proditor,l
1126 433 1184 483 423.
1220 428 1369 492 Quaeritur
1393 437 1416 483 5.
1442 431 1488 483 An
1505 433 1714 485 iruntormenti
1729 433 1833 497 bellici,
1853 434 1933 500 meod
1943 441 1962 479 1.
1975 441 2002 480 11

104 516 159 558 ¹¹V·
172 514 219 558 ³⁰⁰⁵
231 531 352 588 cumque
371 533 404 571 ea
423 517 457 572 de
476 533 505 571 re
525 516 600 587 apud
619 515 778 584 Philippum
798 532 892 586 regem
911 530 1062 585 conquere·
1077 533 1079 579 ;
1092 515 1273 568 lombardum
1293 523 1407 582 111111,
1436 518 1472 568 sit
1485 518 1675 585 probandus?
1720 517 1763 572 De
1785 518 1931 573 inventore
1944 502 1994 584 {¹0⁸2ss

231 605 286 669 tur,
306 603 359 657 hoe
376 603 499 671 responsi
518 601 592 664 tulit,
612 603 784 655 Macedones
797 618 855 653 esse
868 602 991 654 homines
1013 600 1165 678 ad-,illius
1183 600 1291 654 diversa
1308 618 1326 656 a
1344 601 1458 656 diversis
1476 603 1633 658 1111111111.
1671 603 2010 687 Ρ1111111111111113.ζ;ᾓ’1ξι

232 691 344 741 modum
363 690 448 741 rudes
464 697 490 741 et
508 695 640 755 apreslss,
659 688 709 756 qui
724 705 770 740 rea
785 688 845 740 alio
857 688 967 740 nomine
981 703 1065 754 queem
1078 684 1080 730 i
1092 686 1140 742 lib.
1163 692 1185 740 2.
1204 686 1239 740 de
1259 705 1311 741 rer.
1333 688 1434 742 invent.
1451 706 1473 744 c.
1489 695 1513 746 6.
1532 690 1637 753 scribit,
1656 690 1839 744 bombardem
1852 690 1929 743 novi-
1943 710 2008 749 mne

231 792 281 827 suo
305 793 340 827 ac
358 775 480 843 proprio
504 774 652 844 appellare
679 775 829 834 nescirent,
861 776 913 827 aad
932 773 1159 861 scapham4tium
1179 774 1390 829 instrumentum
1409 792 1468 830 esse
1487 785 1515 828 et
1532 793 1549 829 a
1564 776 1706 830 Germano
1719 779 1830 831 homine
1852 779 1930 846 19111-
1944 753 2002 791 md

231 861 364 929 scaptiam
378 869 517 914 uocarent.
552 860 690 913 Chmillns
703 858 762 914 ludi
775 860 888 914 literarii
905 860 1068 932 magistrum
1097 859 1149 912 bili
1165 865 1319 931 repertum,
1344 879 1426 931 quem
1450 863 1477 915 id
1496 880 1546 931 pro
1574 865 1700 918 mercede
1721 864 1864 934 accepisse
1884 865 1930 930 ait,

230 946 385 1017 principum
410 945 481 1000 filios
512 946 583 1000 inter
612 945 734 1000 Faliscos
758 946 793 999 ad
825 963 854 1001 es
885 947 1068 1001 adducentem
1094 953 1126 1000 11
1142 964 1240 1001 nomen
1260 949 1320 1018 ejus
1336 954 1471 1018 perpetuo
1490 950 1683 1010 occrdtaretur.
1704 950 1790 1020 idque
1808 951 1837 1004 in
1857 950 1931 1004 hunc

231 1033 355 1088 vinctum
375 1032 469 1102 pueris
498 1037 527 1087 et
544 1031 640 1102 flagris
660 1032 831 1086 caedendum
852 1031 968 1086 tradidit
986 1037 1015 1084 et
1033 1031 1068 1084 ad
1096 1049 1183 1102 usque
1202 1034 1272 1087 diem
1288 1034 1418 1104 ignorari.
1456 1035 1576 1099 Quidam
1594 1035 1779 1097 contendunt,
1797 1037 1930 1090 inuentio-

234 1118 327 1174 hostes
342 1119 454 1181 remisit,
479 1118 576 1173 Livius
589 1118 637 1172 lib.
658 1125 681 1175 5.
702 1118 760 1173 dee.
777 1124 798 1173 l.
816 1119 923 1186 Pyrrhi
937 1119 1068 1183 medicus,
1095 1135 1157 1171 nem
1175 1119 1253 1172 illius
1272 1136 1329 1172 esse
1347 1129 1488 1184 uetustom,
1508 1137 1588 1173 usum
1607 1120 1744 1175 duntaxat
1757 1129 1929 1176 renovatum.

231 1206 278 1276 qni
304 1205 437 1260 Romanis
466 1203 658 1276 pollicebatur,
692 1222 722 1259 se
752 1205 780 1259 in
809 1204 918 1258 illorum
948 1203 1067 1275 gratiam
1094 1203 1214 1273 Majolus
1232 1204 1260 1258 in
1278 1205 1376 1261 diebus
1396 1206 1514 1260 cenicul.
1544 1205 1643 1276 colloq.
1672 1212 1694 1261 1.
1715 1226 1742 1276 p.
1763 1215 1804 1262 20.
1827 1225 1861 1261 ex
1881 1208 1928 1261 Zo-

230 1308 323 1362 regem
341 1307 422 1344 suum
435 1298 562 1346 necatum
578 1292 626 1359 ire,
647 1292 682 1345 ab
701 1291 768 1361 ipsis
779 1290 838 1361 regi
858 1297 901 1344 est
920 1290 1065 1354 indicatus,
1093 1307 1177 1344 narae
1195 1294 1259 1343 tom.
1281 1297 1309 1345 2:
1330 1294 1359 1345 Ε
1373 1293 1500 1345 Tiberini
1513 1293 1635 1360 posteris
1647 1301 1725 1345 ortus
1744 1302 1784 1346 est
1796 1295 1928 1346 Amulius

230 1385 310 1432 uteo
330 1377 491 1448 diligentius
509 1378 561 1432 sibi
582 1379 617 1432 ab
637 1396 669 1433 eo
684 1383 802 1432 caveret.
824 1375 883 1429 ‘De
901 1366 1068 1444 imperatore
1092 1376 1173 1429 bomo
1192 1380 1328 1446 serpenbus
1347 1395 1429 1447 ecque
1446 1397 1500 1446 pro
1522 1382 1574 1432 deo
1593 1381 1737 1433 uenditare
1757 1399 1861 1441 amns,
1881 1383 1929 1448 qui

233 1464 334 1517 Senem
351 1463 527 1519 Herodianus
546 1465 650 1532 scribit,
669 1465 744 1535 quod
764 1463 865 1517 multos
883 1462 968 1515 duces
987 1461 1066 1532 Nigri
1093 1481 1154 1515 mom
1174 1464 1310 1517 macbim's
1329 1465 1494 1533 quibudam
1509 1468 1634 1520 tonitrua
1646 1468 1787 1533 londrsns,
1808 1468 1927 1535 frslpnro

229 1549 330 1604 aemuli
354 1549 461 1620 imperii
489 1568 537 1620 per
556 1551 625 1604 tilios
644 1551 680 1604 ad
700 1550 855 1620 prodendas
876 1549 938 1617 ejus
956 1562 999 1599 res
1016 1546 1066 1600 im·
1092 1551 1254 1618 subparibus
1273 1552 1392 1618 referret
1424 1571 1459 1605 oc
1484 1553 1609 1615 frdmina
1626 1554 1817 1620 incideretur,
1837 1555 1928 1606 nubilo

230 1635 344 1706 pulerit,
365 1635 465 1690 deinde
483 1643 630 1706 postquam
656 1653 750 1692 eorum
768 1652 853 1704 opera
872 1635 976 1689 abusus
994 1638 1068 1686 esset
1093 1637 1273 1690 incendotione
1285 1638 1412 1707 paludis,
1433 1641 1474 1692 ad
1488 1657 1571 1708 quam
1585 1640 1738 1701 habitabat,
1752 1641 1850 1708 periit.
1885 1640 1928 1694 De

212 1737 336 1792 ‘suaque
354 1721 446 1775 omnia
468 1739 500 1776 ex
519 1723 657 1777 sententia
688 1721 895 1792 composuisset,
913 1720 986 1789 ipsos
999 1718 1066 1772 libe-
1093 1722 1204 1776 Parthis
1224 1722 1327 1778 Tanais
1347 1743 1393 1780 rex
1410 1725 1577 1794 Scytharum
1597 1726 1625 1780 in
1644 1727 1762 1796 epistola
1782 1726 1818 1780 sd
1837 1726 1926 1782 Vero·

230 1824 330 1878 rosque
342 1808 490 1864 necaverit.
516 1808 587 1864 Nam
600 1816 632 1863 ut
644 1808 759 1878 pulchre
771 1813 887 1861 annotat
898 1803 1066 1859 Plutarchus
1091 1826 1147 1864 rem
1166 1809 1369 1881 Aegyptiorum
1388 1827 1481 1882 regem
1494 1812 1598 1880 scribit,
1617 1812 1691 1883 quod
1709 1813 1839 1879 fraeoss‘s
1853 1814 1927 1866 uasis

230 1893 260 1947 in
278 1893 336 1947 vita
358 1893 487 1948 Romuli:
517 1893 676 1962 Quicunque
702 1894 891 1962 improborum
913 1892 1009 1959 aliquo
1036 1892 1065 1942 in
1091 1896 1121 1947 in
1142 1898 1255 1948 modum
1280 1904 1306 1948 et
1330 1898 1450 1950 sonitum
1469 1899 1587 1952 tonitrui
1610 1899 1702 1952 boetus
1712 1900 1810 1966 ferire
1824 1899 1928 1967 procrd

230 1982 340 2050 nepotis
358 1997 447 2049 opera
465 1988 595 2048 utuntur,
623 1997 715 2035 omnes
739 1982 835 2034 eadem
862 1980 998 2031 adversus
1019 1994 1065 2029 eos
1091 1982 1295 2047 consueverint,
1323 1982 1446 2037 Irenicus
1464 1982 1512 2037 lib.
1533 1991 1556 2038 4.
1578 2000 1685 2054 exeges.
1698 1983 1829 2039 German
1848 1991 1926 2040 1.·19.

230 2068 325 2137 offecti
339 2075 403 2120 nent
419 2070 510 2134 modo,
527 2068 599 2120 sicut
619 2067 657 2129 ln',
675 2068 724 2134 qui
740 2067 817 2118 uirus
829 2073 879 2118 aut
895 2065 939 2133 W
958 2064 993 2115 ab
1012 2063 1064 2114 ali·
1089 2066 1228 2136 telephus
1249 2068 1297 2122 lib.
1313 2073 1337 2123 3.
1364 2075 1398 2122 de
1415 2069 1488 2123 bello
1505 2069 1572 2125 Jud.
1591 2087 1613 2124 e.
1633 2073 1842 2125 emersionem
1861 2072 1928 2125 facit
1940 2082 1991 2121 tlt.

230 2171 287 2222 qua
314 2153 401 2206 bestia
419 2161 533 2222 petunt,
555 2154 658 2223 quippe
684 2171 763 2204 usum
787 2152 816 2204 in
841 2152 1006 2220 accipiendo
1033 2166 1064 2201 co
1092 2153 1265 2222 quarundam
1285 2156 1475 2209 machinarum
1495 2156 1522 2209 in
1549 2157 1756 2227 oppugnatione
1775 2156 1926 2227 lotapatae

230 2247 342 2307 pratum
361 2258 422 2293 cum
439 2240 573 2307 babeant,
599 2239 739 2292 malitiam
764 2238 866 2303 bestiae
893 2254 924 2290 re
945 2242 1064 2304 peracta
1089 2239 1167 2293 urbis
1184 2238 1330 2295 Galilaeae
1353 2239 1556 2304 adhibiturum,
1576 2259 1590 2295 e
1610 2243 1709 2310 quibus
1729 2244 1833 2296 emessa
1855 2261 1924 2295 saca

231 2329 358 2381 oderunt.
393 2325 506 2380 Planius
519 2326 657 2396 Vopiscus
674 2332 799 2380 recenset
816 2324 961 2394 epistolam
976 2324 1064 2376 Aure·
1091 2343 1232 2378 murorum
1253 2327 1345 2379 minas
1363 2328 1546 2395 auferebant,
1564 2326 1684 2395 anpulos
1704 2330 1824 2380 tres-rium
1842 2330 1925 2390 fron·

230 2413 299 2467 lieni
318 2413 492 2483 imperatoris
515 2413 550 2467 de
568 2412 766 2467 Heraclemone
784 2411 892 2482 patriae
910 2410 1064 2479 proditore:
1089 2412 1190 2478 petant
1215 2420 1241 2464 et
1268 2413 1345 2465 ciros
1369 2414 1452 2466 etiem
1476 2431 1489 2474 a
1515 2414 1668 2481 lonqinquo
1689 2422 1799 2467 nantes
1821 2433 1926 2481 meua

231 2499 331 2553 Occidi
353 2517 458 2568 passus
475 2518 550 2564 sum,
568 2501 650 2568 eujus
667 2499 751 2566 qnasi
769 2498 897 2560 beneficio
917 2497 1064 2564 Thyonam
1090 2497 1224 2550 uiolentia
1238 2500 1465 2566 prosternebant.
1500 2498 1555 2553 Sed
1578 2498 1632 2553 hae
1657 2503 1742 2568 atque
1760 2499 1834 2555 aliae
1852 2507 1926 2556 vete-

229 2586 332 2655 recepi.
370 2587 434 2653 Epo
458 2601 524 2638 uero
544 2587 722 2655 proditorem
746 2601 843 2638 amare
867 2601 922 2636 nen
938 2583 1020 2651 potui
1038 2588 1065 2635 st
1090 2600 1150 2636 rum
1162 2583 1306 2638 machinae
1319 2584 1513 2655 cognationem
1526 2584 1598 2639 forte
1612 2583 1808 2655 aliquamcum
1824 2587 1925 2640 nostris

229 2670 348 2724 libenter
375 2670 442 2739 tuli,
465 2673 542 2739 quod
565 2688 626 2724 eum
649 2672 751 2725 milites
780 2671 955 2736 occiduunt,
976 2685 1064 2737 neque
1090 2668 1249 2723 bombardis
1267 2669 1438 2739 habuerunt,
1455 2687 1631 2742 nequaquam
1647 2687 1713 2726 voro
1732 2673 1847 2728 eaedem
1863 2689 1925 2728 cen-

233 2758 306 2812 enim
339 2758 408 2811 mebi
434 2760 517 2821 fidem
549 2777 660 2813 sanare
688 2759 843 2829 polluisset,
876 2758 926 2828 qui
949 2757 1063 2825 patriae
1090 2756 1199 2811 sendae.
1236 2755 1344 2812 Cornel.
1368 2757 1505 2827 Kempius
1529 2759 1565 2812 de
1582 2758 1650 2829 orig.
1678 2763 1706 2812 et
1725 2765 1801 2813 statu
1819 2759 1926 2814 Frisios

231 2861 286 2898 non
310 2844 445 2914 pepercit
484 2846 614 2899 Brennus
638 2844 747 2899 Calliae
775 2862 823 2899 rex
847 2860 910 2898 cum
930 2842 1064 2896 11111111
1090 2841 1160 2895 libro
1186 2847 1208 2897 2.
1233 2859 1257 2896 c.
1277 2848 1318 2898 20.
1340 2842 1451 2908 scribit,
1471 2850 1559 2897 artem
1580 2843 1655 2898 illam
1674 2845 1890 2900 bombardorum
1908 2863 1926 2900 a

230 2928 327 2984 Asiam
338 2930 479 3001 Ephesum
495 2931 672 3002 pervenisset,
690 2936 782 2985 111111
798 2929 837 2984 ibi
854 2934 972 2983 11111111
985 2945 1064 2998 prae·
1090 2929 1216 2984 Cimosco
1236 2931 1350 2984 Flnnae
1362 2947 1427 2999 repe
1441 2930 1539 3001 priscis
1550 2933 1720 3001 temporibus
1733 2932 1808 2986 circa
1820 2949 1924 2987 annum

230 3015 340 3070 finitum
368 3034 480 3087 pugnae
502 3016 575 3071 diem
596 3015 783 3087 exspectabat.
823 3015 933 3069 Interea
952 3014 1064 3084 plebeja
1089 3015 1558 3073 0111111351111111111111111.
1595 3018 1653 3072 Alii
1672 3034 1744 3086 vero,
1768 3027 1800 3073 ut
1818 3018 1925 3089 Caspar

231 3103 367 3173 quaedam
396 3102 474 3174 virgo
500 3103 610 3157 nomine
636 3103 805 3156 Daemonice
837 3118 929 3155 amore
949 3099 1060 3155 barbari
1089 3099 1258 3156 Goldwnrm.
1281 3103 1309 3157 in
1335 3103 1398 3159 libr.
1424 3102 1538 3157 mirabli
1562 3102 1925 3176 Μ1111111111118111111

231 3195 315 3259 cepta
328 3189 500 3260 prodituram
521 3204 552 3241 se
572 3188 625 3259 ipsi
645 3188 785 3257 Ephesum
804 3188 939 3259 promisit,
956 3187 993 3240 sit
1009 3193 1063 3240 tor·
1090 3187 1277 3243 Bucholzerus
1302 3190 1330 3243 in
1356 3189 1474 3243 chronol.
1505 3196 1555 3243 ete.
1581 3188 1765 3244 inventionem
1791 3192 1854 3261 ejus
1878 3193 1925 3246 tri·

231 3293 298 3349 ques
326 3283 353 3331 et
378 3275 492 3329 monilia
514 3294 564 3345 pro
590 3276 716 3330 mercede
743 3276 881 3330 darentur.
923 3274 969 3327 Ad
993 3271 1063 3325 hanc
1089 3274 1179 3328 buunt
1198 3276 1311 3328 cuidam
1331 3275 1474 3340 monacho,
1492 3293 1571 3343 wem
1591 3276 1783 3329 Bartboldum
1797 3277 1925 3339 Schwar-

231 3362 356 3419 Brennus
375 3363 403 3416 in
423 3368 498 3418 certo
515 3364 576 3417 loco
597 3368 752 3433 susceptam
778 3361 903 3416 subditos
919 3359 1010 3427 duxit,
1037 3364 1064 3412 et
1089 3362 1172 3413 trium
1197 3367 1310 3428 vocant,
1338 3377 1420 3432 quem
1438 3361 1581 3416 occasione
1606 3379 1639 3416 ea
1665 3363 1828 3418 balistarum
1855 3364 1926 3420 illud

231 3449 365 3521 quidquid
395 3449 529 3504 heberent
553 3449 628 3512 auri,
655 3450 684 3502 in
710 3450 845 3520 gremium
872 3463 972 3501 avarae
1000 3461 1063 3498 con·
1090 3461 1179 3517 genus
1199 3448 1369 3517 excogitasse
1388 3454 1520 3503 statuunt.
1552 3448 1686 3504 Servabat
1705 3449 1752 3504 ille
1771 3454 1925 3508 monachus

228 3535 353 3605 Jicerent,
373 3536 531 3607 imperavit3
547 3536 595 3605 qui
609 3552 672 3589 cum
684 3535 829 3605 imperinm
842 3537 1064 3604 exsequerentur,
1089 3532 1118 3586 in
1137 3531 1208 3587 cella
1226 3549 1276 3587 sua
1287 3534 1316 3587 in
1329 3533 1458 3587 mortario
1477 3534 1619 3603 pulverem
1631 3526 1809 3604 sulphureum
1822 3538 1925 3593 tacien-

233 3621 404 3677 Daemonice
423 3639 489 3694 prae
509 3623 568 3676 auri
593 3622 621 3675 in
646 3639 676 3675 se
699 3622 818 3690 conjecti
836 3619 1012 3674 multitudine
1037 3623 1064 3672 11
1089 3618 1143 3679 dae
1155 3619 1308 3674 medicinae
1320 3635 1405 3673 causa
1416 3619 1541 3690 illudque
1552 3620 1646 3690 lapide
1658 3628 1772 3676 texerat.
1798 3622 1925 3695 Contigit

231 3708 369 3780 gravitate
386 3708 481 3762 virens
511 3715 553 3760 est
571 3708 678 3763 obruta.
717 3706 803 3761 Plura
829 3706 964 3777 ejusmodi
985 3704 1064 3775 puni·
1088 3710 1196 3768 autem,
1222 3711 1254 3758 11
1273 3706 1339 3759 dum
1357 3706 1450 3776 ignem
1468 3722 1502 3759 ex
1522 3707 1598 3760 silice
1619 3706 1645 3760 in
1667 3707 1822 3778 propinquo
1842 3727 1922 3764 exeu-

230 3800 276 3849 tee
289 3794 451 3864 proditionis
472 3810 505 3848 ao
522 3793 655 3864 perfidiae
674 3793 803 3864 exempla
821 3798 965 3848 recensent
977 3791 1062 3845 Zwin·
1087 3798 1166 3854 teret,
1188 3791 1307 3845 scintilla
1324 3792 1351 3844 in
1371 3792 1513 3861 pulverem
1530 3792 1664 3848 incideret
1681 3809 1714 3847 sc
1726 3794 1821 3850 subito
1833 3813 1928 3851 erum·

230 3898 313 3951 gerus
340 3880 368 3933 in
395 3880 502 3935 theatro
521 3887 549 3935 et
567 3880 740 3934 Camerarius
763 3879 811 3935 lib.
837 3879 1061 3934 heumines.
1087 3892 1157 3945 pens
1181 3876 1293 3931 flamme
1316 3877 1437 3947 lapidem
1462 3877 1491 3932 in
1521 3878 1608 3932 altum
1633 3879 1755 3941 11111111,
1781 3883 1864 3953 cujus
1881 3884 1922 3939 rei

229 3965 303 4031 Quid
316 3982 383 4037 ergo
396 3966 595 4020 statuendum?
634 3974 655 4022 1.
673 3967 728 4020 Eos
741 3967 787 4037 qui
802 3965 908 4036 perfide
927 3982 959 4019 sc
977 3965 1061 4019 scele·
1088 3969 1188 4017 eventu
1206 3963 1321 4017 edoctus
1337 3964 1457 4019 terream
1483 3963 1603 4018 fistulam
1621 3966 1728 4035 paravit
1753 3974 1782 4021 et
1797 3969 1921 4025 mortiis-

228 4059 288 4107 rate
311 4052 380 4106 11111
397 4052 525 4106 deterunt
543 4052 588 4106 vel
608 4053 790 4122 pollicentur,
809 4068 880 4124 quoe
899 4051 958 4106 sine
975 4051 1061 4120 turpi·
1087 4065 1146 4102 ram
1163 4049 1239 4103 illam
1253 4050 1409 4104 machinam
1427 4051 1534 4121 reperit.
1569 4051 1626 4106 Alii
1642 4053 1794 4119 clymistae
1809 4058 1924 4110 cuidam

229 4138 327 4194 tudine
347 4145 375 4193 et
393 4138 569 4208 improbitate
587 4139 676 4207 accipi
694 4139 738 4191 vol
751 4137 811 4192 fieri
829 4143 977 4209 nequeunt,
997 4137 1061 4191 boni
1088 4135 1147 4203 ejus
1166 4136 1351 4190 inventionem
1370 4136 1528 4204 vendicant,
1549 4138 1596 4207 qui
1614 4139 1680 4191 artis
1699 4156 1766 4194 suae
1784 4140 1923 4199 beneficio

229 4224 367 4296 principes
395 4240 451 4277 noo
479 4222 634 4277 admittant.
680 4229 702 4278 2.
731 4224 759 4280 si
781 4225 858 4293 justo
883 4223 956 4278 bello
987 4222 1061 4291 capti
1086 4221 1225 4289 pulverem
1238 4221 1445 4276 tormentarium
1464 4227 1492 4276 et
1510 4222 1663 4276 machinam
1675 4225 1764 4293 ipsam
1782 4224 1923 4282 11111111-

228 4310 348 4365 hostium
358 4309 475 4365 consilia
487 4317 514 4364 et
535 4325 636 4365 111111
646 4308 824 4380 patefacient,
843 4309 932 4364 audin
944 4307 1055 4362 omnino
1087 4306 1179 4361 venire
1203 4308 1331 4378 potuerit
1379 4311 1498 4376 Tempus
1530 4311 1697 4363 inventionis
1733 4310 1858 4366 referunt
1885 4314 1921 4368 ed

229 4404 352 4467 possunt.
399 4402 419 4450 1.
441 4396 627 4463 8111111311,
654 4414 680 4448 v.
703 4401 742 4452 15.
767 4413 863 4451 servus
887 4395 1060 4449 Amalecitae
1087 4410 1190 4448 annum
1224 4401 1297 4450 1380.
1334 4397 1485 4465 imperante
1512 4396 1691 4464 Wenceslso;
1726 4398 1832 4466 primus
1860 4402 1921 4469 ejus

229 4488 343 4553 eccepto
362 4482 439 4553 prius
458 4499 475 4536 a
492 4482 601 4537 Davide
615 4483 788 4553 juramento,
809 4485 885 4551 quod
902 4483 994 4552 ipsum
1011 4498 1061 4534 nec
1087 4497 1152 4534 usus
1169 4482 1224 4536 fnit
1242 4483 1271 4536 in
1289 4481 1371 4551 bello,
1391 4482 1464 4552 quod
1484 4482 1520 4536 ad
1540 4481 1654 4536 Fossam
1673 4481 1801 4539 Clodiam
1820 4485 1921 4541 Veneti

229 4570 369 4632 occidere,
395 4585 445 4620 nec
472 4568 501 4620 in
527 4587 627 4621 monus
647 4570 766 4622 Domini
789 4571 835 4622 sui
855 4571 969 4622 tradere
986 4568 1060 4634 uelit,
1087 4582 1149 4620 cum
1183 4567 1377 4624 Genuensihus
1410 4575 1561 4639 gesserunt.
1603 4567 1646 4622 De
1672 4568 1749 4623 hisce
1777 4573 1922 4627 tormentis

228 4653 305 4708 ducit
323 4654 460 4709 Davidem
479 4654 515 4707 ad
533 4653 749 4709 Amalecitarum
767 4655 924 4709 exercitum.
957 4660 980 4708 3.
994 4654 1060 4707 Pro·
1086 4653 1194 4708 bellicis
1213 4655 1288 4709 hand
1308 4654 1409 4724 injuria
1421 4653 1530 4719 dicitur,
1551 4654 1712 4723 optandum,
1733 4672 1766 4710 ea
1778 4675 1921 4730 nunquam

227 4740 363 4795 ditoribus
383 4758 438 4794 non
464 4746 507 4794 est
525 4741 639 4795 nimium
659 4740 866 4803 confidendum,
893 4742 1059 4812 quandoque
1084 4742 1170 4797 fuisse
1186 4748 1304 4813 reperta,
1328 4749 1349 4795 1.
1365 4750 1483 4811 propter
1500 4742 1636 4809 inpentem
1649 4743 1790 4797 bominum
1804 4747 1922 4799 nood-

226 4828 300 4884 enim
324 4825 388 4880 ficte
418 4834 447 4881 et
473 4827 600 4882 simulate
627 4828 719 4881 omnis
736 4827 772 4880 ab
790 4827 857 4897 ipsis
874 4836 1008 4898 geruntur
1025 4845 1058 4882 sc
1080 4831 1220 4898 ⁸liciorum,
1233 4844 1315 4898 quam
1330 4827 1396 4889 edit
1408 4835 1528 4895 serapem
1540 4827 1713 4882 Camerarius
1727 4835 1799 4898 part.
1816 4833 1922 4889 11111.

226 4912 298 4968 falsa
315 4920 343 4967 et
369 4914 495 4968 nocitura
519 4914 555 4968 ab
574 4914 641 4984 ipsis
668 4913 830 4968 referuntur.
867 4913 940 4968 Nota
957 4922 999 4968 est
1018 4913 1058 4966 hi·
1085 4914 1251 4970 11111128.
1273 4930 1300 4983 p.
1322 4918 1376 4967 161.
1395 4921 1502 4966 tantum
1522 4930 1580 4967 ease
1595 4915 1816 4969 bombardorum
1833 4918 1921 4985 impe-

225 4998 311 5053 storia
330 4998 441 5069 Zopyri.
477 5007 501 5055 4.
521 5000 550 5052 Si
569 5016 631 5070 spes
649 5006 707 5060 est,
725 5000 816 5054 hostes
835 5005 929 5055 nostra
946 5000 1058 5072 integri·
1084 5010 1141 5054 tum
1157 5000 1327 5069 experientia
1346 5004 1473 5067 testatur,
1491 5008 1521 5052 ut
1538 5003 1582 5054 uir
1595 5002 1751 5069 quidquam
1771 5003 1807 5055 ab
1825 5021 1923 5058 eonem

225 5093 283 5142 tete
307 5093 335 5141 et
359 5086 530 5140 humanitate
558 5086 665 5140 deliniri
691 5104 786 5156 posse,
814 5088 968 5158 proditores
991 5086 1058 5156 ipsis
1084 5087 1218 5155 uiolentia
1240 5093 1327 5137 lutum
1351 5086 1499 5139 considere
1520 5087 1622 5154 posen.
1660 5087 1817 5158 Polydoms
1836 5090 1922 5164 Verg.

225 5172 384 5228 remittendi
408 5180 436 5226 et
459 5171 576 5241 perfidia
596 5171 717 5242 ipsorum
741 5174 952 5228 manifestanda.
989 5173 1058 5228 Cum
1084 5173 1145 5227 libr.
1161 5178 1184 5227 3.
1205 5172 1240 5225 de
1259 5189 1311 5227 rer.
1329 5171 1432 5227 invent.
1452 5188 1475 5225 c.
1499 5173 1655 5227 11111111
1673 5176 1783 5228 adduci
1796 5194 1924 5248 poserem,

226 5257 342 5312 Romani
360 5255 467 5328 Pyrrho
487 5257 624 5312 medicum
644 5258 811 5327 proditorem
824 5259 985 5325 indicarent,
1004 5277 1058 5329 pax
1084 5268 1114 5313 ut
1133 5259 1279 5311 bunsaesuns
1298 5258 1438 5326 inpenium
1461 5261 1540 5312 istud
1565 5260 1702 5314 inuenisse
1719 5265 1850 5326 medam,
1872 5270 1926 5320 sed

226 5344 296 5399 inter
315 5346 389 5413 ipsos
413 5350 441 5398 et
466 5360 560 5415 regem
583 5350 626 5397 est
653 5351 809 5400 consecuta.
847 5353 870 5399 5.
889 5344 1057 5414 Proditores,
1085 5345 1238 5400 mehercule
1253 5345 1349 5416 polim
1368 5345 1474 5398 malum
1491 5345 1650 5415 quempiam
1668 5349 1833 5403 daemonem
1847 5368 1925 5404 mon·

227 5430 274 5501 qui
294 5446 343 5484 nos
359 5437 386 5485 et
403 5431 520 5502 patriam
540 5435 661 5487 nostram
682 5432 808 5487 hostibus
824 5431 958 5501 produnt,
978 5433 1057 5502 gravi
1085 5440 1191 5486 strasse
1208 5440 1291 5500 puto,
1310 5438 1341 5483 ut
1358 5431 1483 5485 homines
1501 5431 1575 5484 inter
1591 5449 1621 5485 se
1640 5448 1696 5485 non
1718 5436 1803 5489 modo
1825 5440 1924 5502 armis,

227 5516 362 5587 supplicio
379 5517 463 5590 digni.
1068 5504 1181 5586 lucrum
1206 5518 1291 5572 etiam
1314 5517 1485 5581 sudminibue
1503 5525 1667 5586 pugnarent.
1707 5516 1801 5576 Julius
1821 5520 1927 5580 Onu
