4020 6014
670 342 721 398 DE
738 339 992 400 molarum
1009 341 1198 401 POLI'I'IGO.
1724 353 1783 409 505

80 495 173 551 bellic.
194 496 285 551 armis.
324 496 464 565 Princeps
480 497 685 551 ecclesiasticus
701 504 790 565 potest
812 495 914 549 bellurn
941 502 1068 549 tentetur
1081 497 1180 565 passio
1202 496 1315 562 Cbriati
1338 497 1403 550 ideo
1422 513 1478 549 non
1497 498 1625 564 competit
1641 498 1682 550 eis
1700 499 1786 551 occci-

81 582 217 637 indicere.
260 581 321 635 Biel
344 588 366 637 4.
386 587 455 635 sent
475 582 538 636 dist
559 589 597 638 l5.
617 601 643 653 q.
662 589 685 638 4.
704 601 733 653 p.
750 588 816 638 315:
835 580 917 649 Lepi·
945 582 1020 650 dere,
1039 584 1091 635 sed
1107 583 1197 649 napis
1213 590 1334 652 paratos
1348 599 1407 637 esse
1423 585 1466 637 ad
1479 585 1646 653 sanquinem
1664 586 1785 649 funden-

80 669 151 721 tima
176 667 332 721 auctoritas
349 669 462 735 judicis
487 670 647 733 interuenit,
674 671 791 738 quando
817 668 918 721 bellum
946 668 1021 721 dum.
1048 668 1205 723 Richardus
1224 669 1345 739 Angliae
1363 685 1411 724 rex
1427 685 1490 724 cum
1511 669 1671 740 Philippum
1691 670 1782 724 Bello·

80 754 188 824 peritur
206 755 243 806 de
262 756 398 808 mandam
414 755 565 819 ecclesiae·
587 756 668 810 item:
692 756 861 809 Sacerebum
877 752 922 806 uel
947 769 1093 809 vasensem
1113 755 1281 825 episcopum,
1301 755 1348 824 qui
1366 761 1463 809 contra
1481 754 1632 810 exercitum
1652 758 1714 825 ejus
1733 756 1781 809 mi·
1798 755 1850 797 xlv.
1866 754 1911 796 ‘²⁸¹-

83 841 137 906 ltis,
155 839 256 908 quibus
274 841 402 894 bellandi
420 843 521 906 officia
538 850 603 895 sunt
621 842 783 909 commuta,
804 856 922 910 pecua
949 839 1026 894 litem
1050 840 1182 909 duxerat,
1207 841 1266 895 acie
1289 845 1401 909 captum
1426 840 1561 896 detineret
1584 858 1703 912 eumque
1723 847 1784 896 tan-

83 927 152 979 dere
167 926 212 979 ael
230 927 397 994 quibuslibet
414 934 444 980 ut
463 945 497 981 aa
515 929 666 996 accipiant,
684 946 737 981 sua
754 927 922 980 auctoritate
935 912 938 922 ¹
950 942 1032 994 quam
1053 926 1141 980 filium
1160 944 1240 982 suum
1266 926 1391 996 pontifex
1411 927 1513 980 dimitti
1527 927 1647 996 juberet,
1667 928 1784 983 Romam

85 1011 180 1064 calent
206 1012 361 1079 imperare,
392 1021 424 1064 ut
453 1014 523 1066 dicit
550 1013 708 1066 Gratianus
738 1031 762 1066 e.
786 1015 833 1068 23.
856 1030 881 1080 q.
899 1014 921 1063 8.
949 1011 1023 1064 misit
1038 1028 1123 1079 arma,
1141 1030 1212 1085 quas
1231 1013 1379 1083 episcopus
1398 1013 1427 1066 in
1448 1013 1508 1068 acie
1525 1019 1656 1084 gestarat,
1674 1015 1780 1070 addens

85 1101 240 1166 quicunque
257 1113 290 1150 ee
308 1098 382 1150 clero
400 1095 429 1168 ξ,
447 1099 503 1152 His
521 1100 571 1152 ita.
602 1098 724 1153 Thomas
744 1105 768 1154 2.
787 1103 811 1153 2.
832 1117 858 1168 q.
881 1104 922 1152 40.
948 1097 1017 1152 haec
1034 1099 1133 1154 verba:
1165 1100 1248 1164 Vide,
1274 1100 1431 1153 beatissime
1447 1107 1546 1167 pater,
1574 1118 1640 1153 num
1657 1102 1727 1153 baec
1746 1103 1784 1155 eit

85 1188 136 1238 art.
159 1188 189 1236 2:
212 1185 264 1236 Ad
286 1184 404 1236 elericos
427 1186 549 1254 pertinet
573 1187 723 1255 disponere
748 1192 773 1239 et
789 1186 923 1238 inducere
950 1185 1046 1238 tunica
1058 1186 1120 1253 filii
1135 1186 1185 1250 tui,
1203 1186 1278 1241 unde
1294 1202 1369 1255 papa
1388 1186 1429 1239 ita
1446 1184 1566 1248 erubuit,
1585 1193 1617 1240 ut
1634 1186 1785 1256 gratuitam

86 1268 161 1321 alios
182 1271 224 1321 od
246 1269 408 1322 ledendum
431 1271 505 1325 bello
524 1272 610 1338 iusta.
646 1271 749 1326 Confer
772 1269 921 1339 Reinlsing.
949 1270 1009 1338 ejus
1034 1270 1225 1326 liberationem
1249 1289 1305 1326 non
1326 1271 1480 1341 postularet
1496 1271 1620 1325 ulterius.
1659 1272 1785 1327 Helinsh.

87 1353 122 1407 de
147 1354 243 1424 regim.
268 1355 353 1411 seeul
379 1359 408 1409 et
432 1356 529 1410 eccles.
558 1357 606 1410 lib.
639 1363 659 1412 1.
685 1357 766 1410 class.
788 1362 811 1410 2.
837 1372 861 1409 o.
882 1336 978 1465 34110
1012 1356 1107 1413 chron.
1141 1357 1218 1413 Rich.
1251 1357 1272 1411 l.
1329 1362 1353 1412 4.
1385 1358 1535 1420 Infelicem
1574 1358 1673 1412 talium
1701 1360 1786 1414 bella·

88 1446 113 1495 5.
131 1447 154 1494 ’1.
190 1439 311 1495 Warem.
330 1439 368 1494 ab
387 1441 506 1497 Bhrenb.
528 1442 564 1496 de
583 1460 660 1512 regn.
679 1440 828 1497 ιιι1)ιίι1.*0
867 1440 922 1496 Sed
948 1459 1009 1494 rum
1029 1444 1138 1495 sedum.
1159 1443 1258 1498 Jacob.
1291 1443 1411 1497 Maierus
1437 1443 1466 1496 in
1498 1442 1591 1497 chron.
1621 1444 1784 1500 Flandriae:

88 1525 253 1596 opponimus
279 1528 464 1598 praeposteris
489 1527 545 1581 illis
569 1527 752 1583 bellatoribus
772 1531 794 1583 1.
818 1526 924 1580 Christi
951 1528 986 1580 Si
1012 1529 1171 1597 sapuissent
1202 1529 1312 1598 (inquit)
1345 1529 1453 1597 Unpari
1481 1548 1526 1583 an.
1556 1533 1632 1584 1444.
1665 1531 1786 1598 lepotum

88 1620 115 1664 et
136 1613 328 1680 apostolarum
348 1614 536 1669 interdictum.
574 1614 644 1668 Cum
669 1614 770 1668 Petrus
796 1614 825 1667 in
844 1612 924 1667 horto
952 1615 1074 1682 Eupenii
1088 1615 1233 1684 pontificis
1258 1617 1299 1666 ad
1316 1615 1445 1681 pladium
1466 1615 1591 1683 Spiritus
1609 1618 1787 1686 remisissent,

88 1697 182 1753 oliveti
200 1698 325 1769 gladium
338 1700 494 1770 stringeret,
512 1700 592 1754 audit
608 1717 626 1753 a
644 1700 753 1754 Christo
771 1698 869 1753 Matth.
883 1705 924 1766 26,
951 1702 1028 1768 qued
1038 1707 1078 1753 est
1088 1701 1199 1753 uerbum
1214 1701 1279 1766 Dei,
1298 1718 1367 1753 raro
1384 1717 1428 1754 res
1442 1701 1543 1755 heilica
1561 1703 1636 1755 cedit
1651 1704 1786 1767 feliciter,

89 1802 115 1840 r.
136 1790 183 1839 52:
212 1784 345 1838 Converte
371 1787 499 1855 pladium
525 1788 556 1839 in
577 1787 668 1840 laeum
694 1805 782 1840 suum.
819 1785 925 1840 Paulus
952 1803 1014 1838 cum
1031 1803 1061 1840 se
1077 1787 1124 1840 illi
1144 1787 1332 1840 intermiscent
1350 1787 1488 1856 epiceopi,
1513 1788 1563 1855 qui
1581 1806 1636 1842 non
1649 1789 1787 1856 jubentur

89 1870 126 1925 de
141 1871 274 1940 apostolis
295 1879 324 1926 et
342 1872 474 1926 ecclesiae
501 1872 633 1926 ministris
658 1872 726 1926 dicit
751 1880 774 1927 2.
802 1873 863 1927 Cor.
885 1877 924 1940 10,
952 1872 1053 1925 bellum
1072 1888 1181 1941 perere,
1202 1874 1254 1925 sed
1273 1873 1447 1941 praedicare
1471 1875 1582 1926 verbnm
1605 1877 1674 1942 Dei,
1700 1875 1785 1928 inter·

90 1973 114 2010 v.
135 1964 162 2012 l:
184 1958 275 2010 Arma
294 1958 413 2012 militiae
431 1966 543 2012 nostrae
557 1976 613 2011 non
631 1967 696 2012 mint
715 1959 855 2021 carnalia,
875 1960 926 2011 ssd
951 1962 1043 2023 fectus
1061 1959 1132 2011 eninr
1151 1965 1176 2011 ct
1196 1958 1246 2010 illc
1264 1958 1402 2011 Jselianus
1414 1959 1523 2028 lepatus
1535 1961 1616 2028 justo
1637 1961 1693 2013 Dei
1709 1962 1798 2028 iudi·-

86 2043 214 2111 potentia
233 2044 297 2096 Deo
315 2045 356 2097 ad
375 2045 591 2097 destructionem
608 2046 792 2098 munitionum
816 2048 924 2098 destru-
952 2046 996 2097 cio
1022 2061 1130 2113 poenas
1153 2044 1240 2098 lubae
1262 2044 1373 2098 uidetur
1395 2050 1448 2099 etc.
1493 2045 1642 2100 Lonicerus
1666 2048 1695 2101 in
1723 2048 1786 2103 hist

90 2135 166 2182 entes
191 2145 298 2181 omnem
325 2130 506 2183 altitudinem
532 2131 707 2184 extollentem
729 2146 758 2182 se
788 2131 925 2182 adversus
951 2131 1034 2185 Ture.
1054 2130 1089 2184 de
1108 2130 1204 2184 eadem
1221 2147 1318 2200 pugna
1335 2131 1375 2184 sic
1392 2130 1503 2184 scribit:
1529 2131 1672 2185 Certatum
1697 2135 1787 2186 estin

89 2215 232 2267 amentiam
251 2216 318 2271 Dei.
342 2221 363 2270 l.
381 2216 452 2271 Tim
473 2222 497 2285 3,
515 2233 539 2269 r.
558 2221 589 2271 3:
611 2218 786 2285 Episcopum
804 2233 860 2268 non
879 2217 927 2268 de-
948 2234 1047 2285 pupna
1081 2216 1219 2269 Varnenai
1238 2224 1310 2270 totos
1330 2217 1392 2270 dies
1408 2225 1556 2286 noctesque
1578 2225 1636 2270 tres
1656 2219 1708 2270 diu
1719 2221 1786 2284 sor·

90 2306 208 2352 estesse
227 2300 363 2368 utiusqu,
382 2317 587 2370 permissorem.
607 2307 631 2357 2.
649 2302 769 2356 'I'imotb
796 2308 820 2368 2,
846 2318 870 2353 v.
895 2305 925 2353 3:
952 2311 1021 2355 trina
1041 2304 1167 2371 ancipiti,
1185 2305 1238 2357 sed
1256 2311 1332 2356 torreo
1354 2304 1511 2355 animorum
1534 2305 1641 2356 ardore
1657 2305 1787 2374 utrinque

93 2386 205 2438 erbora
223 2387 297 2439 sicut
315 2388 402 2440 bonus
422 2388 503 2440 miles
522 2389 637 2456 Christi,
663 2404 689 2441 ιι.
711 2394 734 2442 t.
755 2403 834 2441 nemo
852 2385 925 2439 mili·
951 2396 1083 2456 tantoque
1122 2389 1240 2456 impetu,
1274 2396 1304 2441 ut
1337 2405 1483 2441 comarum
1519 2390 1656 2456 sanquine
1692 2391 1788 2458 campi

90 2477 155 2523 tans
173 2471 301 2542 implicat
320 2489 349 2525 se
372 2474 492 2540 nepotiis
511 2474 691 2527 secularibus.
732 2472 765 2526 ln
789 2472 866 2527 hisce
886 2456 1119 2542 ‹li-lsupnartnr.
1161 2473 1285 2528 Victoria
1304 2476 1418 2527 tandem
1437 2476 1478 2527 ad
1502 2475 1679 2529 Obristianos
1705 2477 1787 2529 ineli-

89 2557 141 2611 ctis
165 2574 220 2611 non
243 2560 409 2630 corporalia,
435 2561 484 2615 sed
513 2560 669 2630 spiritualia
695 2561 831 2614 duntaxat
849 2575 928 2613 arma
952 2577 1021 2613 nare
1040 2561 1102 2614 uisa
1122 2568 1162 2614 est
1181 2561 1339 2630 obprimes
1363 2563 1519 2614 Tuscorum
1545 2563 1659 2616 ordines
1683 2563 1786 2616 distur-

90 2644 214 2712 personis
242 2645 438 2699 ecclesiasticis
468 2647 622 2711 traduntur,
658 2646 759 2716 quibus
789 2644 926 2716 evangelii
953 2649 1031 2700 batos
1048 2654 1132 2716 atque
1150 2647 1181 2699 in
1196 2649 1298 2714 fupnm
1316 2648 1446 2716 dilapsos
1471 2650 1641 2716 confuseque
1654 2650 1787 2717 polentes

91 2728 244 2784 doctrinam
273 2738 429 2801 propagent
455 2747 541 2802 seque
566 2733 699 2786 adversus
733 2717 925 2802 persecutores
952 2741 977 2785 et
1004 2733 1202 2802 imperatorem
1240 2733 1333 2800 ipsum
1365 2733 1553 2801 trepidantem
1592 2751 1626 2786 ae
1656 2737 1787 2801 despero·

90 2814 188 2868 iisdem
211 2823 349 2870 tueantur.
387 2820 413 2869 2.
441 2818 548 2871 Christi
569 2826 596 2871 et
621 2818 813 2887 apostolorum
839 2818 1045 2873 esem-lbundo
1078 2819 1211 2881 similem,
1238 2826 1303 2871 tunc
1335 2817 1486 2885 antistites,
1515 2835 1584 2886 quas
1615 2820 1647 2871 in
1677 2820 1787 2888 templis

89 2901 177 2972 plum.
214 2902 260 2955 Illi
278 2903 351 2957 enim
370 2903 560 2973 corporalibus
579 2903 662 2957 armis
681 2903 815 2958 adversus
833 2902 926 2956 hostes
952 2921 988 2957 oe
1007 2904 1112 2957 aebalus
1139 2922 1223 2973 psam
1247 2904 1277 2957 in
1300 2902 1361 2956 acie
1384 2903 1509 2974 conspici
1525 2905 1616 2957 satius
1633 2905 1732 2968 fuerat
1752 2923 1787 2959 ae

92 3004 160 3047 suos
173 3005 315 3060 nunqnam
333 2990 463 3061 leguntur
480 2990 532 3043 usi.
563 2989 597 3041 Si
614 3005 730 3058 repnum
748 3005 838 3041 meum
855 2995 927 3041 esset
953 2991 1097 3044 decentius
1121 3007 1154 3043 ee
1181 2990 1301 3043 statione
1325 3007 1379 3042 sua
1396 2989 1498 3043 bosmrn
1521 2989 1675 3057 facientem
1693 2992 1787 3044 incon-

92 3076 128 3126 de
146 3074 198 3128 boc
217 3077 330 3143 mrsndo,
349 3075 440 3145 inquit
457 3074 583 3129 Christus
595 3074 658 3130 boh.
682 3080 720 3142 18,
738 3091 763 3131 v.
785 3080 827 3130 36.
845 3074 1026 3165 νήπι’-130110
1049 3076 1195 3145 persecuti
1215 3076 1297 3129 aditu
1320 3077 1363 3128 ad
1386 3077 1507 3128 nuslatos
1532 3075 1646 3128 ordines
1671 3078 1787 3145 patefa-

91 3161 146 3212 stri
166 3163 222 3213 mei
246 3161 340 3230 utique
371 3165 562 3228 decertarent,
586 3169 616 3213 ut
638 3179 693 3214 non
717 3163 848 3214 traderer
873 3162 941 3224 lul
955 3171 997 3217 cto
1010 3162 1790 3231 victoriametoitamrepistotiusqueexercitusacrepni

93 3248 180 3299 dacis.
219 3246 293 3300 Hinc
311 3247 461 3301 Brnschius
479 3246 507 3300 in
528 3263 649 3300 manusc.
664 3247 699 3300 de
711 3248 831 3316 episcop.
844 3247 927 3300 Pata·
953 3247 1578 3317 Panrronici,irnoEuropaesalutemlrostibus
1586 3248 1787 3316 prodiderunt.

92 3331 177 3385 ricus
195 3333 333 3387 reterente
347 3332 462 3389 Wolffio
480 3339 545 3388 tom.
566 3341 590 3388 2.
614 3332 762 3388 memorab.
786 3350 850 3404 pag.
870 3339 927 3388 585.
952 3334 1162 3388 ”Gerboldus
1197 3336 1345 3406 episcopus
1382 3333 1607 3402 Mopuntinensis
1638 3338 1682 3390 15.
1714 3352 1788 3389 anno

92 3433 155 3472 cum
175 3417 284 3473 Alberti
303 3419 340 3473 11,
361 3419 471 3474 baronis
495 3421 530 3475 de
553 3418 669 3474 Winlrel
694 3419 818 3489 episcopi
844 3418 941 3489 Pata,
956 3424 1016 3476 772.
1050 3422 1080 3473 in
1111 3422 1234 3489 pretinm
1267 3437 1365 3489 nepum
1395 3419 1512 3473 Galliae
1535 3420 1661 3489 propria
1692 3429 1788 3489 sponte

92 3504 194 3559 aiensis
225 3505 327 3560 bellum
352 3522 415 3560 cum
443 3506 557 3560 civitate
574 3505 732 3559 Patariensi
753 3512 861 3575 gestum
881 3505 927 3558 de·
938 3494 941 3533 ¹
953 3514 1051 3560 eontra
1070 3507 1195 3560 Senones
1213 3506 1398 3573 Tltssrinpiam
1416 3513 1529 3558 armata
1547 3522 1633 3558 manu
1652 3524 1787 3576 occupan-

94 3591 258 3661 scripsisset,
278 3591 436 3663 subjungit:
463 3594 531 3656 Quis
550 3611 607 3645 non
625 3593 654 3645 in
673 3593 841 3661 apostolicis
858 3592 927 3645 uiris
953 3601 993 3647 tes
1016 3611 1078 3647 cum
1100 3593 1191 3661 copiis
1214 3592 1273 3644 suis
1298 3594 1446 3661 profectus
1469 3600 1509 3645 est
1533 3593 1676 3647 immemor
1696 3593 1790 3657 officii

94 3678 211 3746 (qntales
229 3694 287 3732 esse
305 3680 418 3747 volunt)
441 3681 539 3732 studio
561 3679 628 3732 boec
647 3680 748 3731 bellica
776 3680 927 3748 repreben-
953 3688 980 3733 et
997 3680 1079 3733 acilia
1096 3680 1151 3732 sibi
1162 3679 1309 3743 commissi,
1327 3680 1378 3732 sed
1389 3680 1488 3730 misere
1509 3696 1529 3731 u
1542 3679 1789 3748 Saronequodam

95 3766 183 3833 deret,
203 3781 273 3835 quos
290 3766 342 3818 siti
359 3766 506 3832 sanquinis
523 3768 635 3828 feruere
652 3766 778 3834 omnino,
792 3783 927 3835 praeser-
954 3783 1018 3819 ense
1031 3766 1181 3834 perfossus
1200 3772 1254 3828 est,
1282 3765 1348 3817 inde
1368 3765 1493 3818 Senones
1521 3766 1556 3818 de
1579 3781 1611 3818 eo
1637 3767 1708 3819 tales
1726 3784 1788 3820 con·

93 3852 142 3904 tim
160 3852 189 3904 in
210 3853 320 3921 nepotis
332 3853 488 3920 relipr'onis,
500 3869 556 3904 nan
575 3852 709 3917 conuenit,
727 3869 789 3904 eum
800 3860 825 3905 et
847 3852 926 3906 Cleri·
953 3852 1125 3922 scripserunt
1142 3851 1298 3919 rlsptltmas:

93 3944 153 3991 stris
172 3937 233 4007 ipse
253 3938 447 4007 episcoporum
460 3939 590 4007 omnium,
608 3940 661 3991 sed
673 3954 802 3991 verorum
820 3947 847 3992 et
861 3939 927 4008 pio·
1039 3970 1139 4041 &wop
1157 3971 1273 4040 &abab
1293 3970 1357 4039 pud),
1376 3969 1425 4025 mit
1444 3970 1499 4025 bem
1517 3971 1651 4039 &mm
1713 3955 1728 3964 ·

94 4041 165 4090 rum,
184 4040 240 4076 non
253 4032 471 4091 persecutorum
491 4026 689 4093 antesipnanus
714 4025 850 4078 neminem
876 4044 926 4079 un·
1039 4057 1143 4127 Qum
1165 4057 1299 4126 &dmm
1319 4056 1374 4111 pam
1393 4069 1419 4111 ,r
1439 4056 1500 4125 aud)
1519 4064 1571 4112 „on
1592 4059 1634 4112 Μ
1653 4013 1709 4114 'pm

94 4126 178 4178 qream
196 4109 241 4162 cel
259 4110 360 4177 plodio
378 4111 421 4164 uel
440 4112 504 4179 ipne
522 4094 665 4178 occiderit]
694 4112 746 4163 sed
762 4111 927 4179 simpliciter
1039 4144 1128 4201 rmum
1149 4143 1202 4213 ψῃ
1220 4142 1272 4197 ppt
1290 4144 1373 4211 nuper
1392 4143 1503 4210 petoritu
1524 4144 1580 4197 ttiit
1712 4101 1717 4117 Ι

85 4197 239 4263 fateatur,
256 4213 285 4249 se
303 4197 424 4260 venisse,
442 4214 499 4250 non
517 4204 547 4249 ut
561 4198 667 4264 perdat
684 4197 809 4265 animas,
827 4200 879 4250 sed
896 4206 927 4251 ut
1041 4229 1078 4284 (ξπ
1098 4230 1154 4285 mat
1173 4242 1222 4297 fleu
1240 4228 1312 4297 &got
1329 4241 1460 4297 manem
1481 4228 1548 4283 genn
1566 4227 1611 4282 m
1628 4230 1700 4296 pm.

91 4289 188 4336 seruet.
230 4285 256 4337 3.
285 4283 483 4336 Ministrorurn
512 4283 644 4336 ecclesiae
674 4283 807 4351 officium.
851 4284 925 4338 Illud

92 4368 164 4423 enim
192 4384 255 4422 curn
280 4385 297 4422 a
316 4369 429 4439 politico
454 4369 598 4424 dominatu
623 4369 659 4422 sit
678 4368 781 4424 Christi
799 4387 866 4425 voce
885 4366 1084 4463 se-'Wolffius
1097 4366 1125 4419 in
1138 4363 1362 4421 lectmemorab.
1380 4369 1454 4420 cent.
1477 4369 1514 4419 16.
1534 4381 1561 4433 p.
1581 4364 1682 4420 maa
1709 4365 1789 4420 Idem
1857 4415 1861 4421 .

91 4459 218 4526 paratum
237 4454 305 4510 Luc.
325 4461 372 4519 22,
399 4473 424 4508 v.
446 4461 485 4510 25.
505 4462 536 4510 ut
560 4456 589 4510 in
607 4457 784 4526 praecedenti
802 4453 1134 4523 tractatnrcomprobant
1157 4450 1345 4520 expeditiones
1372 4449 1472 4503 Leonis
1490 4450 1541 4503 IX.
1570 4449 1640 4504 bulii
1661 4451 1698 4503 ll.
1723 4451 1788 4504 Phi·

91 4541 175 4595 latius
194 4541 377 4608 ostendimus,
398 4541 460 4596 ideo
477 4547 641 4612 potestatem
661 4542 748 4612 gladii
767 4544 925 4613 corporalis,
953 4539 1022 4609 lippi
1041 4537 1164 4608 episcopi
1182 4534 1396 4602 Bellovacensis,
1413 4535 1613 4606 archiepiscopi
1631 4535 1787 4592 Eboracen·

92 4627 128 4681 ad
156 4644 238 4697 quem
253 4629 301 4697 jus
319 4627 502 4699 belligerandi
526 4628 653 4698 pertinet,
679 4644 854 4698 nequaquam
874 4629 925 4683 sibi
938 4606 940 4701 i
953 4626 999 4692 sis,
1018 4625 1065 4694 qui
1078 4628 1167 4677 totum
1183 4622 1333 4678 exercitum
1345 4621 1475 4691 perdidit,
1494 4637 1577 4692 quesn
1590 4639 1623 4676 ex
1638 4623 1787 4690 monachis,

96 4729 226 4783 arrogare
246 4712 358 4767 debent.
396 4712 584 4767 Ministrorum
598 4712 866 4768 ecclesiacofticium
885 4706 1142 4780 estlsacerdotibus
1164 4715 1193 4763 et
1218 4707 1327 4762 rusticis
1345 4712 1442 4762 contra
1459 4706 1556 4763 Scotos
1577 4708 1714 4763 educebat
1734 4715 1786 4764 etc.

96 4798 211 4854 verbum
232 4799 406 4869 praedicare,
439 4806 611 4854 sacramenta
635 4798 843 4868 administrare,
876 4787 1025 4869 pro³Vide
1051 4795 1220 4850 Aventinum
1244 4793 1273 4847 in
1303 4793 1407 4847 exhort.
1438 4794 1473 4848 de
1496 4792 1560 4847 bell.
1585 4800 1682 4848 contm
1704 4794 1787 4849 Ture.

93 4885 196 4956 populo
220 4902 312 4954 orare,
345 4886 519 4956 disciplinam
540 4902 667 4941 exercere
695 4891 746 4940 etc.
774 4886 821 4957 qui
842 4881 1054 4963 hascegsuscip.
1091 4886 1116 4936 b.
1136 4881 1257 4932 Petrum
1275 4879 1449 4948 suffrapium.
1487 4877 1564 4934 Inter
1582 4895 1701 4935 canones
1720 4897 1785 4950 apo-

93 4971 215 5025 muneris
227 4972 269 5025 sui
282 4977 375 5042 partes
391 4971 540 5042 diligenter
552 4972 664 5041 obeunt,
683 4971 738 5024 illis
751 4972 786 5024 ad
799 4988 926 5042 pugnan-
938 4981 941 5047 j
953 4967 1031 5022 stolis
1050 4966 1197 5022 attributos
1216 4981 1276 5019 can.
1298 4969 1339 5020 28.
1360 4964 1401 5018 sic
1420 4964 1593 5020 decernitur:
1613 4968 1789 5038 Episcopum

93 5057 159 5110 dum
184 5056 253 5111 nihil
277 5057 430 5128 quidquam
452 5059 584 5127 temporis
612 5058 664 5112 erit
681 5057 817 5111 relictum.
852 5056 1002 5129 Tho-[aut
1022 5055 1215 5124 presbyterum
1243 5051 1444 5119 percutientem
1470 5053 1570 5116 fideles
1598 5053 1789 5121 delinquentes

93 5161 151 5199 mas
167 5150 190 5200 2.
205 5149 229 5199 2.
246 5162 273 5215 q.
289 5149 327 5199 40.
341 5150 390 5199 art.
409 5149 432 5198 2.
454 5143 523 5196 duas
536 5143 618 5198 affert
634 5143 755 5198 rationes
775 5159 808 5197 ex
834 5141 926 5197 officio
939 5134 942 5175 ¹
954 5150 1003 5194 out
1021 5140 1149 5205 infideles
1168 5138 1262 5207 inique
1286 5145 1399 5205 apentes
1424 5139 1514 5207 dejici
1538 5140 1574 5192 ab
1591 5141 1688 5204 officio
1705 5157 1788 5208 prae·

93 5230 256 5284 clericorum
276 5229 386 5297 ductas,
411 5235 523 5299 propter
547 5245 616 5299 quas
644 5245 698 5282 non
725 5229 870 5283 conveniat
887 5178 1080 5298 eisdcipimus.
1123 5223 1380 5293 ”chrysostomus
1406 5223 1477 5280 hom.
1505 5230 1531 5281 4.
1550 5225 1585 5280 de
1603 5225 1678 5280 verb.
1698 5225 1788 5281 Enni:

93 5331 171 5370 arma
195 5321 321 5371 tractare.
361 5317 460 5369 Primo
485 5314 552 5384 quia
577 5316 680 5369 bellica
706 5316 839 5369 exercitia
858 5317 927 5369 rnul-
956 5313 1120 5367 Sacerdotis
1139 5319 1178 5364 est
1191 5311 1328 5381 populum
1348 5327 1474 5375 monere,
1492 5328 1549 5364 non
1566 5327 1677 5364 mouere
1697 5329 1787 5381 arma,

93 5409 150 5455 tum
192 5403 346 5472 impediunt
382 5419 400 5454 a
437 5402 669 5469 contemplatione
704 5401 863 5454 divinorum
901 5408 928 5453 et
954 5400 1021 5468 quia
1048 5397 1177 5466 pladium
1207 5397 1320 5460 neentis,
1349 5415 1406 5450 non
1435 5397 1543 5450 Martis
1569 5405 1649 5452 tenet.
1691 5400 1788 5467 Ipsius

94 5488 181 5541 laude
198 5489 255 5542 Dei
272 5497 298 5542 et
317 5489 446 5542 aratione
459 5505 515 5557 pro
536 5488 656 5559 populo.
694 5486 808 5540 Deinde
831 5486 930 5540 clerici
954 5486 1027 5539 enim
1043 5484 1102 5537 uita
1115 5483 1145 5536 in
1164 5483 1395 5552 contemplatione
1409 5483 1543 5552 Spiritus,
1561 5501 1617 5537 non
1633 5484 1664 5536 in
1678 5486 1788 5539 actione

94 5574 265 5628 ordinantur
287 5576 329 5628 ad
347 5574 531 5629 ministerium
548 5573 667 5636 alteris,
696 5573 726 5627 in
739 5587 798 5641 'qino
814 5569 1076 5644 cepnae-imiliteri
1106 5566 1285 5623 considit*
1335 5566 1499 5623 Ambrosius
1533 5568 1561 5622 in
1593 5575 1662 5624 orat
1691 5575 1788 5625 contra
