4020 6014
235 295 297 355 ιιι
810 276 934 338 Ῑιθῦΰθ
954 275 1161 337 victumis
1180 276 1360 345 Quaeras

236 441 398 511 apostolas,
422 438 500 509 quod
517 438 574 492 ista
598 436 769 505 imperentur
793 433 921 488 omnibm
938 440 965 488 st
981 447 1075 487 saser-
1101 434 1138 488 ab
1154 450 1250 490 eorum
1268 441 1403 505 potestate
1422 435 1540 507 blesim
1559 432 1679 488 eaimm
1693 431 1844 503 potuisse,
1866 429 1941 486 alind

237 528 358 594 deabus,
372 532 400 580 et
414 523 566 591 monachis,
583 539 640 576 non
653 521 744 576 solum
753 519 938 590 vocatoribus,
954 520 987 574 iel
999 520 1077 588 qaod
1101 519 1174 575 enim
1193 524 1236 576 est
1247 519 1366 590 Christe,
1385 519 1462 575 aliud
1474 518 1640 591 pontificiae
1651 517 1800 589 subjicere.
1836 514 1940 581 Quodsi

237 612 335 666 statim
352 612 383 663 in
403 611 466 678 epto
484 608 601 662 eaordio
619 607 763 670 declarat,
790 622 851 659 man
872 606 959 660 dicits
980 605 1076 660 Omnis
1099 605 1240 676 principes
1254 602 1457 662 Christofidem
1474 605 1573 660 dantes
1587 621 1620 661 ec
1633 605 1695 676 ipso
1707 603 1845 660 amittunt
1857 602 1939 673 juris·

239 698 337 752 oniam
369 695 553 766 potestatibus
582 692 849 764 supereminentibus
880 692 918 745 sit
953 691 1076 759 ιιιιιιὶια,
1100 691 1249 746 ἀίοιίοιιιιι
1277 690 1386 746 civilem
1416 692 1446 746 in
1472 690 1605 761 clericos,
1631 697 1692 745 tum
1716 688 1866 760 privantem
1890 704 1938 742 sua

237 782 351 836 etiamsi
376 781 525 850 apostolas
546 781 601 847 sie,
624 779 652 832 si
669 778 856 847 manpellsta,
883 776 911 830 si
922 776 1074 849 propheta,
1097 778 1162 848 jure
1180 777 1287 848 absque
1304 776 1465 848 ullaculpa,
1482 775 1786 847 quodestabsurdum.
1818 779 1845 830 2.
1862 772 1938 828 Idem
1949 776 1996 820 nv.

239 868 299 922 siae
318 867 445 936 quisquis
470 868 585 921 tandem
609 865 717 932 fruris,
742 879 828 933 nepte
853 863 926 917 enim
939 851 1124 932 pietatemlc.
1143 868 1185 919 ιι.
1204 860 1407 934 §.quartoue
1426 861 1507 917 aliter
1524 861 1635 932 excipit,
1653 861 1806 916 sententias
1827 866 1937 930 aposto

236 953 369 1008 ιιιιιιιιι
393 953 450 1006 t'eta
474 951 616 1021 subJeotia.
658 951 699 1005 lit
721 967 778 1004 non
800 948 968 1019 simpliciter
994 949 1075 1018 diei,
1100 948 1193 1003 lorum
1210 949 1353 1005 eon.13.
1373 949 1539 1006 1.Pstr.2.
1559 946 1795 1019 sssepenerales.
1837 943 1938 1008 Quam·

238 1039 367 1102 obediat,
394 1039 447 1091 sed
462 1038 576 1091 subdita
592 1036 638 1090 sit.
672 1034 901 1106 'theophylactus
928 1034 958 1088 in
976 1049 1074 1090 comm
1100 1034 1143 1089 oie
1163 1034 1236 1088 enim
1259 1034 1423 1089 mminats'ss
1447 1033 1532 1088 iniis
1544 1034 1599 1103 fiat
1617 1033 1721 1089 merstio
1740 1049 1857 1103 repam,
1873 1047 1938 1100 qna·

238 1123 366 1179 hocloco
382 1123 403 1179 f.
420 1129 486 1180 est:
503 1122 658 1196 Apostolus
677 1122 771 1176 audit
788 1128 814 1175 et
831 1119 951 1174 instituit
968 1136 1075 1176 omnem
1101 1121 1179 1175 niam
1194 1137 1226 1174 ea
1247 1128 1369 1188 tempore
1388 1119 1472 1175 valde
1490 1119 1679 1174 neausarium
1695 1124 1767 1179 {mat
1786 1117 1938 1188 dilipentn

237 1210 371 1279 animam,
383 1211 441 1265 sios
451 1211 586 1264 sacuam
595 1209 736 1279 quispiam
748 1207 847 1276 ίιιιιι,
859 1207 902 1261 rel
915 1207 1074 1268 monachus,
1102 1222 1212 1260 monem
1233 1205 1425 1270 Christianos,
1452 1212 1482 1259 ut
1499 1204 1611 1273 sepibus
1634 1204 1794 1271 obedirent,
1819 1219 1856 1256 sse
1874 1203 1940 1268 idei

237 1296 281 1350 oei
297 1296 456 1365 apostolas,
482 1296 587 1364 subjici
600 1293 803 1364 potestatibus,
829 1292 894 1362 epea
921 1291 995 1347 erden
1012 1292 1075 1345 sub·
1099 1292 1282 1366 praedicatio
1299 1293 1499 1363 impediretur,
1522 1299 1616 1346 tantan
1633 1290 1761 1345 absolvas
1779 1288 1868 1344 amba
1886 1289 1939 1342 ello

232 1382 324 1451 ‚ieetio
342 1399 398 1436 nou
414 1381 526 1435 invertit
542 1382 683 1453 pietatem.
719 1376 898 1435 Bernherdus
916 1393 960 1447 ep.
978 1382 1022 1432 42.
1040 1376 1076 1431 ed
1102 1387 1159 1433 tam
1175 1377 1272 1447 Petri,
1288 1377 1480 1448 quamPauli
1496 1377 1569 1432 nihil
1586 1377 1671 1432 aliud
1687 1375 1867 1446 sipniricant,
1885 1373 1940 1427 nisi

238 1466 401 1537 archiepisc.
420 1465 536 1522 Senem:
561 1465 658 1520 Omnis
675 1465 774 1519 anima
788 1462 975 1535 potestatibus
991 1462 1077 1516 subli-
1101 1466 1202 1520 debere
1226 1481 1320 1519 omnes
1350 1463 1474 1538 homines
1501 1464 1562 1517 sais
1585 1463 1718 1532 lepitirne's
1745 1460 1939 1532 superioribus

239 1553 375 1607 rnioribm
392 1552 431 1605 sit
449 1552 571 1606 subdita
610 1551 646 1607 Si
661 1550 760 1618 omnis,
782 1557 809 1604 et
827 1556 929 1604 seara.
963 1534 1019 1611 ilai
1028 1564 1077 1601 eos
1102 1551 1224 1606 &biam
1242 1550 1427 1605 obedientiam
1445 1550 1586 1617 eahibme,
1610 1565 1699 1619 meare
1721 1565 1780 1602 non
1797 1552 1893 1616 potest
1908 1563 1939 1600 se

195 1631 197 1634 ’
241 1638 346 1707 eneepit
360 1639 396 1692 ab
409 1638 615 1692 universitate?
630 1636 731 1705 siquis
744 1642 833 1689 tentat
848 1635 1078 1706 exasperatore-
1101 1638 1146 1692 his
1164 1637 1327 1692 testimoniis
1352 1636 1518 1708 apostolicis
1536 1634 1672 1708 probari,
1699 1633 1819 1689 elericos
1831 1633 1938 1703 prinei·

239 1732 287 1778 tur
312 1725 448 1795 decipere.
483 1721 563 1777 Idem
588 1726 713 1792 aptit:
739 1720 867 1776 Etiamsi
891 1728 964 1774 totus
983 1728 1078 1774 terra·
1101 1725 1183 1794 pibus
1201 1723 1290 1777 swrbi
1305 1723 1486 1793 ostipsoruns
1499 1722 1606 1790 lapibus
1628 1721 1822 1790 obtemperare
1831 1719 1938 1783 debers,

239 1827 302 1864 rum
322 1808 398 1864 orbis
416 1810 553 1862 adsersus
577 1823 620 1861 me
639 1809 817 1876 conjuraret,
842 1815 872 1860 ut
888 1805 1002 1875 aliquid
1019 1823 1076 1859 mo·
1102 1810 1160 1864 arisi
1173 1809 1257 1878 prius
1276 1809 1424 1878 probetur,
1447 1808 1596 1879 principes
1620 1824 1655 1861 aa
1677 1823 1758 1874 repes
1772 1805 1865 1860 soeuli
1880 1821 1937 1860 sese

238 1896 298 1952 liar
316 1897 452 1948 adoneus
469 1894 578 1963 sepiam
594 1895 782 1963 majestatem,
800 1907 851 1961 epo
870 1900 964 1946 tamen
982 1892 1077 1947 Deum
1102 1895 1241 1965 lepitimos
1256 1895 1418 1964 superiores
1435 1902 1461 1950 et
1474 1894 1591 1963 judiees
1604 1893 1782 1948 elerioorusn.
1814 1891 1938 1947 Eandem

240 1982 363 2035 timerem
395 1988 422 2033 et
454 1979 615 2033 ordinatum
645 1979 682 2033 ab
711 1980 774 2049 ipso
807 1995 901 2046 sepem
935 1979 1077 2048 offendere
1102 1980 1294 2052 exceptionem
1319 1980 1435 2035 adducit
1459 1979 1510 2034 lib.
1529 1985 1554 2035 2
1582 1978 1714 2034 deltam.
1745 1982 1827 2050 pant.
1857 1995 1880 2032 c.
1898 1983 1938 2033 ti.

238 2075 341 2121 temere
361 2082 418 2119 non
437 2066 581 2133 auderem,
599 2081 704 2120 mensor
719 2065 796 2134 ejas:
821 2064 876 2127 Qui
882 2065 1018 2133 potestati
1035 2080 1079 2116 re·
1103 2082 1176 2136 resp.
1203 2065 1240 2120 ad
1264 2071 1289 2123 3.
1309 2081 1427 2136 umque
1452 2064 1554 2135 repetit
1580 2065 1609 2118 in
1633 2081 1707 2135 resp.
1729 2063 1767 2119 ed
1785 2068 1812 2120 8.
1830 2079 1937 2135 propos.

239 2153 328 2217 sistit,
357 2152 417 2207 Dei
446 2151 623 2206 ordinationi
655 2151 770 2206 resistit.
823 2150 950 2204 Eundem
985 2149 1075 2204 lacum
1102 2151 1132 2206 in
1150 2167 1225 2205 caus.
1244 2150 1343 2208 Venet.
1369 2157 1397 2205 et
1421 2156 1518 2210 tantm
1535 2149 1652 2205 Barclai.
1676 2165 1701 2205 e.
1719 2154 1745 2204 3.
1780 2148 1938 2220 Responde

239 2246 321 2310 urges
339 2243 435 2293 annua
463 2237 617 2291 Adriannm
646 2237 685 2292 11.
712 2235 828 2292 Carolus
848 2233 950 2290 Calvus
969 2233 1078 2290 Galliae
1103 2227 1179 2291 mus:
1209 2235 1316 2307 Scopas
1334 2235 1451 2306 apostoli
1471 2239 1513 2291 est
1531 2234 1699 2304 redarguere
1718 2250 1775 2302 cos,
1794 2234 1846 2306 qui
1862 2251 1939 2306 prae·

239 2340 288 2380 rex
312 2324 342 2378 in
366 2323 445 2394 epist.
469 2323 507 2379 ad
532 2321 709 2393 pontificem,
734 2338 806 2393 quae
830 2326 920 2377 exstat
946 2321 976 2375 in
995 2320 1077 2376 catal.
1103 2326 1180 2377 textu
1205 2321 1342 2379 libertatis
1363 2319 1536 2376 Christianae
1560 2319 1683 2374 homines
1708 2319 1889 2376 abducebant
1904 2321 1938 2376 ab

238 2417 301 2467 test.
326 2410 405 2465 verit.
433 2427 464 2480 p.
494 2414 553 2465 sta.
579 2405 607 2482 ξ.
638 2407 722 2465 Unde
740 2408 813 2463 sicut
843 2413 898 2462 etc.
944 2405 991 2461 Sia
1009 2424 1076 2478 ergo
1103 2407 1261 2463 obedientia
1283 2407 1457 2479 magismatui
1482 2406 1567 2462 etiam
1591 2404 1697 2461 infideli
1722 2411 1751 2461 et
1773 2405 1886 2462 ahaim
1910 2407 1939 2462 iu

239 2494 438 2552 concludimus.
476 2494 530 2558 Qui
547 2493 616 2548 dicit
632 2510 727 2557 omne,
744 2493 813 2548 nihil
837 2492 967 2547 excludit
1001 2490 1077 2562 Apo·
1102 2492 1231 2549 civilibus
1247 2493 1432 2564 praestanda,
1456 2501 1489 2548 ut
1504 2491 1717 2563 chrysostomus
1743 2490 1774 2546 in
1792 2499 1937 2549 commem

242 2580 330 2635 stolus
348 2594 443 2634 omnes
461 2578 586 2633 homines
603 2577 787 2648 potestatibus
799 2576 1006 2632 sublimioribus
1019 2578 1077 2632 sive
1102 2580 1232 2635 observat
1259 2585 1288 2635 et
1305 2596 1356 2633 suo
1374 2579 1437 2634 loco
1461 2579 1679 2633 demonstratum
1702 2575 1763 2634 luit.
1815 2577 1891 2650 Ergo
1912 2578 1938 2632 in

241 2664 415 2738 magistratui
428 2664 513 2735 jubet
531 2679 591 2719 esse
608 2663 758 2734 subJectos.
793 2662 869 2735 Ergo
887 2680 943 2719 non
955 2662 1077 2719 excludit
1102 2666 1195 2737 speeie
1221 2665 1281 2736 agit
1307 2664 1343 2718 de
1368 2662 1533 2736 magistratu
1560 2663 1683 2733 politico.
1724 2661 1879 2719 Prmterer
1905 2663 1938 2718 de

240 2751 375 2807 manias
393 2749 542 2819 mmnuos,
563 2749 631 2821 quin
649 2749 705 2804 imo
723 2766 787 2804 cum
800 2747 905 2804 scribet
921 2749 958 2804 ad
972 2765 1075 2817 omnes,
1102 2752 1152 2807 tali
1171 2756 1309 2821 potestate
1320 2748 1444 2821 loquitur
1462 2747 1614 2820 apostolus,
1631 2764 1704 2820 quae
1724 2749 1857 2816 alodiam
1870 2768 1937 2822 por·

242 2837 291 2910 qni
311 2842 376 2891 sunt
390 2836 505 2903 Romae,
522 2835 639 2890 duratos
651 2835 717 2902 Dei,
736 2842 848 2889 eocaws
865 2843 977 2889 sanatos
994 2835 1075 2890 Rom.
1102 2844 1142 2891 tat
1167 2844 1195 2892 et
1223 2835 1268 2891 cui
1295 2840 1471 2906 praestentur
1496 2833 1611 2889 tribute.
1655 2834 1698 2889 Ea
1722 2851 1789 2890 vero
1813 2852 1869 2891 non
1898 2841 1938 2892 est

243 2930 266 2989 1,
285 2940 311 2976 v.
330 2929 355 2978 7.
374 2922 447 2976 inter
466 2937 536 2992 qnos
553 2922 638 2976 enam
656 2920 748 2976 locum
766 2921 925 2976 babuerunt
943 2920 1076 2977 ecclesiae
1101 2921 1301 2990 aeclesiastica,
1327 2921 1377 2976 sed
1402 2920 1523 2992 politica.
1565 2920 1696 2975 ”Nulla
1718 2929 1784 2976 tane
1804 2923 1937 2996 aemma

240 3008 315 3064 illius
336 3006 469 3075 ministri,
487 3006 584 3079 utique
602 3007 686 3062 etiam
704 3024 750 3062 eos
768 3007 944 3080 magistratui
963 3006 1075 3063 obedim
1102 3009 1164 3065 alia
1181 3025 1266 3077 meam
1281 3007 1400 3078 politica
1420 3015 1447 3060 st
1471 3007 1636 3076 termsoralis
1651 3013 1777 3076 potestas
1800 3008 1884 3078 rubo
1903 3010 1937 3063 ab

237 3094 328 3170 jubet
364 3091 477 3164 Excipit
506 3099 527 3150 1.
550 3093 738 3148 Bellarminus
763 3092 811 3149 lib.
836 3093 872 3148 de
895 3093 960 3150 cler.
989 3109 1013 3148 c
1034 3098 1075 3150 28.
1102 3094 1259 3148 hominibus
1289 3093 1500 3163 senescebatar.
1550 3094 1591 3147 Et
1622 3093 1768 3162 apostolus
1798 3093 1842 3148 ita
1871 3113 1937 3150 suas

241 3197 321 3253 prop.
351 3183 375 3233 3.
407 3178 535 3248 quamvis
563 3181 632 3248 jure
669 3179 765 3234 diuino
796 3179 834 3232 sit
862 3179 951 3234 omnes
978 3179 1076 3233 anima
1102 3179 1237 3251 epistolas
1259 3179 1442 3248 consempsit,
1468 3187 1499 3232 ut
1525 3196 1582 3232 non
1609 3180 1701 3233 solum
1728 3186 1877 3235 tonosmos
1899 3182 1939 3235 ad

240 3263 451 3319 sublimioribus
460 3263 645 3333 potestatibus
663 3263 796 3333 subjecta,
816 3280 850 3318 aa
860 3264 978 3334 perhoc
992 3264 1077 3317 etiam
1103 3268 1187 3331 fidem
1207 3265 1332 3320 emedirst
1357 3264 1456 3333 saiqsse
1480 3263 1574 3334 officii
1586 3265 1763 3330 admorseret,
1786 3282 1823 3320 ne
1847 3266 1939 3320 suisti-

240 3350 369 3420 repibus,
392 3351 461 3403 dum
488 3348 666 3404 sublimiores
694 3355 849 3417 potestates
879 3356 956 3418 sunt,
984 3356 1077 3404 tamen
1104 3359 1226 3419 merent,
1246 3367 1275 3405 ee
1294 3350 1337 3403 ita
1358 3349 1462 3403 Christi
1485 3350 1621 3418 samaim
1641 3352 1794 3420 redemtos,
1820 3359 1851 3406 ut
1868 3351 1942 3406 nulli

240 3436 305 3501 tisri
312 3451 405 3506 posse,
418 3442 449 3488 ut
468 3434 519 3503 qui
531 3451 605 3488 nanc
624 3441 664 3488 est
681 3434 826 3489 sublimior
835 3442 972 3505 potestas,
984 3436 1077 3505 paulo
1104 3437 1226 3505 amplius
1245 3435 1383 3505 potestati
1406 3435 1534 3490 ιιιιιιανι·
1557 3435 1672 3490 obedire
1689 3442 1863 3502 temnentia,
1892 3439 1942 3491 sesi

237 3528 305 3592 post
321 3538 377 3576 nan
394 3520 448 3590 eit,
470 3528 500 3575 at
523 3522 551 3574 si
566 3521 627 3590 epse
650 3520 784 3590 subjiciat
805 3521 892 3576 alteri
905 3529 1017 3590 partem
1034 3522 1079 3575 sui
1104 3524 1189 3577 ιιιαιι
1216 3529 1247 3574 ιιι
1276 3520 1392 3574 ιιιιιοιι
1425 3527 1451 3575 st
1480 3519 1642 3586 infidelibus
1672 3523 1817 3585 erederet,
1853 3522 1941 3592 lepem

241 3606 338 3676 rapui,
363 3606 407 3661 ael
417 3607 487 3676 jare
508 3605 588 3672 belli,
614 3613 664 3658 ant
688 3606 749 3660 alio
760 3606 841 3675 jueta
861 3607 945 3661 ιίιιιιο
963 3623 1077 3673 repnum
1108 3610 1296 3663 Christianam
1315 3606 1391 3663 nulli
1407 3603 1461 3676 jus
1479 3624 1559 3660 suum
1579 3608 1711 3677 auferre,
1734 3625 1786 3663 neo
1804 3625 1863 3663 esse
1882 3609 1940 3664 alla

243 3692 287 3747 ael
313 3693 396 3760 nepai
415 3700 528 3760 partem
552 3691 672 3745 amittat.
712 3689 848 3752 Quoniam
874 3707 941 3761 erpo
960 3693 1078 3746 clemens
1105 3697 1188 3751 modo
1211 3693 1364 3764 temporali
1386 3710 1482 3762 repam
1501 3700 1528 3746 et
1544 3692 1748 3764 imperatarum
1776 3696 1943 3752 auomritati

238 3778 347 3851 partim
365 3778 424 3846 ipsi
435 3777 581 3848 prinsipes
598 3776 775 3845 subjecerunt
794 3776 824 3830 in
843 3778 969 3830 omnibus
986 3779 1079 3832 eomes
1105 3789 1131 3835 st
1145 3779 1283 3853 potestati
1299 3779 1479 3834 contrariom.
1510 3777 1654 3834 Barclaius
1672 3778 1708 3834 de
1719 3784 1822 3850 potest
1833 3780 1941 3852 pap*

243 3863 330 3919 etiam
357 3863 557 3931 temporalibus
581 3870 607 3915 et
636 3862 765 3916 ciuilibus
790 3863 930 3932 episeopis
952 3865 1025 3929 suis,
1053 3873 1078 3918 et
1106 3866 1161 3923 Sed
1193 3865 1304 3934 demus,
1324 3864 1481 3933 apostolum
1512 3864 1547 3918 de
1576 3863 1720 3935 quibusvis
1751 3866 1941 3936 superioribus

243 3966 366 4002 summm
382 3948 646 4017 pontifeaalericos
659 3964 752 4001 omnes
763 3949 893 4002 enemita
909 3949 1078 4016 subjectione
1105 3952 1194 4025 loqui,
1217 3949 1302 4006 nihilo
1327 3956 1422 4005 temen
1448 3950 1540 4004 miuus
1567 3957 1661 4006 manet
1679 3950 1767 4021 illud,
1792 3952 1896 4024 quibus
1913 3953 1941 4008 in

240 4035 404 4106 principans
421 4033 607 4100 secularium,
626 4034 751 4102 sequitur
771 4041 802 4087 ut
817 4042 944 4103 respectu
963 4036 1077 4090 clerico·
1104 4039 1187 4094 rebus
1211 4036 1312 4108 aliquis
1339 4040 1466 4106 praeest,
1494 4035 1522 4089 in
1549 4035 1584 4090 iis
1606 4036 1728 4108 reliquos
1752 4036 1808 4108 ipsi
1825 4038 1941 4109 obsequi

245 4139 309 4174 ram
342 4117 489 4187 principes
530 4134 586 4170 non
621 4117 678 4171 siat
719 4119 879 4188 superiores
917 4128 1077 4189 potestates.
1105 4124 1207 4180 debere
1231 4139 1264 4178 ae
1290 4121 1406 4192 proinde
1430 4119 1514 4176 etiam
1539 4121 1741 4178 ecclesiasticos
1756 4122 1940 4195 principibus,

242 4204 469 4277 Respondemus:
486 4201 557 4272 petit
567 4200 752 4258 Bellarminus
763 4203 939 4274 principium,
959 4205 988 4259 id
1005 4207 1078 4261 enim
1105 4210 1201 4282 quiin
1223 4206 1306 4263 rebus
1327 4204 1526 4277 temporalibus
1542 4213 1692 4277 praesunt,
1709 4207 1877 4279 obsequium
1894 4210 1940 4265 de

243 4293 273 4348 in
292 4288 454 4363 quaestione
475 4295 532 4356 est,
552 4304 588 4342 sn
607 4287 747 4359 principes
766 4289 881 4344 clericos
899 4307 917 4345 a
934 4304 985 4346 sua
1000 4298 1077 4363 pote
1104 4296 1185 4365 bere,
1210 4290 1444 4365 quemadmodum
1469 4291 1499 4346 in
1517 4291 1707 4362 spiritualibus
1726 4294 1883 4364 parendum
1899 4301 1942 4351 est

244 4383 317 4433 state
341 4373 492 4432 exemerint
519 4374 563 4430 vel
583 4373 701 4430 eximere
719 4373 873 4445 debuerint,
891 4383 919 4432 et
935 4394 972 4432 an
987 4379 1077 4449 ponti·
1105 4378 1242 4450 episeopis
1261 4376 1298 4434 ab
1315 4377 1443 4432 omnibus
1456 4393 1490 4432 ac
1502 4377 1619 4448 proinde
1633 4377 1717 4435 etiam
1730 4379 1766 4437 ab
1784 4379 1855 4451 ipsis
1867 4379 1941 4451 prin-

244 4461 291 4517 fex
317 4461 457 4516 &manns
484 4477 531 4515 eos
554 4478 587 4515 ex
614 4459 769 4531 principum
797 4452 935 4531 potestate
959 4463 1079 4520 sumere
1105 4465 1222 4538 cipibus,
1239 4469 1376 4536 quatenus
1394 4461 1500 4519 scilicet
1523 4469 1661 4534 potestate
1686 4481 1737 4519 sua
1756 4465 1841 4536 juxta
1862 4465 1940 4521 verbi

244 4547 374 4620 potuerit.
418 4546 449 4600 Si
474 4547 592 4602 exemtio
618 4545 667 4600 illa
693 4546 838 4601 descendit
863 4564 897 4603 ax
919 4549 1077 4621 principum
1104 4551 1205 4610 limites
1222 4555 1348 4606 utuntur.
1391 4547 1472 4613 Quod
1494 4546 1681 4625 Bellarminus
1703 4548 1785 4614 dicit,
1807 4552 1839 4604 in
1859 4569 1941 4622 psae-

244 4633 419 4704 indulgentia
446 4638 474 4685 et
501 4632 663 4706 privilegio,
693 4650 750 4687 non
780 4632 930 4689 descendet
957 4654 990 4692 ex
1013 4638 1078 4708 jure
1104 4639 1194 4693 stione
1211 4639 1305 4691 adhue
1324 4651 1397 4704 esse,
1423 4653 1461 4688 aa
1477 4651 1559 4702 repes
1577 4636 1667 4690 secali
1683 4635 1739 4690 sint
1758 4636 1881 4704 leps’timi
1895 4656 1939 4692 su-

246 4718 355 4789 divino,
382 4718 447 4790 quia
464 4718 605 4772 concessio
623 4717 763 4790 privilegii
783 4726 827 4775 est
844 4719 1009 4790 voluntatis,
1028 4723 1077 4779 sed
1104 4725 1231 4795 periores
1247 4723 1431 4791 alemooram,
1458 4720 1488 4775 id
1508 4737 1542 4777 ex
1559 4726 1637 4777 textu
1654 4721 1807 4792 apostolico
1825 4721 1941 4779 firmiter

241 4804 313 4878 juris
340 4803 426 4859 divini
450 4803 556 4858 amatio
581 4810 624 4859 est
652 4805 764 4860 strictae
788 4805 972 4863 necessitatis.
1017 4807 1078 4864 Nec
1103 4809 1215 4884 probari
1236 4809 1362 4863 dicimus.
1397 4806 1551 4878 Apostolus
1575 4807 1649 4863 enim
1665 4807 1835 4879 generaliter
1853 4808 1940 4882 loqui·

244 4890 337 4963 potuit
355 4888 399 4944 vel
415 4895 510 4960 potest
527 4888 651 4960 pontifex
662 4896 759 4946 canna
768 4891 817 4962 jus
836 4891 959 4947 divinum
973 4892 1078 4966 aliquid
1105 4904 1162 4962 tur,
1186 4895 1262 4970 quod
1288 4894 1377 4948 omnis
1403 4895 1499 4948 anima
1518 4893 1705 4964 potestatibus
1730 4894 1942 4951 sssblimioribus

244 4982 381 5039 statuere,
404 4976 464 5045 jam
484 4990 549 5028 vero
568 4975 660 5030 clerici
678 4992 712 5030 ex
725 4978 791 5048 jure
809 4976 902 5032 divino
921 4976 1080 5051 obligantur
1106 4983 1205 5037 demat
1223 4996 1283 5034 esse
1293 4979 1426 5049 sabjecta,
1442 4984 1471 5035 et
1489 4979 1594 5050 profert
1607 4985 1774 5051 argumenta
1791 4981 1941 5054 generalia,

244 5063 281 5117 ad
299 5060 484 5116 obedientiam
496 5061 672 5133 magistratui
683 5061 757 5117 civili
771 5064 974 5134 praestandam.
1003 5064 1079 5138 Ergo
1105 5084 1177 5139 quae
1196 5067 1271 5136 ipsos
1288 5065 1372 5121 etiam
1390 5064 1506 5120 clericos
1527 5071 1705 5136 concernunt,
1724 5065 1857 5124 videlicet
1876 5067 1942 5139 quia

243 5146 368 5219 pontifex
401 5163 456 5200 non
487 5147 579 5216 potuit
611 5147 672 5202 illos
699 5148 736 5203 ab
764 5148 925 5205 obedientia
953 5151 1078 5207 eximere.
1104 5152 1283 5224 meginratus
1301 5151 1421 5222 estDei
1437 5151 1597 5219 ordinatio,
1615 5152 1662 5206 cui
1678 5152 1727 5221 qui
1748 5153 1866 5222 resistit,
1885 5154 1944 5209 Dei

244 5231 361 5288 Frustra
379 5230 448 5286 abbi
467 5231 651 5287 Bellarminns
669 5233 780 5303 excipit,
798 5252 878 5302 repes
898 5235 1078 5309 etprinoipes
1104 5236 1281 5293 molinatioai
1302 5237 1420 5304 resistit,
1446 5236 1512 5307 quia
1535 5243 1689 5293 conmmtus
1707 5242 1736 5294 et
1753 5236 1943 5296 inobedientia

244 5320 274 5372 in
292 5336 345 5372 sua
374 5319 415 5371 asi
433 5316 677 5373 Christianismum
696 5321 875 5375 consumans
892 5330 1006 5393 sceptra
1024 5341 1079 5378 sua
1104 5322 1190 5381 trahit
1206 5338 1301 5379 secum
1319 5338 1431 5394 poenas,
1449 5321 1614 5393 obsequium
1631 5337 1697 5379 vero
1714 5320 1828 5379 laudem
1847 5325 1943 5396 habet,

247 5404 370 5473 Christo,
387 5403 439 5459 hec
459 5411 515 5474 est,
535 5402 642 5458 Christi
660 5405 690 5458 ia
706 5405 791 5460 terris
809 5407 933 5477 mario,
950 5409 1079 5464 Romano
1104 5411 1171 5484 quia
1196 5406 1355 5465 obedientia
1386 5425 1454 5482 erga
1491 5408 1685 5480 magistratum
1713 5409 1872 5466 nenssaris
1900 5418 1944 5468 est

244 5490 498 5566 stibetpontifiei,
518 5490 665 5568 subjicere,
680 5492 805 5582 proinde
818 5495 901 5573 niam
916 5495 1078 5569 ponentem
1104 5512 1160 5558 non
1184 5499 1294 5554 mun
1319 5499 1435 5573 propter
1462 5494 1536 5554 iram
1556 5493 1614 5553 sive
1631 5509 1751 5577 ροοιιιιι
1768 5492 1943 5579 fugium,

1627 5814 1660 5862 ⁸
