4020 6014
613 220 905 292 usmtmrmro
924 233 1224 296 coonusrssmco.
1701 254 1757 312 ιιι

71 391 153 447 Petro
172 397 206 447 ιιι
224 392 350 464 apostolo
369 389 533 446 successisse
551 390 699 456 dicendus,
726 408 788 445 cum
807 407 903 446 secun·
929 390 990 447 libr.
1010 398 1032 447 ⁴.
1053 394 1132 465 epist.
1154 402 1178 452 o.
1197 400 1261 451 ante
1282 396 1370 453 med:
1397 399 1496 451 Omnes
1515 401 1676 470 praepositi
1692 420 1760 471 apo-

70 479 134 533 dom
153 485 182 535 et
200 479 314 535 tertium
332 478 467 533 duntaxat
486 477 645 550 acceperit?
670 477 701 534 Si
717 477 842 549 pontifex
859 494 903 533 ac·
930 480 1010 533 stolis
1034 482 1144 536 ricmia
1167 484 1347 537 ordinatione
1371 487 1530 540 succedunt.
1575 486 1759 558 Hieronymus

70 565 144 636 cepit
163 581 211 634 ea,
237 571 391 636 quaesunt
417 565 531 636 propria
548 564 679 634 apostoli,
704 565 802 635 utique
820 564 904 619 etiam
928 565 957 619 in
977 566 1057 636 epist.
1075 569 1111 622 ad
1128 569 1227 641 Evagr.
1247 577 1275 625 et
1294 570 1411 626 habetur
1435 588 1459 626 c.
1482 572 1614 644 Legimus
1633 574 1695 629 dist.
1714 580 1759 630 93:

70 652 120 709 erit
140 652 301 722 apostolus,
333 669 388 706 non
413 658 505 706 autem
521 651 663 706 Romarm
681 652 835 722 episcopus.
873 650 904 707 Si
934 653 1090 722 Ubicunque
1100 657 1351 726 fiseritepiscopus
1360 659 1614 729 siseliornae,siue
1628 662 1760 730 Eupubii,

69 738 192 810 pontifex
209 738 239 792 in
256 737 409 808 apostolica
426 742 564 808 potestate
583 738 717 793 successit
733 737 833 806 Petro,
853 738 905 793 erit
928 739 985 792 sire
1001 743 1250 813 Constantinopoli,
1267 744 1323 798 sive
1341 745 1455 815 Rbepii,
1482 747 1540 799 siue
1557 747 1760 815 Aleaandrioe,

70 823 232 879 universalis
250 823 336 878 totius
354 823 500 893 ecclesiae,
529 841 585 879 non
608 829 701 879 autem
728 823 903 895 particularis
928 826 985 880 sive
1007 828 1140 893 lberam,
1157 831 1283 898 ejusdem
1301 832 1408 895 meriti,
1427 833 1551 900 ejusdem
1568 842 1608 887 est
1626 843 1652 887 et
1668 852 1759 888 sacer·

69 910 211 965 Romanae
240 909 318 964 urbis
349 908 504 980 episcopus.
547 908 576 965 si
606 910 730 981 pontifex
759 911 842 966 Petro
872 915 904 964 ut
932 913 1012 968 dolii.
1048 914 1181 968 Potentia
1201 917 1363 969 diviliarum
1380 924 1405 970 et
1420 920 1599 988 paupertatis
1617 921 1761 975 humilitus

70 997 194 1068 apostolo
211 997 358 1066 necessit,
385 1013 556 1068 consequens
573 997 672 1062 fuerit,
690 998 765 1070 quod
784 996 904 1069 apostoli
929 1001 972 1054 vel
984 1001 1180 1071 sublimiorem,
1194 1002 1238 1056 vel
1251 1004 1416 1067 inferiorem
1433 1005 1593 1073 episcopum
1605 1023 1662 1059 non
1677 1008 1760 1074 facit,

70 1083 263 1139 constituerint
278 1084 307 1138 in
326 1083 443 1139 ecclesia
460 1088 524 1153 post
548 1099 577 1138 se
596 1083 664 1138 ahos
683 1084 831 1154 apostolos,
849 1101 903 1138 non
930 1093 1048 1139 ceterum
1076 1104 1170 1141 omnes
1193 1090 1384 1156 apostolorum
1401 1107 1574 1144 naccessores
1597 1101 1669 1145 sunt.
1707 1094 1760 1150 na-

69 1176 193 1242 pastores
219 1177 248 1225 et
270 1169 422 1240 episcopos.
459 1167 490 1224 Si
512 1170 655 1225 Romanum
679 1170 803 1241 pontifex
828 1170 904 1225 Petri
930 1179 1028 1242 spectu
1047 1173 1136 1243 tertii,
1162 1175 1191 1228 in
1205 1190 1260 1246 quo
1277 1176 1359 1230 etism
1377 1176 1548 1246 apostolatus
1564 1179 1676 1249 proprie
1697 1198 1761 1236 con·

70 1273 211 1313 succesmr
224 1258 310 1327 toret,
340 1257 531 1312 moratione
557 1257 706 1326 doctrinae,
725 1257 800 1313 vitae
818 1265 847 1313 et
864 1257 904 1311 oi·
930 1258 1009 1328 sistit,
1028 1260 1120 1316 nullus
1137 1262 1192 1317 fuit
1208 1265 1393 1332 apostolorum
1409 1280 1559 1331 successor,
1578 1266 1627 1320 sed
1653 1274 1761 1337 aposte

70 1344 122 1400 licii
140 1345 169 1399 in
189 1343 273 1398 Petro
291 1351 319 1400 et
334 1361 410 1415 papa
428 1351 501 1399 esset
528 1344 728 1400 convenientis.
753 1344 818 1400 .Sed
836 1362 903 1414 pon·
929 1343 1001 1398 latus
1027 1345 1082 1400 fuit
1105 1347 1171 1402 ordo
1198 1349 1380 1418 temporarius
1399 1356 1427 1404 et
1444 1351 1689 1417 cxnsordinsriua
1713 1355 1762 1424 qui

71 1431 149 1485 titicis
170 1430 314 1499 doctriua,
339 1421 397 1484 vita
421 1434 450 1483 et
466 1429 587 1484 officium
614 1447 632 1485 a
653 1431 736 1485 Petro
755 1431 903 1502 plurimum
930 1448 1061 1486 unacum
1075 1433 1143 1504 ipsis
1161 1434 1190 1488 in
1210 1434 1327 1490 ecclesia
1345 1435 1427 1491 desiit
1443 1454 1477 1491 ac
1492 1437 1607 1507 proinde
1629 1439 1665 1493 ad
1683 1441 1761 1495 mini·

72 1518 224 1588 discrepat,
254 1522 286 1571 ut
315 1516 426 1571 collatio
455 1516 588 1580 ostendit,
618 1516 783 1587 relinquitur
810 1516 903 1587 igitur,
929 1523 1000 1571 atros
1019 1519 1150 1574 ecclesiae
1167 1522 1340 1591 sequentium
1359 1529 1512 1592 temporum
1528 1540 1583 1577 non
1601 1529 1643 1578 est
1662 1542 1760 1595 propa-

71 1605 143 1677 quod
163 1604 256 1676 potius
275 1603 312 1658 sit
335 1602 502 1675 lrrlopovae
525 1620 609 1674 quam
632 1600 788 1675 uiuiparos
815 1601 902 1672 quod·
930 1609 1021 1675 gatus,
1031 1605 1109 1676 quod
1117 1607 1416 1676 probamusadefectu
1429 1612 1454 1664 1.
1464 1610 1616 1663 Potestatis
1626 1611 1762 1682 apostolis

71 1708 123 1763 que
148 1708 225 1762 papa
250 1690 415 1746 successerit
437 1691 521 1745 Petro
546 1689 575 1743 in
591 1687 709 1744 ecclesis
726 1688 851 1743 Romans
872 1702 904 1742 eo
927 1691 1074 1759 propriae.
1101 1691 1264 1748 Mandatum
1279 1694 1458 1764 praedicandi
1472 1695 1645 1766 evangelium
1657 1695 1687 1751 ih
1704 1701 1761 1750 toto

71 1778 166 1842 nodo,
192 1783 224 1832 ut
239 1777 352 1831 morbus
371 1776 483 1831 sanitati
501 1780 529 1831 et
551 1775 597 1829 lux
616 1775 738 1830 tenebris
756 1774 904 1829 succedere
931 1783 1065 1830 terrarum
1094 1778 1161 1834 orbe
1191 1795 1223 1833 ac
1252 1780 1357 1850 ubique
1390 1780 1528 1834 fundandi
1564 1782 1694 1837 ecclesias
1725 1783 1761 1836 ad

71 1863 222 1920 consuevit.
260 1862 290 1918 Si
308 1863 336 1917 in
353 1868 413 1917 toto
425 1862 459 1918 N.
476 1862 509 1916 Τ.
524 1862 619 1917 codice
636 1879 671 1917 ne
688 1862 773 1917 verbo
792 1861 903 1932 quidem
930 1863 1068 1933 apostolas
1092 1863 1203 1935 proprie
1228 1867 1375 1935 spectavit,
1404 1867 1448 1920 cui
1470 1866 1554 1921 etiam
1581 1867 1622 1921 illi
1645 1869 1762 1923 fideliter

72 1951 101 2006 fit
120 1951 225 2006 mentio
242 1950 324 2021 hujus
343 1949 531 2018 successionis,
555 1965 612 2020 qua
634 1948 775 2004 Romarm
800 1949 903 2019 episco-
930 1950 1056 2004 obsecuti
1074 1955 1147 2015 suut,
1167 1952 1251 2005 Marc
1273 1957 1312 2016 lo,
1330 1970 1355 2006 v.
1375 1958 1421 2007 20:
1449 1954 1570 2020 Epressi
1578 1956 1761 2023 praedicave-

72 2057 123 2110 pus
138 2037 226 2092 Petro
238 2037 266 2091 in
284 2035 453 2107 apostolicae
467 2035 612 2105 potestatis
624 2035 783 2090 monarchia
795 2050 903 2089 succes·
930 2044 996 2089 runt
1014 2038 1116 2107 ubique
1136 2039 1259 2092 Domino
1278 2047 1453 2108 cooperante.
1479 2039 1596 2097 Romen.
1619 2047 1658 2110 10,
1674 2059 1699 2096 v.
1718 2049 1761 2098 te:

72 2126 144 2191 serit,
163 2141 220 2196 qua
238 2125 330 2179 fronte
343 2140 393 2194 pro
411 2141 520 2177 sumnm
536 2123 581 2175 rei
592 2120 770 2175 Οινίιιίαιιαι
789 2122 904 2189 (uincl-
930 2124 1077 2192 Numpuid
1093 2142 1149 2177 non
1166 2125 1357 2179 audiverunt!
1371 2127 1425 2178 imo
1447 2144 1512 2180 sero
1530 2127 1560 2179 in
1578 2145 1685 2181 omnem
1708 2138 1762 2183 ter·

71 2210 202 2266 lsrminm
220 2211 249 2265 in
269 2209 441 2281 praefatione
459 2208 593 2280 appellat)
614 2214 642 2262 et
659 2223 709 2278 pro
726 2223 759 2262 eo
778 2207 852 2278 quod
871 2226 904 2261 es
929 2227 991 2262 ram
1004 2211 1086 2263 seivit
1100 2228 1184 2264 sonus
1196 2227 1291 2264 eorum
1304 2220 1329 2264 et
1349 2213 1380 2264 in
1391 2214 1461 2276 fines
1473 2213 1549 2266 orbis
1567 2220 1659 2267 terrae
1678 2217 1762 2269 verba

66 2300 133 2368 jure
151 2298 248 2351 divino
262 2297 405 2353 descendit
423 2297 469 2367 (ut
486 2296 539 2350 hoc
556 2295 617 2349 loco
630 2297 748 2365 pugnat)
766 2295 903 2349 successio
931 2314 1033 2352 sorum.
1077 2295 1181 2351 coloss.
1206 2303 1236 2365 l,
1259 2315 1284 2352 v.
1304 2303 1336 2354 6:
1373 2299 1487 2352 Verbum
1508 2299 1648 2366 eranpelii
1671 2303 1761 2355 estin

71 2385 246 2440 illaBomani
260 2384 382 2454 episcopi
399 2382 533 2439 ecclesiae
545 2381 657 2435 obtrudi
675 2381 789 2451 potest?
817 2381 903 2438 Recte
929 2383 1059 2436 universo
1073 2385 1215 2436 mundoet
1228 2384 1382 2448 fruetificat
1399 2392 1425 2437 et
1442 2384 1551 2438 crescit.
1570 2403 1593 2439 o.
1606 2388 1660 2439 23:
1677 2405 1761 2456 pree-

72 2472 155 2543 igitur
178 2471 259 2527 Nilus
278 2468 533 2526 Thessalonicensis
552 2467 698 2537 episcopus
715 2466 744 2520 in
768 2465 838 2522 libro
856 2467 903 2522 ad·
930 2469 1051 2522 dicmum
1070 2477 1112 2522 est
1131 2469 1303 2538 suanpeliam
1325 2470 1352 2522 in
1371 2470 1503 2522 uniuersa
1520 2479 1664 2535 creatura,
1690 2490 1762 2540 quae

72 2574 166 2612 versus
186 2573 275 2628 popae
288 2557 436 2627 primatum
449 2553 553 2621 statuit,
572 2554 729 2606 Romanum
743 2554 903 2622 pontificem
930 2555 979 2606 sub
1003 2555 1081 2608 coelo
1113 2563 1160 2608 est.
1199 2555 1273 2625 Ergo
1299 2571 1362 2608 cum
1391 2556 1523 2626 apostolis
1550 2558 1709 2611 mandatum
1735 2566 1763 2613 et

10 2644 126 2699 ILiinon
143 2646 294 2698 meccedere
314 2643 400 2695 Petro
419 2642 449 2693 in
462 2642 649 2710 praefectura
668 2641 752 2693 totius
772 2641 905 2694 ecelesiae
930 2648 1051 2712 potestas
1078 2642 1127 2695 illa
1154 2642 1243 2697 desiit.
1287 2642 1418 2707 Quamvis
1450 2643 1521 2697 enim
1552 2645 1710 2700 immediate
1733 2647 1762 2700 in

77 2731 246 2795 Catholicae,
263 2732 315 2783 sed
333 2730 424 2782 solum
437 2727 467 2780 in
477 2728 607 2781 Romano
620 2727 790 2795 episcopatu,
807 2732 904 2796 postea
929 2729 1042 2799 propris
1068 2745 1186 2798 persona
1211 2729 1282 2783 forte
1315 2746 1370 2782 non
1399 2730 1573 2798 pervenerint
1603 2731 1640 2785 ad
1666 2748 1762 2786 omnes
1869 2718 1877 2735 ’

73 2835 134 2874 vero
155 2817 273 2873 eundem
293 2832 326 2870 ex
346 2813 463 2869 decretis
486 2813 664 2869 conciliorum
678 2814 832 2899 primulum
850 2814 904 2867 ali·
929 2814 1034 2885 ubique
1051 2821 1163 2885 gentes,
1188 2820 1282 2869 tamen
1301 2832 1354 2883 quo
1372 2833 1428 2867 non
1441 2817 1569 2884 pervenit
1582 2834 1635 2885 pes
1651 2828 1762 2886 aposto·

73 2922 149 2973 pum
178 2904 290 2957 ordinis
314 2901 468 2972 accepisse,
500 2907 532 2954 ut
558 2900 688 2955 videlicet
712 2906 784 2956 esset
799 2900 904 2970 primus
930 2903 1030 2970 lorum,
1051 2918 1081 2954 eo
1099 2918 1184 2953 sonus
1199 2901 1426 2969 praedicationis
1445 2903 1615 2970 apostolicae
1626 2905 1763 2973 peruenit,

73 2992 272 3062 episcoporum,
311 2988 415 3059 primus
442 2987 565 3052 sederet,
601 2985 706 3057 primus
741 2987 905 3042 sententiam
931 2995 1015 3059 atque
1035 2986 1145 3058 ipsimet
1162 2977 1281 3056 apostoli
1297 2987 1428 3043 incertas
1441 2987 1598 3057 provincias
1611 2989 1761 3060 discipulos

73 3077 189 3145 diceret,
216 3081 271 3130 non
289 3083 380 3130 sutem
400 3073 548 3143 primatum
568 3074 722 3142 potestatis,
741 3080 772 3128 nt
790 3074 904 3146 reliquis
931 3092 994 3130 suos
1014 3074 1156 3134 miseruut.
1177 3074 1225 3145 qui
1241 3074 1285 3127 vel
1303 3073 1463 3129 inchoatum
1475 3075 1512 3130 ab
1530 3076 1597 3146 ipsis
1614 3094 1684 3147 opus
1701 3093 1762 3146 per·

73 3162 207 3236 episcopis
221 3163 385 3233 imperaret;
405 3177 467 3214 cum
485 3176 541 3229 quo
560 3159 698 3213 consentit
716 3159 785 3214 illud
801 3159 918 3215 Cosani·
931 3160 1059 3228 flectent,
1084 3159 1128 3213 vel
1146 3159 1277 3215 ecclesias
1297 3159 1325 3213 in
1343 3158 1397 3214 illis
1418 3161 1501 3215 etism
1520 3160 1588 3216 locis
1606 3162 1763 3226 fundarent.

72 3250 130 3306 libr.
161 3256 186 3305 2.
216 3249 251 3303 de
279 3247 406 3302 concord.
440 3263 464 3302 c.
491 3251 535 3302 13:
566 3247 666 3300 Omnes
693 3248 818 3316 episcopi
842 3256 906 3301 sunt
932 3264 1000 3319 quos
1027 3246 1057 3300 in
1085 3247 1316 3318 evangelistarum
1344 3248 1436 3317 potius
1467 3264 1549 3319 quam
1577 3249 1763 3319 apostolorum

72 3338 203 3408 mprobos
221 3336 317 3404 quoad
329 3333 571 3403 jurisdictionem,
585 3341 710 3403 popalus
728 3352 793 3388 uero
812 3342 853 3388 est
869 3336 904 3387 de
932 3334 1056 3388 ordinem
1076 3340 1223 3404 propterea
1234 3333 1391 3389 referendos
1404 3351 1463 3389 esse
1478 3334 1645 3404 judicamus.
1678 3335 1763 3390 Euse-

73 3426 163 3493 pradu
177 3422 315 3492 positivo,
338 3427 368 3473 ut
386 3437 478 3473 ornnes
496 3421 604 3488 prudus
622 3420 794 3488 majoritatis
814 3429 839 3474 et
855 3422 904 3474 mi·
930 3422 993 3477 hius
1011 3421 1058 3476 lib.
1084 3426 1107 3475 3.
1126 3420 1263 3475 historiar.
1283 3419 1378 3475 eccles.
1400 3437 1423 3473 c.
1446 3428 1476 3479 ιι
1507 3421 1580 3483 Quot
1605 3429 1630 3474 et
1649 3422 1763 3490 quinam

74 3511 216 3579 motis,
233 3509 301 3578 quia
316 3515 444 3577 potestas
462 3506 576 3574 lipardi
592 3513 617 3558 et
636 3506 777 3570 soluendi,
800 3508 830 3561 in
848 3525 904 3576 qua
930 3509 992 3560 ueri
1017 3516 1043 3561 et
1071 3508 1186 3575 inpenui
1206 3508 1398 3575 apostolorum
1422 3509 1577 3561 imitatores
1600 3508 1675 3570 facti
1694 3509 1764 3560 satis

74 3600 210 3663 fundatur
230 3595 319 3649 omnis
342 3595 533 3648 ecclesiastica
548 3594 726 3661 jurisdictio,
750 3602 790 3647 est
812 3596 904 3648 imme·
931 3595 1038 3649 labiles
1057 3593 1189 3647 etidonei
1204 3595 1245 3646 ad
1258 3593 1397 3662 ecclesias,
1417 3594 1548 3663 qssasisti
1556 3595 1764 3661 fundaverant,

75 3688 149 3741 diate
167 3704 186 3740 a
207 3685 325 3748 Christo,
344 3691 370 3736 et
382 3688 538 3752 propteroa
551 3697 644 3735 omncs
662 3683 822 3736 sacerdotes
841 3692 905 3737 sunt
927 3683 1086 3750 pascendas
1098 3682 1292 3749 rependasque
1304 3680 1447 3733 aestimati
1460 3680 1578 3748 fuerint,
1597 3681 1675 3732 dictu
1692 3688 1765 3732 certe

75 3775 210 3844 aequales.
931 3785 987 3822 non
1011 3775 1050 3820 est
1072 3766 1211 3836 proclive,
1234 3766 1304 3819 solis
1328 3765 1388 3819 illis
1412 3766 1546 3835 receptis,
1572 3784 1641 3835 quos
1660 3767 1766 3835 aliquis

108 3866 166 3917 220.
202 3856 322 3925 Quidam
348 3854 526 3911 Calvisianus
554 3852 715 3908 Hadrianus
741 3853 856 3909 Saravia
877 3855 905 3909 in
929 3857 1053 3920 fortasse
1080 3870 1112 3906 en
1137 3852 1227 3905 Pauli
1251 3853 1366 3921 emptis
1392 3853 1480 3906 obiter
1502 3852 1593 3921 possit
1623 3853 1765 3920 collipers.

77 3947 136 4003 libr.
154 3947 190 4001 de
210 3943 324 3999 diversis
338 3942 524 3997 ministrorum
538 3940 672 4012 gradibus
690 3957 714 3997 c.
736 3945 775 3997 16.
789 3946 817 3995 et
828 3957 904 4012 seqq.
931 3942 1041 3994 Eodem
1059 3941 1169 3994 accedit
1184 3939 1286 4003 Luoaa
1304 3940 1355 4007 qui
1365 3939 1521 4010 discipulos
1539 3940 1637 4008 Pauli,
1656 3941 1766 3993 durnin

77 4034 168 4090 itidem
186 4031 293 4094 statuit,
311 4029 497 4102 apostolatum
515 4028 607 4083 adhuc
618 4026 647 4081 in
665 4026 784 4082 ecclesia
803 4027 905 4099 vigere,
932 4027 1011 4080 Actis
1030 4043 1076 4079 eos
1095 4042 1257 4080 enumerare
1271 4026 1428 4093 contendit,
1445 4025 1609 4078 nominatim
1621 4035 1766 4095 percenset

77 4121 121 4178 sed
139 4124 232 4191 negat,
251 4116 340 4172 solum
358 4115 513 4171 Romamn]
530 4115 689 4185 episcopum
706 4113 735 4167 in
750 4114 906 4183 apostolatu
931 4120 983 4169 etc.
993 4131 1015 4169 c.
1024 4117 1073 4167 31:
1089 4115 1128 4167 Et
1138 4121 1254 4182 praeter
1266 4113 1334 4166 istm
1346 4113 1401 4164 alii
1409 4113 1565 4182 complures
1580 4115 1766 4166 manteadom

77 4209 235 4271 succedere,
258 4204 325 4275 quin
348 4203 441 4274 potius
464 4218 558 4257 omnes
588 4201 731 4272 episcopos
755 4201 919 4270 spostolica=
932 4208 1022 4254 aetate
1032 4201 1220 4269 percelebres,
1248 4200 1299 4268 qui
1314 4199 1425 4268 quidem
1443 4208 1470 4252 et
1486 4200 1624 4268 apostolis
1636 4201 1765 4268 monime

77 4289 487 4361 auctoritatesdhucpraeditos
501 4305 562 4345 csse
576 4288 682 4343 asserit.
707 4287 765 4343 Nos
778 4288 905 4344 distincte
931 4295 1119 4341 successerunt
1154 4295 1179 4341 ct
1215 4295 1350 4355 tanpsscm
1388 4286 1524 4355 discipuli
1562 4294 1703 4339 tumorum
1739 4294 1765 4339 et

78 4381 282 4454 respondemus.
325 4379 357 4433 In
384 4377 541 4448 apostolatu
565 4374 756 4430 consideratur
782 4382 803 4430 t.
828 4375 906 4429 mini-
932 4383 989 4427 tam
1027 4373 1177 4440 insipnium
1212 4372 1338 4425 uirorum
1374 4372 1476 4425 eximia
1510 4380 1536 4425 et
1574 4372 1672 4425 diuino
1708 4372 1764 4422 oir-

78 4470 188 4525 sterinm
207 4465 325 4522 docendi
346 4464 520 4535 evangelium
537 4467 566 4517 et
583 4460 794 4517 administrandi
817 4478 906 4517 sacra·
932 4469 988 4514 tute
1027 4461 1155 4514 decmati
1190 4460 1369 4513 ecclesiarum
1399 4459 1597 4525 fundamentis
1633 4458 1668 4510 ab
1698 4475 1765 4525 apo·
1778 4474 1876 4518 mss,

77 4564 169 4612 ments
191 4572 254 4609 cnm
278 4556 418 4623 potestate
443 4550 579 4618 clavium3
602 4554 626 4604 2.
652 4547 796 4617 interemi,
816 4548 906 4619 inspe-
931 4548 1012 4602 stolis
1052 4548 1151 4616 ubique
1183 4548 1309 4601 locorum
1340 4548 1492 4615 praeclare
1522 4546 1613 4614 jactis
1648 4551 1766 4597 sinuetu-

78 4644 138 4708 ctio,
157 4640 318 4696 nouaclum
335 4638 429 4711 gregis
450 4636 603 4701 Dominici,
623 4635 774 4690 sedetiam
792 4635 907 4690 aliorum
932 4653 995 4688 ram
1017 4635 1100 4688 illam
1122 4635 1288 4687 concinnam
1312 4635 1515 4702 adjunxerunt,
1544 4632 1593 4700 qui
1616 4639 1641 4683 et
1652 4630 1766 4699 plonius

78 4729 315 4802 presbyterorum
342 4732 365 4781 3.
387 4729 510 4795 potestas
533 4722 712 4793 praedicandi
728 4721 758 4776 in
774 4728 833 4777 toto
853 4729 906 4778 ter·
932 4721 1152 4789 cumulatiusque
1176 4720 1403 4790 amplificarunt,
1428 4717 1666 4789 praedicationem
1689 4716 1768 4770 verbi

78 4835 167 4872 rarum
187 4815 254 4870 orbe
273 4831 335 4868 cum
354 4809 513 4865 immediata
525 4810 678 4879 vocatione,
695 4808 768 4864 dono
789 4809 906 4865 miracu·
934 4808 1024 4861 diuini
1040 4814 1064 4860 et
1082 4806 1224 4859 salutaria
1240 4807 1322 4874 repni
1339 4805 1478 4859 coelorum
1497 4803 1605 4856 semina
1615 4803 1685 4869 susc
1697 4802 1765 4856 late-

78 4905 202 4958 culorum
219 4900 342 4974 ὑπεροχῇ
361 4904 389 4953 et
405 4895 570 4951 auctoritate
590 4895 746 4965 aisonloup
769 4912 802 4951 ac
825 4895 908 4967 privi-
933 4911 985 4965 que
1004 4911 1059 4963 per
1082 4893 1241 4946 uniuersum
1267 4892 1359 4945 orbem
1385 4890 1611 4944 disseminarunt.
1653 4888 1766 4941 Etenim

77 4991 148 5063 legio
168 4984 372 5043 infallibilitatis
386 4985 543 5054 conjuncta.
566 4983 706 5054 Respectu
721 4982 801 5055 primi
813 4982 920 5037 omnes*
929 4980 1060 5056 plerique
1084 4997 1177 5033 omnes
1195 4979 1343 5047 discipuli,
1373 4977 1423 5045 qui
1440 4993 1471 5028 eo
1490 4982 1612 5044 tempore
1632 4974 1767 5037 vicerunt,

78 5077 134 5133 veri
159 5082 187 5131 et
208 5073 307 5128 sinceri
331 5070 463 5128 ecclesiae
486 5067 618 5137 ministri,
645 5074 774 5141 respectu
792 5068 907 5125 secundi
934 5068 1096 5121 ardentiore
1119 5065 1277 5135 sapientiae
1303 5063 1427 5117 coelestis
1446 5062 1540 5115 studio
1560 5077 1707 5129 amoreque
1726 5060 1766 5112 in·

79 5179 171 5219 omnes
201 5159 324 5230 episcopi
359 5155 546 5228 apostolorum
575 5171 745 5211 successores
777 5157 908 5212 dicuntur
934 5154 1010 5208 censi
1029 5160 1144 5222 elprae
1163 5153 1285 5220 prodam
1304 5149 1394 5202 diuini
1411 5149 1489 5202 verbi
1504 5147 1646 5202 desiderio
1664 5145 1767 5199 animis

80 5249 265 5307 ecclesiastica
275 5245 408 5317 loquendi
429 5241 636 5300 consuetudine.
665 5243 796 5299 irenaeus
812 5243 873 5298 libr.
887 5248 908 5298 3.
931 5239 1057 5310 perculsi
1081 5245 1262 5308 praeceptum
1281 5235 1439 5289 Seruatus-is
1467 5241 1549 5286 antea
1570 5232 1705 5286 traditum
1724 5248 1767 5285 ce·

80 5338 184 5393 advers.
206 5335 312 5389 haeres.
328 5349 351 5386 c.
365 5338 387 5388 3.
402 5333 431 5386 in
443 5332 547 5403 princ:
566 5329 710 5383 Habemus
724 5346 911 5384 annumerare
935 5326 1036 5396 quisue
1056 5324 1176 5378 messui
1191 5330 1253 5375 sunt
1275 5331 1300 5376 et
1318 5322 1376 5387 bis,
1394 5321 1445 5390 qui
1463 5318 1705 5390 pessumibant,
1716 5320 1769 5386 so-

81 5443 133 5492 eos,
150 5423 200 5492 qui
220 5422 256 5474 ab
273 5421 412 5488 apostolis
423 5417 544 5474 instituti
560 5415 761 5484 sumepncopt
778 5415 808 5468 in
826 5416 909 5470 eccle·
936 5413 1052 5468 crsltates
1078 5429 1146 5464 suas
1171 5409 1288 5462 libenter
1313 5409 1511 5478 impertierunt.
1547 5406 1661 5459 Deinde
1680 5424 1699 5458 a
1720 5406 1769 5458 do·

80 5513 130 5564 siis
147 5518 172 5563 et
189 5521 361 5561 meccessores
381 5524 476 5562 eorum
492 5518 579 5574 uepres
596 5504 637 5557 ad
655 5518 715 5556 nos.
755 5461 925 5571 cypnanusi
938 5499 1053 5554 micsiiis
1077 5498 1136 5551 suis
1150 5513 1268 5565 perepre
1283 5495 1411 5567 profecti
1426 5511 1525 5547 munies
1543 5492 1670 5546 obierunt
1688 5507 1769 5544 enan·

134 5600 235 5644 Gsrhsrdi
250 5596 299 5637 loci.
325 5597 361 5640 Vl.
1401 5602 1431 5651 10
