4020 6014
186 342 247 399 tas
759 335 882 393 1³00OE
899 334 1105 393 waltemus
1123 337 1305 402 QUARTUS

186 486 312 541 subditos
328 488 421 558 injurii
435 489 499 551 sint,
521 488 580 543 sive
589 490 674 544 totius
686 488 857 557 reipublicae
877 488 970 542 hostes
989 504 1022 542 sc
1036 481 1039 511 ¹
1053 489 1176 545 scribens
1188 491 1292 561 inquit:
1311 493 1461 560 Principio
1473 493 1549 546 omni
1560 492 1753 546 animandum
1768 493 1888 560 geneis

189 572 406 642 perturbatores.
456 576 483 627 3.
512 576 649 628 Dandum
681 575 794 642 quiden
822 590 881 627 esse
906 573 1025 639 cameri,
1053 583 1157 629 natare
1175 576 1309 651 tributum
1326 586 1374 646 est,
1392 585 1423 631 ut
1441 594 1480 642 se,
1496 577 1583 631 mtom
1601 594 1768 648 carpensque
1784 585 1889 631 mear

188 659 264 726 qaod
281 666 321 713 est
347 660 485 721 caesaris,
513 661 565 713 sed
587 676 620 713 er
646 677 679 713 eo
703 677 758 714 non
777 676 864 729 posse
886 658 1026 724 concludi,
1054 662 1229 732 declinetque
1249 679 1296 727 ea,
1320 679 1393 732 quae
1415 663 1547 717 nocitum
1566 666 1707 717 sidentur.
1747 663 1828 718 Idem
1845 680 1889 733 pro

188 746 265 812 qrtod
281 744 366 798 liceat
383 745 459 799 belle
476 762 582 812 perere.
620 746 696 808 Qitsd
715 747 788 798 enim
810 747 838 799 si
857 747 914 799 isto
933 744 1028 798 omnio
1054 735 1171 802 Milone:
1194 749 1257 801 Hoc
1275 757 1301 801 et
1319 749 1395 803 ratio
1414 750 1514 806 doctis.
1535 757 1561 802 et
1579 749 1735 803 aeacum
1756 750 1889 811 barbaris,

188 846 288 883 caesor
315 837 459 883 consumat
485 832 516 883 in
543 831 618 885 alios
645 833 733 884 amasi
765 831 845 892 Quid
871 832 898 884 si
925 830 1027 884 metum
1055 840 1080 885 et
1098 835 1315 902 mergentibus,
1340 834 1458 898 siseris
1483 841 1588 887 natare
1612 834 1679 903 ipse
1693 834 1890 902 praescripsit,

189 933 331 984 nunquam
348 917 415 970 velit
433 932 531 983 perere
551 925 577 969 et
590 925 681 971 tamen
698 916 805 971 tribute
817 918 944 985 imperet,
961 910 1084 969 nam'st
1107 935 1214 972 omnem
1237 937 1347 989 semper
1371 921 1435 982 ιιιίιι,
1460 936 1624 988 quocunqne
1642 936 1696 989 ops
1718 927 1890 992 passeres

190 1003 253 1055 ideo
274 1009 362 1055 meent
380 1005 534 1071 neganda!
566 1003 644 1059 Certe
662 1003 911 1072 nstliasrespeota
931 1002 1026 1054 habito
1054 1020 1181 1072 corpore,
1199 1023 1219 1057 a
1235 1007 1342 1075 eapite,
1363 1025 1381 1059 α
1398 1007 1457 1059 sito
1474 1023 1529 1059 sua
1543 1005 1761 1074 proprdsarent.
1806 1005 1890 1076 Leges

188 1095 303 1157 praeter
326 1088 416 1141 solam
436 1096 605 1156 potestatem
630 1090 772 1153 caesoris,
802 1106 886 1157 quom
909 1095 975 1140 tuno
997 1087 1027 1139 in
1054 1088 1138 1143 ιὲίιιιιι
1157 1088 1252 1145 civiles
1271 1098 1365 1147 rectae
1382 1091 1483 1145 rationi
1503 1090 1710 1146 consentientes
1731 1107 1830 1146 casum
1847 1091 1890 1145 de·

189 1173 319 1227 ,ludaeos
331 1174 480 1236 exercebat,
493 1174 574 1242 jubet
589 1173 716 1230 curatas
729 1177 802 1228 dore
815 1173 936 1235 comam,
952 1173 1029 1240 qaod
1053 1173 1185 1229 fensionis
1203 1176 1360 1231 concedunt
1378 1181 1407 1231 et
1424 1176 1590 1247 approbant,
1608 1175 1741 1231 sanciunt
1760 1177 1846 1243 enim,
1861 1183 1891 1231 ut

190 1266 231 1324 est
263 1259 401 1324 semaam,
438 1261 672 1327 quemadmodum
702 1260 787 1313 etiam
818 1258 901 1312 laodic
930 1265 1027 1325 posset
1055 1258 1083 1312 in
1100 1259 1194 1314 subita
1211 1267 1240 1315 et
1258 1260 1407 1316 manifesta
1424 1261 1565 1328 violentis,
1584 1261 1698 1332 quando
1709 1263 1891 1333 magistratus

191 1343 297 1411 olienis
318 1345 465 1398 consiliam
489 1348 561 1399 dore
583 1345 768 1407 C'tristinnis,
795 1345 846 1413 qai
862 1343 912 1396 aab
934 1343 1027 1395 Terea
1054 1345 1134 1399 abest
1159 1352 1187 1399 et
1217 1346 1348 1416 opitulari
1371 1362 1427 1400 non
1455 1353 1560 1414 potest,
1588 1346 1708 1416 quilibet
1724 1365 1758 1402 se
1783 1355 1813 1402 et
1831 1365 1892 1402 suas

193 1432 312 1497 degunt,
331 1438 362 1483 ut
381 1434 457 1499 quod
475 1441 515 1485 est
537 1434 659 1486 Tus-coe.
684 1432 749 1483 dent
777 1431 898 1493 Parcae,
919 1428 1030 1481 etiamsi
1054 1437 1179 1495 tueatur,
1204 1432 1222 1484 l.
1247 1432 1338 1503 isqui
1356 1432 1386 1487 C.
1404 1432 1442 1487 ad
1468 1433 1487 1487 l.
1506 1431 1589 1486 Corn.
1615 1432 1650 1486 de
1669 1431 1788 1486 sicariis.
1807 1433 1827 1488 l.
1864 1431 1891 1488 St

194 1517 266 1570 ntae
282 1517 375 1570 minas
394 1519 496 1586 cogitet
516 1520 619 1583 Tarae,
639 1533 723 1585 quom
734 1523 765 1568 ut
780 1514 963 1581 Christianos,
981 1513 1030 1582 qai
1055 1515 1197 1586 quiseod.
1216 1517 1398 1583 ubidicitur,
1424 1519 1558 1578 defensor
1571 1519 1714 1585 propriae
1731 1519 1837 1572 salatia
1854 1519 1891 1572 si·

191 1603 222 1657 in
251 1604 312 1671 ejus
337 1612 401 1657 sunt
424 1604 588 1672 dominata,
612 1605 759 1666 defendet.
808 1600 1029 1671 Respondemus:
1056 1603 1138 1654 detra
1164 1604 1194 1655 in
1217 1603 1296 1657 natio
1313 1619 1453 1672 peccasse.
1479 1603 1497 1657 1.
1518 1607 1550 1656 ut
1568 1603 1632 1657 vim.
1653 1602 1684 1657 ff.
1704 1603 1742 1659 de
1756 1604 1849 1672 justit.
1867 1609 1892 1658 et

194 1693 386 1759 argumentum
407 1706 440 1742 ex
459 1689 552 1743 verbis
571 1688 674 1744 Christi
698 1688 797 1742 Mattb.
817 1692 857 1743 22.
879 1687 1029 1740 deductum
1041 1688 1130 1793 {juret
1154 1688 1227 1741 Jare
1246 1689 1297 1742 loo
1313 1690 1418 1753 evenit,
1444 1697 1475 1742 ut
1494 1691 1573 1758 quod
1589 1689 1706 1757 quisque
1724 1691 1761 1743 ob
1782 1691 1893 1743 iscelam

193 1779 235 1827 est
259 1772 349 1843 ipsius
366 1772 519 1844 Augustini
548 1773 610 1829 libr.
637 1779 676 1828 22.
703 1778 800 1828 contra
816 1773 911 1826 Faust.
936 1789 959 1827 c.
981 1777 1028 1826 74:
1057 1775 1185 1844 eorporis
1203 1775 1249 1826 sei
1263 1775 1381 1841 feeerit,
1400 1776 1464 1842 jare
1484 1775 1588 1838 fecisse
1607 1774 1792 1830 marimens.
1808 1773 1828 1827 l.
1846 1776 1893 1829 ita·

196 1859 269 1920 Quia
287 1859 455 1913 Manichaei
469 1859 581 1929 (inquiti
601 1860 761 1912 Joltonnsm
788 1866 884 1927 aperte
903 1832 1111 1947 bicipite-{que
1128 1858 1157 1912 ff.
1175 1860 1211 1912 ad
1229 1861 1319 1930 legem
1337 1859 1494 1929 Aquiliam:
1522 1859 1555 1913 st
1581 1875 1693 1913 sacam
1708 1866 1790 1912 taum
1808 1861 1892 1913 tasse

194 1960 272 1997 mare
285 1951 492 2009 comueeemnt,
506 1944 598 2015 marim
612 1945 765 1998 Dominam
780 1945 878 1997 Jesam
889 1942 1030 1996 Gis-istum
1041 1952 1044 2011 j
1056 1961 1118 1998 nem
1143 1946 1326 2000 insidiantem
1349 1947 1418 1999 milti
1435 1946 1580 2013 occidero,
1604 1961 1721 1998 secessas
1741 1962 1806 2013 ero,
1830 1963 1893 1998 aaa

194 2029 327 2096 eradiant,
357 2030 409 2082 isos
434 2030 604 2098 stipendium.
631 2030 772 2096 iubentem
796 2029 885 2081 reddi
912 2028 1193 2095 eameri‚.adoersus
1209 2031 1366 2099 periculum
1383 2031 1526 2084 naturalis
1548 2031 1623 2084 ratio
1637 2031 1783 2098 permittit
1800 2047 1830 2083 se
1849 2032 1893 2083 ds·

194 2117 271 2183 quod
281 2115 428 2169 Joitannes
441 2115 512 2168 dicit
523 2117 623 2170 debere
636 2118 767 2185 cssfficere
781 2115 872 2169 militi.
897 2114 1031 2181 Reddite,
1042 2092 1044 2111 i
1057 2119 1184 2178 fendere.
1204 2116 1221 2170 l.
1241 2123 1283 2171 45.
1306 2114 1333 2190 ξ.
1354 2123 1378 2172 4.
1395 2117 1469 2172 eoa:
1500 2117 1562 2169 Vim
1580 2118 1610 2168 ri
1628 2117 1787 2182 dessidere
1804 2132 1894 2170 omnes

194 2201 298 2271 inquit,
316 2202 441 2269 caesari,
466 2217 538 2269 qnae
558 2209 621 2254 sant
648 2201 787 2268 caesaris,
813 2208 837 2253 et
857 2202 936 2259 Deo,
960 2180 1133 2270 quaesiisses
1155 2204 1303 2270 omniaque
1313 2203 1387 2270 jnru
1402 2203 1575 2270 permittunt
1615 2201 1677 2256 Lex
1700 2201 1799 2255 divina
1823 2200 1894 2257 idea

198 2289 255 2340 Dei
275 2295 349 2340 sunt.
392 2288 442 2341 Ad
465 2287 517 2341 too
545 2288 618 2340 enim
645 2287 751 2341 tributa
777 2289 975 2356 praestantur,
1001 2274 1221 2356 mloomprobat
1236 2286 1324 2341 Exod.
1339 2293 1380 2351 22,
1399 2305 1423 2342 v.
1445 2293 1474 2341 2:
1497 2286 1531 2339 Si
1547 2286 1702 2356 effringens
1719 2287 1766 2339 mr
1784 2288 1894 2339 domans

194 2381 313 2442 propter
331 2373 406 2426 belle
426 2373 583 2425 nmessesio
606 2371 693 2426 militi
713 2373 881 2442 dipondium
895 2372 1032 2440 praebeo·
1043 2364 1047 2407 l
1060 2373 1088 2424 ιἰι
1105 2373 1171 2439 ipsa
1183 2372 1365 2439 perfossione
1383 2372 1427 2425 ael
1440 2389 1503 2424 mem
1513 2372 1699 2425 instrumento
1715 2371 1894 2440 pes-fossorio

197 2467 249 2513 err.
280 2458 344 2514 Non
363 2464 456 2513 autem
475 2462 518 2513 est
536 2457 575 2512 ite
594 2457 671 2512 nude
683 2474 716 2512 ac
735 2457 854 2512 solitarie
866 2455 1032 2527 ponendum,
1043 2484 1046 2499 ι
1059 2457 1248 2524 deprehensas
1258 2457 1392 2525 jactitet
1407 2457 1648 2524 ncecptomdnere
1664 2456 1816 2520 moriatur,
1831 2473 1894 2526 per·

196 2544 244 2598 sed
264 2544 348 2598 robur
359 2542 401 2596 illi
420 2543 579 2597 addendum
596 2559 629 2598 er
650 2543 742 2598 verbis
762 2543 880 2614 apostoli
893 2543 972 2597 Rom.
990 2547 1031 2605 13,
1043 2516 1046 2567 ¹
1058 2548 1154 2596 masor
1172 2561 1229 2596 non
1257 2545 1312 2597 erit
1335 2562 1400 2597 reas
1424 2544 1584 2612 sonqirins's,
1610 2542 1801 2612 praesumitur
1823 2543 1893 2597 enim

196 2650 221 2683 v.
240 2636 265 2685 6.
286 2629 348 2684 ideo
366 2629 449 2684 etiam
463 2629 571 2684 tributa
585 2627 732 2700 praestatis
744 2629 791 2682 διὰ
806 2630 897 2690 τοῦτο,
914 2635 1032 2695 propter
1058 2628 1149 2683 animo
1175 2629 1322 2700 mandi
1342 2629 1461 2697 venisse,
1487 2629 1550 2685 ideo
1573 2629 1737 2684 conceditur
1762 2629 1893 2684 adamans

198 2717 270 2769 tenc
289 2733 418 2776 censam,
443 2714 499 2768 fine
523 2731 556 2768 eo
582 2722 667 2784 atque
685 2715 800 2784 intuitu,
824 2714 946 2767 ministri
961 2704 1147 2785 enimiipsum
1168 2713 1300 2769 defensio.
1340 2714 1473 2777 Quamvis
1495 2731 1561 2770 vero
1579 2715 1655 2785 leges
1674 2713 1829 2785 judiciales
1845 2731 1894 2769 nos

198 2803 257 2856 Dei
275 2808 337 2854 sent
357 2800 556 2870 (magistratus)
576 2801 606 2853 in
620 2801 671 2854 hoe
684 2801 784 2869 spatas,
803 2803 841 2861 εἰς
858 2798 925 2853 aisti
942 2790 1087 2862 roiro,¹in
1110 2799 1144 2854 N.
1163 2799 1197 2856 T.
1223 2815 1278 2854 non
1302 2800 1439 2871 obligant,
1465 2805 1540 2855 recte
1564 2806 1658 2855 tamen
1684 2800 1752 2854 inde
1777 2799 1894 2853 sumitur

138 2901 143 2911 ·
199 2886 357 2953 servientes,
377 2885 425 2940 ubi
438 2885 541 2939 diserto
554 2886 697 2954 apostolus
714 2892 839 2952 testatur,
857 2885 1033 2956 magistratui
1058 2885 1128 2939 haec
1154 2885 1330 2955 dijudicatio,
1358 2902 1430 2954 quae
1458 2886 1535 2956 leges
1556 2885 1686 2956 politicae
1719 2887 1896 2941 consentiant

197 2974 260 3028 ideo
282 2971 377 3027 deberi
396 2971 516 3037 tributa,
543 2976 576 3023 ut
602 2971 723 3026 subditis
746 2971 935 3027 defensionem
954 2986 1033 3041 prae-
1045 2994 1047 3043 3
1055 2972 1113 3041 juri
1134 2977 1249 3026 naturae
1264 2977 1291 3026 ct
1303 2971 1360 3043 legi
1373 2977 1502 3026 aeternae
1514 2972 1543 3025 in
1558 2978 1650 3025 mente
1662 2971 1767 3026 divina
1799 2972 1896 3026 Exstat

198 3067 272 3114 stare
294 3074 328 3112 aa
348 3055 498 3110 vindictam
522 3055 654 3110 adversus
683 3057 760 3126 pacis
777 3056 908 3126 publicas
926 3056 1143 3167 pertun-istium
1161 3063 1227 3112 ante
1244 3059 1334 3128 legem
1345 3057 1496 3112 Mosaieam
1517 3055 1787 3112 casusuecessariae
1801 3057 1894 3112 defen·

199 3145 308 3199 batores
332 3157 459 3196 marcere
485 3141 599 3210 possint.
636 3140 742 3204 Quodsi
767 3158 833 3212 ergo
856 3144 921 3211 jure
939 3142 1033 3197 divino
1046 3180 1048 3215 ,
1060 3143 1144 3197 sionis
1163 3143 1236 3201 Gen.
1258 3151 1297 3206 ts,
1317 3162 1344 3199 v.
1366 3150 1405 3199 14.
1424 3143 1472 3197 ubi
1489 3142 1632 3197 Abraham
1650 3142 1688 3197 ed
1707 3142 1897 3199 defensionem

199 3249 253 3285 non
264 3230 352 3284 solem
361 3236 481 3296 propter
499 3227 581 3292 irent,
598 3227 743 3282 sedetiam
757 3236 878 3296 propter
896 3228 1035 3283 conscien-
1046 3244 1049 3307 j
1062 3228 1144 3282 Lotbi
1165 3229 1274 3299 nepotis
1294 3230 1335 3306 sui
1355 3236 1445 3282 armat
1456 3228 1598 3296 familiam,
1617 3227 1711 3283 hostes
1729 3227 1898 3298 insequimr.

200 3318 268 3369 tiam
290 3314 395 3369 subditi
423 3311 598 3382 magistratui
625 3329 659 3366 ex
683 3312 846 3367 necessitate
871 3329 905 3367 ea
928 3314 1172 3371 ratione‘eosdem
1193 3315 1316 3370 trucidat
1333 3322 1362 3368 et
1381 3314 1500 3369 Lothum
1526 3331 1560 3368 ac
1578 3314 1700 3383 reliquos
1719 3314 1849 3384 saptiam
1868 3313 1898 3367 li·

200 3409 263 3457 sunt
283 3399 417 3468 subjecti,
441 3402 473 3451 ut
491 3399 527 3453 sd
556 3398 662 3452 tributa
681 3399 849 3468 praestanda
869 3398 1049 3470 obligentur,{
1062 3401 1149 3456 beret.
1198 3399 1304 3466 Quodsi
1332 3416 1398 3471 ergo
1429 3419 1461 3455 ex
1499 3405 1648 3470 praecepto
1679 3400 1715 3455 de
1749 3399 1899 3455 dilectione

201 3496 229 3543 et
255 3487 376 3541 vicissim
400 3485 423 3538 si
448 3490 562 3554 propter
582 3482 636 3536 boc
660 3485 725 3552 jure
753 3483 847 3539 divino
871 3485 908 3539 ad
930 3476 1050 3545 tributa}
1064 3487 1180 3555 proximi
1203 3485 1377 3541 manifestam
1403 3486 1562 3540 violentiam
1578 3501 1597 3538 a
1615 3485 1740 3554 proxime
1759 3486 1899 3556 depellere

202 3571 378 3644 magistratui
396 3568 563 3641 praestanda
583 3568 701 3638 obligati
719 3575 792 3635 sunt,
811 3574 843 3623 ut
854 3569 909 3625 Dei
926 3571 1036 3626 nomine
1047 3568 1049 3633 ἦ
1062 3589 1207 3642 possumus
1224 3588 1257 3626 sc
1276 3572 1418 3638 debemus,
1435 3571 1532 3641 utique
1551 3570 1633 3626 etiam
1653 3570 1758 3641 proprii
1778 3572 1900 3641 corporis

203 3659 354 3714 vindictam
376 3657 405 3709 in
429 3655 533 3709 malum
557 3659 673 3725 agentes
697 3661 725 3708 et
753 3655 923 3725 reipublicae
938 3652 1049 3727 pacem?
1063 3656 1249 3712 defensionem
1282 3673 1314 3711 ex
1344 3657 1442 3712 eodem
1473 3662 1621 3726 praecepto
1656 3655 1798 3724 suscipere
1823 3662 1899 3712 recta

205 3743 400 3816 perturbantes
425 3756 552 3795 exercere
571 3740 675 3809 possit;
702 3739 798 3811 utique
818 3741 901 3796 etiam
917 3742 975 3811 juri
995 3728 1222 3821 di-sspossumus,
1249 3742 1315 3813 quia
1333 3743 1378 3797 lex
1397 3741 1478 3797 dicit:
1504 3742 1619 3810 Diliges
1633 3741 1799 3810 monimum
1819 3751 1897 3795 turim

94 3877 100 3883 .
204 3831 268 3883 vino
288 3836 316 3882 et
333 3826 470 3881 voluntati
484 3825 594 3881 divinae
606 3843 759 3897 congruum
772 3832 822 3894 est,
841 3827 1133 3899 amagistratursiont
1147 3837 1173 3882 te
1185 3831 1284 3897 ipsam.
1308 3828 1388 3884 Haec
1401 3827 1568 3883 defensionis
1584 3826 1769 3881 fundamenta
1781 3827 1898 3883 adducit

202 3914 293 3986 puniri
312 3913 399 3967 malos
416 3912 475 3966 sive
492 3926 607 3965 numero
619 3912 701 3981 pauci
721 3912 761 3965 illi
780 3913 844 3982 sint,
864 3913 922 3968 sive
935 3913 1036 3983 plures,
1047 3966 1049 3990 ,
1062 3914 1237 3971 Chemnicius
1255 3920 1324 3985 part.
1344 3920 1368 3969 2.
1387 3915 1470 3970 locor.
1483 3929 1544 3981 cap.
1557 3912 1594 3967 ds
1611 3912 1735 3966 vindicta
1747 3928 1775 3982 p.
1787 3917 1848 3969 357.
1864 3928 1897 3967 ex

202 4018 265 4054 oum
285 4013 341 4050 non
359 3996 470 4049 desinat
488 4013 548 4049 esse
565 3995 668 4062 malus,
687 3997 734 4067 qui
753 3997 954 4071 cumpluribus
972 3999 1050 4054 talis?
1063 4001 1164 4072 quibus
1176 4016 1259 4070 porro
1270 3999 1311 4054 sic
1323 3999 1525 4054 concludimus:
1539 3997 1568 4053 Si
1579 3996 1782 4066 privatusjure
1795 3997 1899 4066 dimne,

202 4093 256 4154 est,
275 4101 327 4139 nec
345 4082 416 4137 latro
433 4098 493 4135 esse
512 4080 636 4142 desinat,
655 4083 704 4151 qui
725 4099 787 4137 cum
807 4084 935 4153 pluribus
955 4085 1034 4139 latre
1048 4088 1050 4153 ξ
1064 4087 1183 4141 naturali
1203 4080 1235 4139 a‘c
1254 4085 1329 4139 civili
1347 4084 1480 4153 iniustam
1497 4091 1526 4138 et
1543 4082 1717 4137 manifestam
1736 4083 1898 4138 violentiam

203 4173 320 4229 sinetur.
358 4168 475 4221 Frustra
492 4165 578 4236 igitur
600 4165 717 4221 affertur
741 4168 934 4236 idoneitas
952 4171 1081 4236 faringa
1099 4190 1128 4226 se
1148 4171 1281 4241 repellere
1304 4176 1334 4224 et
1354 4170 1440 4225 vitam
1465 4185 1498 4223 ac
1518 4185 1618 4238 corpus
1646 4184 1727 4222 suum
1747 4169 1897 4224 defendero

204 4257 396 4328 magistratum
416 4251 522 4306 scilicet
540 4250 675 4304 tributum
694 4267 711 4305 a
728 4253 847 4307 subditis
874 4256 1036 4325 praestitum
1048 4258 1050 4301 Ι
1063 4265 1162 4328 potest,
1180 4257 1266 4311 multo
1287 4257 1375 4329 magis
1394 4255 1536 4310 incumbet
1555 4253 1731 4325 magistratui
1748 4272 1897 4325 personam

203 4342 370 4415 quandoque
396 4339 425 4391 in
451 4337 555 4391 alienos
573 4352 639 4390 ursus
660 4344 834 4407 convertere,
858 4356 892 4394 ex
912 4358 945 4395 eo
965 4343 1050 4396 eninr
1064 4343 1205 4413 publicam
1230 4341 1337 4412 gerenti
1360 4347 1388 4396 et
1411 4340 1535 4411 gladium
1559 4339 1693 4395 divinitus
1720 4339 1777 4395 sibi
1802 4341 1897 4395 datam

202 4448 257 4485 non
275 4423 523 4490 laberricensis,
547 4422 623 4492 quod
639 4425 784 4489 ostjuris,
803 4425 933 4481 videlicet
950 4429 1037 4498 magi·
1049 4468 1051 4503 ,
1065 4429 1201 4500 portanti,
1228 4434 1260 4480 ut
1285 4443 1302 4480 a
1328 4442 1358 4480 se
1384 4433 1413 4482 et
1437 4426 1556 4480 subditis
1579 4441 1646 4480 suae
1667 4440 1752 4480 curas
1776 4444 1811 4482 ac
1832 4426 1898 4482 fidei

204 4514 302 4571 stratui
322 4516 469 4583 propterea
481 4508 577 4564 deberi
591 4508 698 4562 tributa
712 4525 730 4562 a
741 4509 868 4576 subditis,
887 4517 919 4565 ut
937 4511 1051 4587 milites
1065 4514 1218 4569 commissis
1235 4513 1367 4583 injustam
1393 4518 1422 4566 et
1437 4511 1610 4574 manifestam
1629 4511 1788 4566 violentiam
1810 4513 1897 4583 repel-

205 4604 234 4656 in
254 4598 442 4655 defensionem
460 4595 632 4666 reipublicae
650 4595 725 4650 alere
744 4602 773 4650 et
784 4597 941 4653 turbatores
960 4601 1038 4669 pacis
1050 4600 1051 4607 ’
1065 4602 1105 4654 lat
1124 4608 1152 4654 et
1169 4600 1271 4659 vitam,
1299 4614 1416 4667 corpora
1431 4614 1464 4652 sc
1483 4597 1609 4652 fortunas
1627 4596 1801 4653 subditorum
1822 4607 1899 4654 tuea-

207 4686 335 4757 publicac
353 4701 386 4738 ac
402 4682 495 4738 hostes
514 4680 685 4750 reipublicae
702 4683 831 4736 coercere
848 4685 943 4752 possit,
963 4686 1039 4755 quod
1050 4678 1052 4709 ³
1065 4695 1124 4753 tur,
1142 4692 1174 4739 ut
1197 4683 1343 4738 censibus
1369 4689 1398 4738 et
1419 4684 1527 4753 injuriis
1548 4685 1669 4738 hostium
1688 4683 1823 4749 obsistat,
1851 4685 1898 4754 qui

84 4768 135 4810 ΧΠ·
149 4765 193 4807 ²⁵¹·
208 4774 299 4843 ipsum
319 4768 342 4823 si
359 4768 455 4834 faciat,
474 4766 559 4822 officii
578 4766 622 4820 sui
640 4771 733 4835 partes
753 4768 913 4837 exsequitur
931 4774 960 4824 et
977 4788 1038 4837 gra·
1051 4800 1053 4805 >
1066 4772 1227 4842 religionem
1247 4775 1275 4824 et
1293 4769 1434 4840 regionem
1447 4769 1697 4840 eversameupinnt
1708 4784 1740 4823 ac
1754 4770 1898 4839 publicum

206 4866 266 4913 tum
288 4857 349 4910 Deo
375 4853 557 4909 ministerium
585 4858 722 4922 praestat,
746 4852 770 4906 si
794 4853 885 4908 facere
905 4856 1176 4927 negligatqbonum,
1195 4857 1275 4925 cujus
1293 4871 1362 4909 cura
1380 4856 1555 4926 magistratui
1579 4855 1724 4910 commissa
1743 4862 1795 4922 est,
1811 4873 1827 4910 e
1844 4872 1898 4911 me·

206 4944 297 4999 Deum
314 4939 437 5010 judicem
454 4955 488 4992 ac
507 4937 645 4993 vindicem
662 4937 785 4993 habebit.
1051 4928 1111 4995 3dio
1130 4940 1240 5010 penitus
1264 4940 1403 4995 sublatum
1426 4946 1566 5011 expetunt
1611 4940 1665 4996 Sed
1690 4957 1786 4994 verum
1813 4943 1898 5010 prius

79 5031 193 5121 mii'
242 5034 301 5083 378.
342 5030 368 5078 5.
388 5026 416 5078 A
429 5023 509 5093 juris
533 5024 675 5077 nutriretis
704 5024 805 5078 debito.
843 5023 975 5081 Defensio
998 5028 1140 5096 est.E1·go
1159 5032 1188 5079 et
1205 5027 1349 5095 posterius.
1389 5026 1529 5080 Connexio
1548 5025 1775 5097 probatusque
1792 5035 1825 5081 ut
1843 5028 1900 5098 pri·

80 5088 190 5225 {333⁸
204 5114 276 5212 juris
296 5108 593 5251 natttrralisciviliefflac
620 5109 722 5250 divini}
750 5109 894 5208 Emenim
912 5128 983 5252 opus
1002 5110 1281 5252 lejvsta'vtigstessc
1294 5111 1424 5252 ggii-geris
1451 5110 1574 5210 defensio
1586 5112 1656 5250 {pre
1682 5126 1829 5252 cggfeessa,
1842 5113 1899 5213 ¹sic

146 5212 152 5224 ·
208 5219 249 5268 gis
274 5213 408 5268 scripum
431 5213 460 5248 ιιι
479 5212 526 5249 cor
576 5212 622 5264 us,
648 5213 708 5251 srcu
745 5212 849 5250 nemim
876 5213 964 5252 nocen
984 5217 1040 5261 um,
1067 5215 1155 5268 magis
1233 5214 1294 5251 rsu
1374 5214 1435 5252 mm
1453 5214 1488 5253 ac
1505 5214 1586 5267 rerpu
1617 5212 1676 5251 rese
1743 5213 1820 5253 ensro
1835 5216 1899 5269 June

208 5287 249 5340 its
265 5284 408 5355 proprium
432 5299 533 5351 corpus
551 5290 648 5337 contra
672 5283 804 5353 injustam
823 5282 879 5336 rim
898 5286 1040 5355 tuendum,
1067 5282 1259 5339 commendata
1277 5291 1326 5338 est.
1364 5283 1405 5340 Ut
1417 5283 1615 5353 paterfamilias
1633 5282 1661 5335 in
1678 5282 1790 5337 aedium
1811 5301 1898 5354 oppu-

208 5371 252 5426 vel
289 5368 391 5425 auxilio
421 5368 613 5439 magistratus,
649 5371 693 5424 vel
728 5366 888 5425 defensione
923 5372 1042 5442 propria,
1066 5369 1197 5440 guntione
1215 5369 1349 5423 familiam
1365 5385 1399 5423 ac
1416 5386 1482 5424 suos
1500 5369 1649 5425 defendere
1668 5383 1701 5421 ac
1718 5368 1775 5423 vim
1794 5370 1900 5425 illatam

208 5455 322 5525 quando
363 5455 542 5526 magistratus
585 5453 714 5523 opitulari
750 5470 806 5508 non
842 5460 941 5522 potest
995 5452 1228 5525 Ita'propulsars
1252 5455 1317 5526 jure
1342 5460 1448 5524 potest,
1476 5455 1517 5509 sic
1545 5453 1724 5524 magistratus
1751 5452 1781 5507 in
1809 5455 1900 5511 hostili

209 5539 367 5601 Cicerolib.
384 5538 490 5597 t.offic.
501 5538 673 5610 primajuris
686 5539 821 5595 naturalis
838 5539 974 5611 principia
994 5541 1040 5595 de·
1068 5539 1240 5611 reipublicae
1262 5540 1407 5597 invasione
1425 5538 1551 5595 subditos
1571 5538 1720 5595 defendere
1744 5554 1780 5595 ac
1798 5541 1900 5597 violen-
