4020 6014
203 326 262 387 103
789 309 1313 371 noousuorsnsusrnanus

199 479 340 531 ostensum
363 470 425 525 fuit.
459 470 543 540 Ergo.
581 468 722 524 Connexio
746 466 859 537 majoris
887 465 1035 521 111111111-
1063 467 1138 520 tione
1159 467 1323 521 1110111110
1344 466 1471 538 Spiritus
1488 463 1663 533 taceti,·ubi
1681 463 1792 534 reipsa
1809 468 1906 534 neget,

199 560 278 616 festa
319 564 341 612 1.
363 555 394 612 Si
421 555 495 611 euim
519 555 641 623 fidelium
667 553 747 609 liberi
771 554 807 608 ab
832 559 911 608 utero
938 550 1033 607 matris
1064 568 1097 606 ex
1122 551 1213 607 verbis
1236 553 1395 623 Scripturas
1418 568 1529 606 sensum
1554 549 1673 620 Spiritus
1696 550 1790 604 sancti
1808 547 1906 620 colligi

200 643 373 707 suntsancti,
390 642 488 712 utique
504 643 608 710 absque
626 640 782 694 ministerio
800 640 877 693 serbi
894 647 920 693 et
940 656 1038 692 sacra·
1064 653 1146 707 posse
1173 638 1218 693 vel
1244 639 1354 695 debere.
1393 643 1417 693 3.
1437 637 1491 702 Qui
1516 636 1688 707 Scriptorum
1711 642 1816 690 vocant
1843 636 1905 689 lite-

200 739 352 787 mectomm
372 729 497 798 Spiritus
513 746 536 784 a.
557 729 587 780 ia
600 726 661 780 illia
681 726 840 780 immediate
860 725 988 779 accendit
1002 726 1039 791 fi·
1065 742 1128 777 ram
1154 733 1309 790 mortuam,
1336 723 1378 778 illi
1402 724 1536 779 hactenus
1561 729 1590 777 ct
1614 723 1666 776 hoc
1692 728 1821 792 respectu
1841 727 1907 776 sunt

200 819 272 882 dem,
283 823 316 871 ut
327 815 429 870 diserte
441 813 540 868 scribit
552 811 672 867 Sohrrius
687 811 716 865 in
735 828 812 882 exeg.
831 831 857 883 p.
879 816 939 866 192.
975 816 999 864 2.
1010 808 1041 866 Si
1066 809 1277 865 Svencieldiani.
1303 810 1359 865 Sed
1376 809 1521 865 Pontificii
1540 809 1706 878 scripturam
1724 814 1829 863 vocant
1846 807 1906 863 1111·

201 904 304 974 duplex
316 901 447 957 statuitur
465 898 627 968 baptismus,
648 901 778 951 externus
797 905 825 951 ct
844 896 978 965 internus,
999 900 1039 950 at·
1066 912 1126 949 ram
1140 903 1277 951 mortuam
1295 913 1345 966 per
1367 896 1495 967 spiritum
1521 895 1655 952 ecclesiae
1679 893 1858 949 ammandam
1878 898 1908 949 at

202 1007 257 1062 que
282 989 322 1042 ita
347 985 475 1058 quidem,
505 989 537 1038 ut
561 989 690 1038 externus
716 982 870 1053 baptismus
896 982 1041 1051 contingat
1065 987 1139 1036 recte
1157 982 1358 1052 explicandam.
1396 983 1481 1054 Ergo.
1518 982 1682 1037 Assumtum
1706 979 1829 1052 probant
1856 980 1908 1036 ills

202 1076 265 1144 illis,
285 1073 386 1146 quibus
407 1072 436 1125 in
460 1069 559 1125 adulta
578 1074 669 1124 aetate
684 1068 795 1122 demum
808 1068 932 1124 internus
950 1069 1041 1136 datur,
1066 1067 1244 1134 emblemata,
1272 1069 1374 1140 quibus
1395 1068 1567 1139 Scripturam
1583 1068 1688 1139 passim
1705 1073 1816 1123 ornant.
1851 1065 1907 1122 (lu-

202 1162 299 1233 utique
318 1156 520 1214 administratio
541 1155 673 1226 baptismi
697 1173 754 1210 non
775 1155 827 1210 erit
844 1155 943 1210 efficax
961 1169 1040 1226 orga-
1066 1169 1150 1208 sanus
1168 1154 1248 1225 epist.
1267 1159 1296 1209 2:
1314 1155 1446 1209 Ecclesia
1463 1161 1626 1226 competetet
1643 1157 1685 1207 ad
1701 1153 1907 1208 1111111181νί-

202 1265 277 1315 num,
297 1246 346 1300 sed
364 1244 499 1298 duntaxat
517 1241 627 1313 signum
645 1239 815 1313 significans,
834 1242 902 1313 quid
921 1241 1040 1310 Spiritus
1064 1248 1168 1310 ptarae
1187 1241 1319 1311 odliqari,
1338 1242 1402 1296 licet
1417 1257 1526 1311 semper
1549 1243 1590 1294 ad
1609 1240 1754 1310 Spiritum.
1790 1239 1907 1293 11111111-

204 1352 224 1389 1.
244 1333 358 1388 interius
377 1330 422 1384 vel
440 1329 488 1384 illo
508 1333 632 1398 tempore
651 1334 787 1398 operetur,
806 1329 850 1382 vel
861 1326 1039 1397 postmodum
1067 1334 1135 1392 ctera,
1155 1328 1206 1396 qai
1220 1345 1282 1381 cam
1295 1328 1428 1381 ecclesiae
1442 1328 1534 1396 praei
1549 1328 1698 1395 concurrit,
1720 1333 1760 1380 eat
1781 1326 1909 1398 Spiritus

204 1421 240 1474 sit
264 1421 436 1490 operaturus.
472 1419 496 1469 3.
526 1414 557 1471 Si
575 1430 609 1469 ex
633 1412 760 1468 absoluto
782 1414 894 1470 decreto
909 1412 1040 1483 reproba·
1066 1414 1220 1477 vivificam.
1264 1413 1381 1485 Piggius
1410 1413 1457 1470 lib.
1487 1420 1508 1469 1.
1538 1414 1634 1471 eccles.
1659 1412 1795 1469 hierarch.
1823 1429 1848 1467 c.
1876 1416 1906 1467 21

203 1505 286 1562 tionis
311 1504 357 1572 fit,
387 1508 420 1556 ut
445 1500 555 1555 vocatio
579 1499 763 1570 perverbum
789 1500 865 1571 apud
885 1499 985 1555 multos
1005 1498 1041 1553 sit
1069 1498 1234 1568 Scripturas
1250 1507 1315 1553 aaut
1339 1499 1414 1553 celat
1435 1500 1566 1568 plumbea
1588 1501 1705 1554 Lesbiae
1731 1499 1907 1561 aedificatio·

203 1590 351 1659 inefficax,
381 1588 479 1659 utique
507 1585 622 1641 verbum
644 1602 701 1640 non
735 1586 788 1641 erit
818 1584 917 1641 efficax
942 1585 1039 1641 salutis
1066 1586 1113 1639 aia
1129 1587 1237 1653 recula,
1255 1602 1327 1655 quae
1348 1587 1389 1640 ad
1404 1603 1528 1651 aereum,
1547 1605 1627 1656 qaam
1645 1589 1708 1656 qaia
1728 1595 1794 1640 ame
1811 1602 1906 1640 secam

203 1662 354 1749 organum,
378 1673 428 1728 sed
447 1673 584 1727 duntaxat
601 1671 725 1742 signum,
751 1671 820 1742 quid
837 1671 915 1727 Deus
933 1671 1043 1742 operari
1064 1673 1281 1744 praesusumit,
1315 1672 1529 1727 accommodari
1564 1690 1594 1727 se
1625 1674 1716 1738 facile
1745 1672 1905 1741 patiantur.

203 1762 272 1819 velit
288 1761 318 1816 in
337 1759 400 1825 illis,
420 1758 469 1828 qui
488 1755 615 1812 absoluto
634 1756 745 1812 decreto
763 1762 828 1811 sunt
847 1757 937 1825 electi,
956 1762 985 1812 et
1002 1756 1043 1811 sic
1068 1757 1229 1813 Andradius
1246 1758 1275 1813 in
1290 1759 1344 1815 dei.
1361 1760 1431 1816 Trit.
1448 1759 1496 1815 fid.
1514 1766 1605 1831 negat,
1633 1761 1789 1829 quidquam
1815 1760 1907 1812 inem

161 1878 167 1891 ·
205 1867 255 1921 per
272 1844 387 1902 verbum
399 1843 459 1899 fieri
477 1842 685 1907 conversionem
703 1843 778 1898 hunc
797 1842 1042 1906 habebitscnsum
1070 1845 1228 1898 divirritatic
1253 1846 1283 1898 ia
1311 1846 1373 1900 illia
1403 1847 1500 1910 libris,
1534 1847 1633 1916 quibua
1660 1862 1746 1900 secra
1773 1847 1909 1914 myrtei-ia

205 1933 340 2005 Spiritum
357 1936 484 1985 sanctum
507 1946 646 1984 unacum
666 1929 878 1986 externaverbi
900 1929 1043 2001 praedica·
1071 1932 1236 1999 comiqcata
1253 1940 1326 1990 aaut.
1363 1933 1534 1989 (1011111111
1552 1933 1653 1988 enchir.
1666 1951 1695 2003 p.
1711 1939 1756 1990 43:
1779 1932 1909 1986 Otr-istra

205 2022 280 2077 tione
308 2004 489 2089 quandoque*
503 2016 621 2087 operari.
659 2023 685 2072 4.
705 2016 735 2072 Si
758 2015 911 2087 gentilibus
930 2014 1044 2070 saniori·
1071 2018 1218 2071 eccleciam
1243 2037 1324 2075 suam
1350 2035 1401 2073 aee
1424 2038 1443 2073 a
1467 2020 1622 2074 chartaceis
1644 2021 1759 2088 ccriptia
1774 2022 1909 2089 pendere,

204 2108 258 2163 bus
277 2103 439 2160 asscribitur
458 2101 543 2173 salus,
563 2102 610 2173 qui
638 2109 733 2157 tamen
751 2101 903 2157 ministerio
921 2101 998 2157 verbi
1017 2106 1045 2155 et
1072 2120 1121 2158 aec
1141 2106 1308 2159 membranis
1322 2106 1456 2175 ripuaria
1473 2124 1527 2159 aaa
1545 2107 1714 2159 committere
1732 2107 1828 2175 volat,
1857 2109 1909 2160 aad

206 2197 443 2248 sacramentorum
460 2190 538 2245 fuere
556 2188 697 2257 destituti,
715 2188 813 2259 utique
833 2205 865 2242 eo
882 2188 944 2258 ipso
961 2204 1045 2259 nega
1073 2207 1135 2244 cam
1154 2191 1331 2260 spiritualem
1359 2193 1536 2246 constitueret
1558 2192 1704 2246 eccleciam
1727 2210 1778 2246 sao
1797 2192 1910 2262 Spiritu

208 2284 262 2347 tur,
281 2277 357 2349 quod
371 2276 486 2334 verbum
499 2280 527 2331 et
544 2280 719 2330 sacramenta
735 2274 791 2328 sint
803 2273 971 2329 ordinarium
983 2291 1047 2329 con·
1072 2284 1170 2330 111110
1188 2277 1385 2346 informatam,
1412 2296 1478 2332 asra
1502 2286 1542 2331 est
1560 2278 1722 2332 sublimiore
1746 2279 1910 2333 charactere

207 2365 340 2422 versionis
358 2381 392 2418 ac
412 2363 509 2418 1111111
526 2379 671 2432 organum.
1074 2363 1196 2417 scribens
1222 2365 1313 2433 diqito
1344 2365 1404 2418 Dei
1428 2366 1457 2418 ia
1485 2366 1570 2418 corde
1598 2364 1740 2418 ecclesiae.
1768 2382 1834 2436 pag.
1861 2371 1909 2421 lb:

81 2466 110 2508 ut
123 2468 147 2506 m
244 2457 303 2508 252.
340 2450 397 2504 Sed
414 2465 465 2504 neo
481 2447 623 2503 Pontificii
647 2464 665 2502 1
687 2446 953 2503 Svencieldianismo
970 2447 1047 2518 peni·
1077 2448 1241 2518 Smptarae
1258 2459 1321 2504 cant
1339 2451 1425 2504 litera
1442 2458 1552 2503 mortua
1576 2451 1682 2520 scripta
1705 2457 1862 2505 atramento
1879 2451 1910 2504 ia

80 2517 173 2609 {gfff
208 2544 254 2594 tus
279 2537 415 2592 immunes
440 2540 513 2591 sunt.
549 2533 733 2590 Bellarminus
762 2533 875 2604 quidem
900 2533 949 2590 lib.
970 2541 992 2591 1.
1012 2535 1048 2590 de
1074 2536 1235 2589 membrana
1257 2537 1301 2591 ael
1319 2536 1427 2593 charta.
1463 2535 1607 2591 lt*Eadem
1636 2541 1696 2591 erat
1725 2554 1778 2591 vox
1806 2537 1909 2592 Svcnc·

1 2666 3 2670 ,
85 2620 139 2660 ⁶⁰¹¹·
209 2624 295 2683 verbo
313 2623 369 2680 Dei
386 2639 409 2677 c.
432 2629 455 2679 1.
476 2622 746 2692 impatientissimum
764 2629 845 2676 vocat
864 2623 1046 2691 mendacium,
1074 2620 1153 2676 ieldii
1175 2638 1240 2692 pag.
1269 2626 1309 2678 12.
1342 2622 1376 2676 (11
1400 2621 1516 2693 Script.:
1545 2622 1695 2692 Scriptura
1723 2631 1764 2676 eat
1783 2640 1836 2676 aar
1861 2623 1910 2675 lsa-

89 2730 149 2774 xm,
162 2728 194 2774 ⁷&
212 2714 289 2784 qaod
317 2709 496 2774 Sceacseldii
522 2717 548 2763 et
579 2709 786 2763 Libertiaoram
816 2724 896 2762 error
915 2706 1049 2777 pontifici
1074 2724 1172 2771 meaa,
1196 2708 1316 2772 candae,
1345 2709 1477 2777 strepitus
1496 2716 1522 2762 et
1541 2717 1651 2762 mortua
1667 2709 1762 2762 litera.
1799 2707 1911 2778 Excipit

209 2802 338 2856 Romano
356 2804 508 2866 commetat,
533 2812 629 2851 verum
646 2795 765 2866 expendi
779 2794 911 2865 jubemus
931 2811 1046 2865 sequen·
1074 2791 1223 2848 Gordonus
1245 2794 1274 2847 iu
1296 2793 1362 2864 epit.
1385 2798 1505 2849 controv.
1534 2800 1555 2849 1.
1573 2811 1596 2848 1.
1616 2799 1645 2849 3;
1676 2795 1757 2848 Haec
1774 2795 1871 2848 amaia
1890 2812 1911 2849 a

210 2886 252 2942 tia
279 2883 469 2941 tundamenta.
511 2888 532 2938 1.
551 2882 639 2936 Andr.
668 2880 815 2936 Fabricius
843 2881 873 2935 in
895 2879 1048 2935 Harmonia
1074 2880 1232 2948 Pontificiie
1250 2882 1343 2934 aerari
1369 2882 1405 2933 cta
1433 2881 1505 2944 eota,
1532 2883 1612 2935 cada
1637 2889 1662 2935 et
1688 2889 1800 2937 mortua
1817 2882 1910 2952 lr'tera,

208 2973 393 3043 Augustanus
412 2968 591 3024 confessionis
614 2969 717 3024 diserte
735 2967 838 3036 scribit,
866 2967 1005 3036 Spiritum
1022 2984 1045 3020 a.
1073 2984 1145 3036 quae
1163 2983 1228 3022 cero
1245 2984 1329 3020 sensa
1346 2976 1432 3035 caret,
1450 2984 1583 3022 monuero
1601 2969 1713 3037 daspsa
1732 2968 1834 3023 literae
1850 2970 1910 3024 cita

209 3060 294 3114 etiam
312 3057 382 3112 dari
397 3055 458 3110 aiae
477 3063 589 3110 eutem
614 3055 712 3123 cerba,
739 3071 837 3124 nempe
858 3071 913 3122 per
935 3054 1046 3106 vermem
1074 3061 1099 3106 et
1110 3052 1207 3107 amima
1221 3070 1270 3108 aere
1282 3071 1346 3107 aero
1362 3071 1453 3109 aenea.
1488 3053 1714 3124 Respondemus:
1737 3055 1910 3125 Quaerimus,

208 3147 357 3206 internum,
378 3143 454 3211 quod
465 3141 517 3195 illo
530 3158 586 3194 aaa
604 3149 644 3195 eat
664 3141 812 3205 infirmius.
850 3140 928 3194 Idem
946 3139 1048 3209 repetit
1074 3139 1142 3211 quid
1164 3157 1214 3210 per
1235 3140 1361 3208 literam,
1387 3140 1456 3210 quid
1473 3157 1524 3210 per
1545 3141 1646 3194 literae
1666 3142 1792 3195 animam
1810 3141 1911 3196 intelli·

208 3231 272 3289 Job.
297 3226 509 3291 Hoffmeisterus
527 3243 556 3296 p.
575 3232 617 3284 55.
646 3225 694 3281 ubi
718 3243 751 3281 ex
774 3225 952 3281 Scholasticis
971 3225 1046 3294 dicit,
1074 3232 1149 3298 gant
1184 3227 1239 3281 Per
1257 3226 1333 3281 illam
1353 3226 1486 3298 scriptum
1504 3226 1558 3282 Dei
1576 3227 1704 3296 verbum,
1721 3235 1805 3298 prout
1820 3233 1864 3286 est
1880 3228 1910 3283 in

210 3318 334 3389 qratiam
356 3333 414 3370 mors
437 3329 497 3369 acce
521 3313 671 3382 alliqatam
695 3312 888 3368 sacramentia
930 3312 981 3380 (At
1006 3312 1048 3366 di·
1074 3313 1170 3369 codice
1187 3311 1626 3384 biblicoatramentoexaratum3
1645 3315 1779 3385 perhanc
1797 3331 1910 3371 sensum

211 3402 395 3475 stinguendus
423 3404 465 3455 est
491 3416 573 3454 casus
609 3399 780 3454 necessitatis
813 3398 1046 3455 extraordinarius
1073 3400 1109 3455 ab
1133 3399 1250 3456 ecclesia
1275 3407 1373 3471 suopte
1397 3399 1496 3470 spiritu
1523 3405 1552 3455 et
1571 3402 1683 3472 proprio
1711 3419 1781 3456 ausu
1799 3401 1910 3458 illatum

210 3491 247 3545 ab
267 3488 405 3547 ordinario
423 3487 453 3542 in
472 3487 585 3559 negotio
603 3487 700 3542 salutis
720 3486 823 3557 agenn
843 3485 938 3554 modo,
957 3502 1047 3557 neque
1075 3486 1241 3558 intelligunt.
1291 3486 1365 3553 Quid
1395 3487 1460 3542 iude
1491 3488 1670 3557 consequitur
1700 3488 1794 3556 aliud,
1824 3506 1910 3560 quam

215 3577 288 3632 enim
306 3574 436 3631 illehuic
454 3573 656 3645 opponendus.)
681 3572 813 3627 Testatus
828 3589 855 3643 q.
870 3577 911 3627 25.
925 3571 954 3625 in
972 3578 1048 3628 121.
1073 3573 1164 3642 ipsum
1196 3573 1288 3628 adhuc
1310 3573 1365 3628 Dei
1391 3574 1506 3630 verbum
1528 3573 1660 3644 scriptum
1684 3574 1744 3629 sine
1770 3575 1910 3644 pontificis

211 3663 311 3719 blatth.
336 3666 435 3732 negat,
462 3662 591 3715 cis-testem
616 3660 744 3728 aliquam
765 3659 884 3712 realiter
903 3659 995 3724 famae
1018 3660 1049 3712 ia
1074 3660 1302 3730 interpretatione
1328 3660 1532 3714 consideratum
1554 3675 1614 3714 esse
1635 3659 1744 3714 literam
1765 3667 1911 3732 mortuam,

212 3749 303 3803 verbis
331 3747 439 3802 Christi
466 3749 508 3800 ad
536 3746 707 3814 disciprulm:
736 3745 879 3800 Dominus
904 3746 948 3799 tie
978 3763 1049 3814 apua
1075 3763 1147 3817 quae
1166 3747 1277 3801 domum
1293 3746 1413 3801 animam
1431 3750 1460 3801 et
1476 3745 1556 3818 quasi
1576 3746 1662 3801 vitam
1673 3747 1795 3816 accipiat
1814 3765 1912 3819 apon-

213 3836 295 3890 tatct
314 3833 360 3901 (dc
377 3833 495 3903 physica
512 3832 615 3887 virtute
635 3832 665 3886 id
685 3831 877 3896 concedimus,
897 3838 992 3887 manet
1009 3833 1048 3886 in·
1075 3832 1169 3888 tilica?
1187 3833 1229 3887 Ex
1250 3834 1348 3888 Fausti
1368 3833 1460 3889 Socini
1477 3840 1558 3888 tract.
1577 3833 1612 3888 de
1630 3834 1747 3888 ecclesia
1765 3834 1794 3888 in
1811 3835 1911 3906 explic

213 3921 308 3989 terim,
327 3919 403 3991 quod
420 3918 515 3973 divina
533 3919 621 3972 virtus
639 3935 689 3987 per
705 3917 753 3972 illa
770 3919 856 3974 verba
874 3935 904 3974 se
924 3934 1049 3973 1111111-
1076 3919 1130 3974 1011
1148 3918 1246 3976 Matth.
1266 3926 1311 3987 16,
1328 3937 1353 3973 v.
1376 3925 1415 3976 to.
1429 3937 1457 3989 p.
1476 3925 1516 3975 12.
1538 3924 1566 3973 11
1583 3936 1660 3990 seqq.
1678 3927 1803 3990 apparet,
1820 3938 1912 3995 neque

214 4007 270 4069 rit).
308 4012 331 4061 2.
358 4004 412 4069 uui
438 4004 558 4075 Spiritus
585 4004 675 4059 sancti
702 4022 814 4060 sensum
848 4021 865 4059 a
891 4004 1050 4076 Scripturas
1076 4006 1151 4076 ipsos
1168 4006 1349 4062 Photinianos
1365 4006 1471 4061 sincere
1489 4006 1616 4075 credere,
1635 4007 1710 4077 qaod
1729 4007 1848 4063 ministri
1868 4026 1912 4065 ec-

213 4093 305 4150 verbis
324 4097 464 4162 separant,
483 4090 523 4144 1111
539 4089 675 4145 hactenus
694 4096 722 4145 et
733 4090 786 4145 boc
804 4096 932 4160 respectu
950 4090 1050 4146 Svenc·
1077 4093 1177 4148 clesiae
1194 4109 1290 4148 revera
1308 4099 1337 4148 11
1355 4092 1508 4148 efficaciter
1532 4093 1655 4161 (tametsi
1681 4095 1823 4165 organice)
1846 4110 1912 4166 pos·

214 4177 420 4240 leldianismum
445 4182 631 4248 propugnant.
677 4177 732 4233 Sed
762 4175 903 4232 Pontificii
930 4177 1050 4248 Spiritus
1077 4179 1229 4234 nitentibus
1253 4179 1410 4235 hominibus
1445 4182 1561 4249 peccata
1589 4178 1745 4247 remittant,
1781 4181 1831 4235 sed
1864 4199 1913 4238 eos

215 4265 305 4321 sancti
324 4282 435 4321 sensum
459 4263 584 4319 averbis
602 4263 761 4333 Scripturas
786 4270 925 4334 separant.
966 4265 1049 4336 Ergo.
1077 4265 1195 4331 sentire,
1213 4266 1288 4338 quod
1309 4271 1420 4320 tantum
1438 4263 1622 4336 significative
1642 4272 1672 4320 et
1693 4266 1861 4322 declarativa
1882 4270 1912 4325 id

215 4353 379 4408 Assumtum
396 4351 425 4405 in
445 4355 524 4405 tract.
544 4348 579 4403 de
597 4349 696 4416 interp.
714 4349 814 4421 Script.
835 4350 1050 4408 demonstratum
1076 4351 1229 4408 iaciant.**
1264 4359 1287 4408 t.
1305 4352 1358 4419 Qui
1377 4352 1537 4422 Scripturas
1560 4352 1679 4407 lectione
1702 4353 1911 4411 1111111111τῶ-

215 4440 276 4496 suit.
313 4439 353 4496 Ut
376 4438 449 4492 enim
475 4434 667 4493 Svencfcldius
694 4436 730 4491 ad
760 4436 887 4506 spiritum
911 4438 1050 4509 privatum
1076 4444 1159 4508 cunt,
1181 4438 1222 4493 illi
1241 4438 1270 4492 in
1288 4438 1446 4509 Scripturas
1464 4455 1557 4493 sacras
1576 4440 1600 4492 si
1617 4454 1673 4493 non
1691 4439 1791 4507 magis,
1817 4447 1912 4498 tamen

215 4525 341 4581 homines
358 4523 488 4592 remittit,
512 4539 564 4593 per
583 4538 665 4593 quem
690 4522 850 4592 Scripturae
875 4524 932 4579 siut
951 4525 1051 4581 intelli·
1077 4542 1164 4598 aeque
1183 4525 1277 4596 injurii
1293 4532 1359 4580 sunt
1382 4542 1415 4579 ac
1440 4526 1660 4593 Svencfeldiani,
1687 4527 1734 4598 qui
1764 4526 1912 4585 lectionem

216 4611 339 4682 gandae,
358 4611 398 4665 ita
415 4607 555 4665 Pontificii
573 4608 602 4662 in
621 4609 739 4665 ecclesia
758 4616 786 4665 11
803 4611 878 4681 apud
898 4613 1050 4680 ecclesiam,
1078 4613 1412 4683 Scripturaeooncednnt‚
1430 4613 1480 4667 sed
1492 4618 1605 4684 negant,
1620 4631 1653 4669 ex
1664 4613 1775 4669 illarum
1792 4615 1912 4672 lectione

216 4697 269 4752 hoc
287 4702 343 4762 est,
372 4704 405 4751 ut
420 4695 518 4751 ultima
542 4695 664 4765 analysis
687 4695 781 4764 docet,
809 4696 839 4750 in
867 4698 997 4766 pontifice
1022 4707 1051 4756 et
1075 4700 1121 4754 vel
1146 4699 1325 4755 meditatione
1349 4699 1432 4755 fidem
1455 4701 1578 4757 accendi.
1613 4699 1701 4772 Atqui
1721 4700 1862 4757 Pontificii
1894 4720 1912 4757 1

217 4782 292 4853 apud
304 4782 472 4853 pontificem,
490 4782 569 4837 illum
581 4781 740 4853 Scripturae
752 4780 951 4841 ἀνυπεύθυνον
967 4786 1050 4842 inter·
1076 4785 1194 4841 lectione
1216 4785 1422 4856 Scripturarum
1446 4787 1530 4842 laicos
1556 4793 1659 4842 arcent
1703 4788 1786 4859 Ergo.
1829 4789 1912 4855 Quod

216 4875 331 4940 protem,
350 4867 485 4938 Spiritum
497 4875 624 4924 sanctum
635 4869 824 4940 quaerendum
842 4887 902 4925 csse
917 4878 1049 4939 statuunt,
1075 4890 1141 4929 vero
1157 4871 1342 4928 Bellarminus
1359 4873 1473 4943 oblique
1499 4874 1547 4931 lib.
1567 4879 1590 4931 3.
1611 4874 1646 4929 de
1665 4872 1750 4927 verbo
1770 4874 1822 4930 Dei
1841 4893 1864 4931 c.
1885 4881 1910 4935 3.

217 4961 313 5011 contra
330 4970 395 5009 vero
411 4963 528 5026 negant,
557 4955 734 5026 Scripturam
752 4956 846 5009 dicere
862 4962 961 5025 paese,
987 4959 1051 5026 qaia
1077 4957 1105 5033 ᾖ.
1114 4958 1305 5015 Athacretici:
1318 4957 1464 5016 Gretserus
1474 4961 1521 5018 lib.
1537 4959 1674 5016 tdefens.
1689 4959 1910 5032 (1180111112.
1925 4968 1953 5008 ¹¹

216 5042 253 5096 ait
272 5058 354 5096 amas
371 5057 439 5094 suus
458 5043 633 5106 1111111101
654 5049 696 5098 est
714 5046 828 5113 negant,
847 5059 880 5096 ex
899 5042 960 5112 ipsa
979 5044 1051 5098 Scri·
1078 5050 1183 5101 directe
1196 5045 1492 5105 Svencfeldianismum
1506 5047 1586 5104 nobis
1602 5044 1699 5100 tribuit
1717 5063 1750 5101 11
1772 5048 1912 5117 Spiritum

215 5134 409 5200 pturaverum
422 5126 582 5197 Scripturas
596 5133 749 5185 consumet
765 5127 914 5202 genuinam
931 5128 1051 5199 Spiritus
1078 5133 1327 5198 Svemrfeldiarram
1346 5141 1372 5187 et
1390 5135 1580 5189 Lattaramam
1597 5133 1714 5186 academ
1728 5151 1787 5188 ecee
1805 5135 1910 5204 scribit,

217 5213 306 5270 sancti
328 5212 493 5269 sententiam
518 5214 625 5271 addisci
655 5233 745 5288 posse.
794 5216 922 5270 Becenus
944 5214 972 5269 in
1001 5216 1050 5274 lib.
1077 5222 1138 5291 ejus
1155 5219 1340 5274 accusationis
1365 5220 1474 5278 falsitas
1498 5223 1528 5276 iu
1543 5224 1623 5274 tract
1645 5220 1681 5276 de
1705 5221 1819 5292 interpr.
1838 5220 1910 5277 Scri·

218 5301 253 5357 de
268 5301 330 5371 jud.
348 5305 470 5357 controv.
490 5318 517 5372 p.
536 5307 577 5359 18.
596 5298 624 5375 ξ.
645 5309 691 5358 51:
707 5303 796 5357 Aliud
813 5310 853 5357 eat
870 5303 955 5356 verta
974 5302 1051 5357 Scri-
1076 5311 1176 5377 pturae
1193 5305 1247 5360 fuit
1266 5305 1385 5363 detecta.
1924 5348 1945 5387 fl

212 5396 317 5458 ptarac
348 5405 408 5443 esse
438 5388 534 5458 clara,
562 5389 648 5443 aliud
673 5407 784 5444 tenram
809 5390 968 5459 1111111111
991 5406 1052 5445 aare
1113 5396 1170 5449 253.
1210 5391 1340 5449 Ceterum
1358 5399 1390 5447 ut
1409 5393 1497 5445 status
1514 5388 1681 5457 quaestionis
1709 5392 1781 5447 inter
1805 5409 1856 5448 nos
1878 5409 1911 5449 ac
1924 5359 1954 5438 ²1¹³*

217 5475 333 5530 clarum.
368 5476 445 5531 Nam
466 5475 586 5530 claritas
602 5477 748 5530 certorum
771 5478 875 5546 pendet
901 5493 935 5530 ec
959 5477 1053 5545 coqui·
1078 5479 1304 5536 Svencfeldianos
1322 5490 1471 5548 eorumque
1487 5474 1606 5530 ⁸⁸⁸le
1632 5477 1670 5534 tit
1689 5479 1834 5549 illustrior,
1863 5499 1912 5537 1¹0·
1925 5463 1954 5543 ll

217 5559 292 5617 tione
308 5563 518 5630 qrammms'cu,
540 5561 662 5616 claritas
687 5570 781 5619 1111111
798 5578 895 5619 mc
914 5562 1053 5619 cuiatem·
1078 5564 1183 5623 tandao
1199 5571 1266 5622 sunt
1288 5568 1435 5637 sequent!
1458 5557 1635 5627 hymetus.
1673 5572 1696 5624 1.
1714 5565 1839 5623 Verbum
1856 5567 1912 5624 Dei
1924 5554 1954 5594 ‘⁰¹

1925 5616 1954 5646 Sil
