4020 6014
253 369 313 427 358
830 350 951 416 Locus
967 354 1172 416 vlcnsltws
1191 358 1371 423 Quantus

255 522 276 570 1.
296 515 342 569 Ad
360 514 437 568 illurn
456 514 577 583 pertinet
594 527 746 567 convocare
765 512 918 581 synodum,
937 513 984 581 qui
1002 509 1088 566 habet
1120 510 1189 565 citer
1200 518 1228 567 et
1240 513 1268 564 in
1281 512 1416 574 omnibus,
1431 513 1479 567 sed
1498 513 1650 565 secumdum
1663 513 1741 583 quid,
1759 528 1814 567 nec
1825 519 1952 584 respectu
1963 524 2002 567 111.

252 606 418 671 potestatem
438 616 471 654 ac
485 599 707 669 jurisdictionem
726 598 753 650 in
773 597 983 669 congregandos
1000 604 1028 651 et
1042 614 1088 650 cu·
1117 599 1208 666 medii,
1227 599 1276 652 sed
1295 599 1401 652 ratione
1415 598 1486 659 finis,
1506 598 1692 666 inquisitionis
1709 599 1826 661 scilicet,
1847 599 1951 652 imitan-

250 687 298 755 jus
320 686 478 741 auctoritati
499 700 595 739 omnes
618 699 715 753 parere
740 691 885 755 coguntur.
924 685 978 740 Sed
1005 685 1088 739 talem
1116 683 1181 736 dum
1206 685 1394 754 proponimus.
1439 685 1481 738 De
1512 686 1674 736 (sustantia
1695 685 1867 754 imperatore
1886 685 1951 740 Con-

254 777 421 841 potestatem
447 778 475 824 et
504 769 726 839 jurisdictionem
761 769 870 824 obtinet
899 769 1089 840 magistratus.
1116 770 1229 822 stantini
1254 776 1333 838 patre
1352 770 1437 823 refert
1457 769 1596 823 Eusebius
1614 770 1675 824 libr.
1707 776 1727 823 1Ι
1747 771 1784 824 de
1804 771 1866 824 rita
1885 770 1951 825 Con·

256 861 278 911 2.
301 857 348 910 Ad
367 856 444 910 illum
462 855 583 924 pertinet
600 869 754 908 convocare
765 855 911 924 synodum,
932 855 979 924 qui
998 859 1090 923 potest
1116 859 1196 909 stant.
1223 872 1247 910 c.
1276 862 1314 910 11.
1334 856 1408 925 qnod
1426 855 1561 925 singulari
1586 855 1705 931 quadam
1726 857 1879 926 prudentia
1898 857 1951 911 ido

256 940 460 1014 congregandis
480 939 586 993 salvum
605 940 774 994 conductum
793 941 860 994 dare
878 944 906 994 et
925 938 1089 1010 apericulis
1116 939 1229 994 lolatras
1254 938 1379 994 ethnicos
1404 940 1569 994 Christianis
1596 942 1694 995 aulicis
1719 943 1895 996 intermixtas
1926 943 1951 995 in

256 1028 361 1083 itineris
379 1042 425 1080 eos
443 1028 578 1080 immunes
597 1030 746 1095 praestare.
791 1023 825 1078 Id
847 1040 914 1078 vero
931 1025 1006 1078 solus
1034 1041 1090 1077 ma·
1116 1027 1206 1081 lucem
1223 1026 1391 1097 produxerit.
1427 1027 1504 1095 Illis,
1524 1029 1623 1096 quiin
1641 1029 1723 1096 repis
1745 1030 1805 1096 ipss·
1820 1031 1950 1082 inseruie-

255 1115 388 1185 gistratus
420 1116 519 1180 potest.
556 1117 579 1166 3.
606 1111 651 1164 Pii
679 1126 759 1181 reges
788 1110 818 1163 in
845 1109 962 1164 ecclesia
986 1109 1093 1163 lsraili·
1117 1113 1197 1174 tant,
1223 1113 1315 1165 libera
1345 1115 1416 1166 data
1444 1114 1555 1181 optiom
1578 1115 1650 1168 bano
1673 1115 1739 1168 tulit
1756 1115 1952 1181 conditionem,

256 1199 314 1252 tica
331 1196 453 1267 synodos
471 1212 625 1251 convocare
646 1196 724 1251 fuere
741 1195 828 1263 soliti,
856 1195 930 1266 quod
950 1200 1090 1250 testantur
1117 1205 1146 1248 nt
1167 1198 1210 1250 sel
1241 1199 1424 1251 daemonibus
1450 1200 1622 1252 immolando
1652 1202 1790 1267 integram
1822 1201 1952 1253 haberent

256 1282 382 1352 exempla
407 1283 531 1336 Doridis
560 1288 581 1336 1.
609 1281 700 1338 Paral.
721 1287 767 1343 13,
792 1296 818 1336 v.
842 1285 864 1336 1.
898 1287 919 1335 1.
938 1279 1029 1333 Paral.
1049 1284 1091 1344 23,
1115 1290 1363 1351 potestatuum
1381 1287 1462 1353 amad
1480 1286 1572 1354 ipsum
1591 1287 1793 1353 commorandi,
1812 1295 1874 1339 esem
1893 1305 1952 1339 son·

255 1386 280 1423 v.
301 1374 322 1424 1.
361 1367 521 1422 &temonis
543 1374 563 1422 1.
581 1368 651 1438 Reg.
672 1372 702 1433 8,
724 1384 749 1421 v.
771 1372 793 1421 1.
823 1367 899 1419 Jetu
919 1370 943 1418 2.
962 1363 1029 1433 Reg.
1052 1369 1090 1429 10,
1117 1370 1203 1421 sinetis
1223 1369 1373 1423 honoribus
1389 1372 1577 1438 perfruendi,·
1595 1374 1639 1424 nel
1659 1373 1687 1424 si
1703 1371 1796 1425 nsinsss
1809 1372 1864 1425 boe
1883 1389 1952 1424 erse·

255 1459 336 1509 ult.
363 1454 501 1506 Ezechiae
520 1459 543 1507 2.
556 1453 648 1506 Paral.
668 1458 747 1519 29,v.
766 1457 790 1507 4.
811 1452 912 1504 Josiae
932 1456 954 1503 t.
967 1448 1037 1517 Reg.
1050 1453 1091 1514 23,
1118 1462 1281 1523 querentur,
1306 1457 1388 1508 astitu
1406 1460 1447 1509 ast
1465 1458 1556 1525 ipsum
1570 1459 1789 1526 prohiberentur
1809 1466 1836 1512 et
1854 1476 1874 1511 a
1892 1475 1952 1511 eon·

256 1556 282 1596 v.
303 1545 326 1596 l.
362 1545 387 1594 1.
407 1540 438 1592 ln
452 1539 486 1594 N.
499 1537 532 1592 T.
552 1544 673 1603 potestas
691 1536 869 1591 conciliorum
882 1535 1090 1588 indicendorum
1118 1541 1264 1593 suetudine
1308 1559 1342 1593 ae
1371 1543 1581 1608 familiaritate
1619 1543 1709 1613 ipsius
1749 1544 1954 1611 repellerentur

256 1625 311 1681 tuit
335 1639 421 1695 penes
446 1623 585 1678 Romnum
610 1622 788 1691 imperatores
812 1621 848 1674 ad
866 1620 1006 1674 Christum
1027 1633 1091 1670 con·
1117 1626 1361 1695 rejicerenturque.
1405 1629 1560 1696 Postquam
1588 1630 1674 1695 ipinsr
1700 1628 1730 1680 in
1757 1631 1832 1682 duas
1855 1639 1954 1701 partes

255 1727 357 1766 remos.
393 1709 480 1765 Utin
498 1706 681 1778 synodalibus
699 1707 754 1761 illis
780 1705 962 1760 conventibus
981 1703 1091 1765 strutio
1120 1711 1235 1763 diremti
1249 1716 1383 1780 sumque,
1409 1713 1516 1782 “HQ
1534 1714 1563 1765 in
1581 1715 1665 1776 lane,
1692 1715 1747 1768 alii
1767 1715 1797 1766 in
1814 1715 1899 1769 ι’ὶὶαιιι
1915 1731 1954 1768 se-

256 1796 419 1852 obserretur
438 1801 522 1864 atque
543 1792 636 1847 omnia
652 1791 688 1845 ad
712 1791 845 1846 ecclesiae
870 1788 1090 1844 aedificationem
1118 1797 1237 1865 prepare,
1256 1797 1325 1851 ilico
1344 1798 1458 1865 singuli,
1480 1816 1534 1866 quo
1553 1801 1647 1852 ansino
1666 1806 1692 1851 et
1710 1801 1840 1854 instituo
1859 1808 1955 1868 meent,

255 1882 423 1952 dirigantur,
468 1878 612 1948 providere
656 1878 740 1932 debet
784 1878 846 1946 pius
896 1876 1091 1946 magistratus,
1114 1883 1267 1951 perspicue
1291 1886 1479 1936 suademur.
1529 1885 1576 1936 les·
1599 1892 1656 1938 rem
1680 1884 1862 1939 comantem
1883 1903 1953 1939 m.

256 1981 347 2038 neque
370 1971 463 2020 tamen
490 1981 542 2034 pro
574 1963 689 2018 arbitrio
713 1962 863 2017 deliniendi
888 1978 922 2015 ac
945 1959 1092 2015 decidendi
1118 1974 1217 2034 mm,
1234 1970 1313 2036 9¹¹⁰&
1328 1969 1448 2022 sensnm„
1466 1977 1537 2035 uas,
1555 1970 1648 2022 ,mrim
1663 1973 1819 2039 patefacto,
1833 1989 1955 2041 m.

256 2055 422 2123 potestatem
437 2048 491 2105 sibi
505 2048 642 2111 vendicet
660 2049 709 2103 sed
724 2064 863 2102 sacrarum
876 2047 1017 2100 literarum
1030 2061 1092 2098 nor·
1118 2054 1188 2107 dan
1213 2053 1392 2107 timiditatem
1416 2062 1442 2107 et
1466 2055 1579 2108 nimium
1600 2072 1736 2125 umorem,
1763 2072 1818 2125 quo
1843 2058 1902 2127 ipsi
1927 2074 1955 2110 se

256 2152 329 2192 mam
348 2136 495 2206 respiciat,
513 2134 694 2188 ministerium
720 2132 936 2188 ecclesiasticum
957 2133 985 2184 in
1003 2130 1092 2183 consi·
1118 2152 1252 2209 Μ
1269 2139 1355 2191 uttam
1374 2142 1641 2209 complectebantur,
1658 2143 1831 2195 rietesnenter
1852 2143 1954 2212 cressit,

256 2224 323 2278 bum
349 2221 483 2276 adhibeat
504 2226 533 2275 et
556 2220 592 2274 ad
615 2219 749 2274 ecclesiae
777 2219 975 2273 incrementum
999 2217 1092 2272 omnia
1119 2222 1194 2278 alios
1211 2224 1245 2276 oli
1262 2225 1403 2277 munerum
1428 2234 1454 2277 et
1479 2227 1617 2295 integrans
1637 2244 1706 2298 erpo
1726 2230 1820 2281 Deum
1838 2237 1954 2281 mentem

259 2309 369 2380 dirigat.
416 2307 606 2361 Dmatcenltt
631 2311 700 2360 orat.
729 2311 753 2359 2.
772 2300 993 2374 <inimaginibus
1015 2301 1092 2370 dicit,
1116 2310 1269 2378 plurimum
1297 2313 1480 2381 approbavit,
1506 2313 1575 2365 illos
1603 2314 1705 2366 deinde
1733 2320 1870 2381 tanquam
1897 2314 1956 2366 Dei

258 2394 292 2450 οὐ
317 2397 452 2460 (tenelius
480 2391 537 2446 tort
560 2392 746 2463 νομοθετῆσαι
774 2391 806 2463 τῇ
826 2389 970 2456 ἐκκλησίᾳ,
995 2405 1092 2456 reptem
1118 2396 1279 2462 proditores
1310 2397 1490 2465 imperatoris
1525 2399 1638 2450 serratio
1671 2399 1805 2468 indignos
1839 2400 1953 2452 οιιιιιιίε.

254 2489 354 2553 partes
370 2498 428 2534 non
444 2486 518 2541 sunt,
536 2478 802 2544 uteeeless'aetepes
815 2475 1003 2545 praescribat,
1023 2479 1093 2541 puts
1122 2478 1266 2539 Quonsode
1295 2483 1380 2548 enim,
1405 2481 1512 2552 inquit,
1534 2484 1623 2551 fidens
1654 2501 1723 2550 erga
1755 2484 1955 2551 imperatoreos

258 2567 372 2623 arbitrio
397 2564 526 2636 proprio,
549 2562 788 2635 αὐτοκρατορικῶς
815 2565 843 2616 et
865 2561 925 2615 sine
948 2557 1092 2613 ministerii
1119 2579 1231 2617 seruare
1257 2575 1388 2634 poterunt
1411 2567 1591 2630 inuiolatum,
1621 2569 1671 2636 qui
1697 2571 1835 2621 ausuum
1860 2572 1954 2623 Deum

257 2652 436 2709 ecelesiastici
458 2665 594 2706 consensu
617 2666 650 2704 ac
668 2649 809 2719 suffragio.
853 2645 922 2701 Cum
938 2647 1089 2716 imperator
1115 2652 1223 2719 perfidi
1239 2668 1297 2704 esse
1315 2653 1536 2705 convineuntur!

257 2737 436 2795 Constantius
454 2737 482 2790 in
499 2736 607 2807 synodo
621 2735 699 2805 justo
711 2733 885 2804 imperiosius
904 2748 965 2787 sese
983 2737 1092 2802 gereret
1155 2739 1212 2790 lust,
1250 2743 1273 2791 a,
1303 2740 1466 2790 Eorundem
1489 2739 1634 2802 coercens,
1660 2738 1708 2791 ubi
1736 2743 1830 2795 tamen
1859 2741 2006 2795 distin-tt*

257 2832 286 2880 et
303 2824 371 2895 quid
388 2822 449 2878 fieri
466 2821 558 2890 vellet,
576 2819 736 2876 convocatis
759 2836 809 2890 pro
828 2817 993 2876 sussultans
1010 2812 1091 2871 dicti-
1119 2823 1260 2892 guendum
1284 2823 1357 2877 inter
1378 2826 1508 2876 seductos
1531 2833 1556 2877 et
1584 2827 1752 2880 sedsmtores.
1799 2826 1871 2879 Cum
1900 2827 1954 2880 illis
1967 2799 2006 2887 bb'r

257 2916 340 2977 taret,
364 2909 497 2964 leontius
520 2907 629 2978 Mysiae
659 2906 693 2960 ad
719 2906 820 2960 latrum
846 2905 993 2975 episcopus
1016 2902 1092 2956 hisce
1119 2907 1213 2962 mitius
1233 2910 1381 2978 agendum,
1399 2910 1428 2962 hi
1446 2911 1566 2964 severius
1587 2911 1748 2970 coemendi.-
1767 2928 1823 2965 non
1842 2912 1955 2982 permit·

257 3013 320 3052 eum
338 2995 448 3065 excepit
469 2993 577 3058 verbis,
603 2991 735 3064 θαυμάζω
755 3008 801 3056 σε,
829 2990 867 3043 t'u
888 2990 965 3060 ἓιερα
986 2990 1093 3042 διέπειν
1118 2999 1161 3046 tat
1178 2994 1245 3062 ipsis
1262 2995 1455 3063 magistratus,
1480 3001 1511 3048 ut
1530 2995 1654 3050 haeresin
1680 2995 1793 3064 publice
1811 3004 1955 3068 spargant,

258 3085 370 3151 ταχθεὶς
394 3080 496 3150 ἕτεροις
517 3080 675 3148 ἐπιχειρεῖς,
702 3077 808 3142 miror,
841 3078 919 3144 quod
943 3092 1005 3128 oum
1031 3075 1093 3126 alia
1119 3080 1169 3133 sed
1187 3083 1265 3134 curet
1282 3096 1315 3133 ex
1337 3080 1421 3134 verbo
1434 3081 1487 3135 Dei
1504 3081 1578 3150 ipsos
1596 3081 1709 3146 instrui,
1729 3083 1828 3152 quodsi
1847 3099 1955 3137 omnem

259 3169 323 3221 teri
345 3166 526 3232 mactaveris,
548 3165 670 3233 politico
687 3163 808 3226 scilieet,
836 3161 898 3214 alia
921 3178 995 3213 nunc
1013 3178 1093 3229 aeas,
1120 3165 1339 3219 infamant-ionem
1369 3166 1516 3235 repudient
1548 3173 1577 3220 et
1603 3167 1639 3221 ad
1670 3168 1806 3222 saniorem
1836 3176 1956 3223 mentem

259 3256 337 3325 quod
353 3255 404 3314 rad
429 3252 491 3306 ulia
520 3252 651 3304 curanda
672 3256 801 3309 uocatus,
825 3248 887 3301 aliu
916 3249 1037 3301 invadas
1069 3254 1094 3299 et
1121 3252 1211 3305 redire
1228 3251 1407 3320 pertinaciter
1425 3259 1567 3319 recusent,
1588 3252 1744 3322 expellendi
1763 3259 1837 3311 sunt.
1858 3271 1893 3308 ne
1912 3272 1956 3308 ve

260 3339 451 3414 aggrediaris,
471 3337 513 3391 uti
534 3334 619 3390 refert
640 3333 772 3390 exSuida
791 3340 819 3386 et
836 3331 897 3386 aliis
917 3332 1048 3387 Neander
1066 3332 1094 3386 in
1121 3355 1193 3392 neno
1212 3354 1261 3391 suo
1274 3337 1342 3390 alios
1356 3337 1480 3392 inficiant
1497 3343 1524 3392 et
1542 3338 1668 3393 morbida
1679 3339 1756 3394 tacta
1768 3356 1855 3409 pecus
1866 3347 1956 3394 totunm

259 3427 342 3484 theol.
358 3426 406 3481 fol.
426 3430 483 3480 ees.
1122 3423 1193 3477 ovile
1214 3429 1380 3492 corrumpat.
1420 3425 1465 3476 An
1485 3440 1550 3478 vero
1573 3430 1686 3494 propter
1704 3426 1809 3480 nudam
1830 3426 1958 3482 haeresin

299 3518 355 3569 itt.
391 3511 485 3579 Atque
502 3506 571 3562 baec
589 3513 654 3560 sunt
671 3505 777 3574 media,
799 3503 901 3575 quibus
917 3520 983 3560 vera
998 3503 1096 3576 religio
1122 3523 1176 3561 non
1194 3509 1371 3577 conjunctam
1393 3525 1456 3562 cum
1476 3509 1657 3579 blasphemia,
1677 3511 1814 3566 seditione
1835 3513 1879 3567 vel
1897 3513 1958 3566 aliis

260 3598 363 3670 populo
375 3614 409 3652 ao
421 3594 589 3664 reipublicae
602 3593 686 3648 alicui
697 3606 829 3647 concessa
846 3596 923 3646 sarta
939 3597 1013 3646 tecta
1032 3609 1095 3644 con·
1121 3594 1230 3647 delictis
1255 3595 1369 3663 capitali
1387 3595 1524 3664 supplicio
1551 3595 1691 3651 afficiendi
1711 3597 1780 3663 sint,
1808 3596 1883 3667 infra
1907 3614 1959 3651 suo

259 3685 370 3739 seruari
381 3687 410 3737 et
428 3699 446 3736 a
469 3680 632 3750 corruptelis
650 3679 779 3733 immunis
798 3677 834 3732 ed
854 3683 977 3747 posteros
996 3694 1095 3747 propa·
1122 3680 1183 3732 loeo
1202 3677 1366 3734 videbimus.

261 3771 322 3844 gari
340 3785 407 3823 cura
424 3774 454 3821 et
473 3783 558 3836 opera
575 3766 755 3836 magistratus
777 3763 965 3820 intercedente
984 3765 1095 3834 poterit.
1158 3770 1215 3819 1111.
1252 3770 1276 3818 3.
1295 3766 1548 3818 Idololatrieorum
1572 3767 1695 3823 ulturum
1723 3768 1849 3822 abolitio.
1887 3768 2006 3823 Cuma]

261 3855 367 3921 Quodsi
393 3870 459 3908 vero
487 3858 576 3906 status
603 3852 737 3906 ecclesiae
764 3851 801 3905 sit
824 3850 968 3919 turbatus,
997 3851 1095 3921 religio
1122 3851 1194 3905 enirn
1213 3851 1391 3921 magistratus
1410 3857 1503 3905 custos
1521 3852 1630 3906 divinae
1646 3852 1717 3924 legis
1731 3831 2006 3922 sitconstitutusffl

260 3942 395 4011 collapsa,
419 3938 510 3993 cultus
533 3936 643 3990 divinus
668 3953 719 4006 per
742 3935 927 3991 idololatriam
952 3943 981 3991 et
1000 3951 1094 4006 super·
1123 3936 1185 3991 ideo
1203 3953 1257 3991 non
1277 3936 1360 3991 debet
1374 3938 1539 4007 permittere,
1559 3939 1693 4006 utcnltns
1714 3939 1881 3994 idololatrici
1893 3936 2006 4022 cumffl

260 4027 385 4082 stitiones
412 4024 629 4087 contaminatus,
651 4029 715 4077 tum
745 4021 921 4093 magistratui
951 4021 1094 4089 incumbit,
1121 4024 1210 4094 prima
1231 4023 1358 4094 decalogi
1384 4024 1480 4078 tabula
1503 4033 1660 4095 pugnantes
1678 4024 1791 4094 publice
1810 4043 1954 4082 exercean-

260 4111 386 4170 adhibito
408 4114 437 4165 in
461 4109 605 4165 consilium
632 4108 784 4163 ministerio
804 4107 1002 4173 ecclesiastico,
1027 4109 1095 4177 pias
1120 4115 1179 4176 tur,
1206 4110 1256 4163 sed
1290 4109 1413 4164 imitetur
1448 4111 1602 4180 exemplum
1630 4107 1737 4180 piorum
1768 4128 1881 4182 regum,
1909 4112 1958 4184 qui

259 4199 478 4265 reformationes
491 4197 574 4266 juxta
596 4211 720 4250 normam
739 4192 826 4247 divini
845 4192 922 4248 verbi
941 4193 1093 4258 instituere,
1122 4194 1286 4249 Baaliticam
1304 4195 1488 4249 idololatriam
1506 4193 1637 4249 abolitam
1655 4195 1775 4261 voluere,
1796 4202 1867 4266 puta
1881 4199 1959 4252 Arae

259 4285 303 4341 rel
327 4284 350 4338 si
372 4282 587 4340 ecclesiasticum
614 4279 797 4334 ministerium
821 4281 915 4349 partes
940 4276 1025 4332 officii
1051 4281 1094 4333 sui
1124 4287 1147 4342 1,
1170 4279 1241 4351 Reg.
1269 4287 1313 4347 15,
1341 4297 1366 4332 r.
1392 4285 1431 4336 12.
1460 4280 1617 4348 Josuptuts'
1643 4287 1667 4336 2.
1689 4279 1781 4335 Parsl.
1813 4288 1857 4351 11,
1883 4301 1910 4337 r.
1932 4290 1958 4340 t.

259 4371 384 4443 negligat
416 4376 444 4424 st
472 4383 577 4422 errores
608 4364 789 4436 pertinaciter
816 4363 966 4431 defendat,
1004 4371 1096 4435 potest
1123 4367 1261 4419 Eusebiae
1283 4371 1307 4420 2.
1327 4365 1396 4435 Reg.
1420 4371 1463 4429 ts,
1482 4381 1508 4417 v.
1528 4372 1551 4420 «l.
1573 4367 1673 4419 Josiae
1692 4371 1716 4420 2.
1735 4367 1805 4438 Reg.
1827 4374 1869 4438 ²3,
1889 4387 1914 4423 s.
1934 4376 1957 4424 1.

260 4458 370 4512 omnino
390 4454 574 4526 magistratus
590 4453 651 4524 ipse
659 4452 733 4506 banc
745 4465 840 4504 curam
853 4450 927 4505 solus
945 4451 1094 4521 suscipere,
1124 4458 1174 4506 etc.
1196 4459 1227 4504 nt
1246 4458 1275 4505 et
1291 4450 1507 4505 Christianorum
1526 4452 1730 4522 imperatorum,
1752 4453 1799 4522 qui
1819 4454 1957 4510 ethnicam

260 4544 289 4597 id
307 4544 381 4614 qnod
395 4543 474 4595 dicta
484 4541 660 4612 Scripturas,
678 4552 750 4608 quae
762 4536 798 4591 de
810 4535 988 4607 magistratus
1003 4536 1096 4591 officio
1122 4537 1317 4593 idolomaniam
1342 4538 1560 4591 exterminarant
1588 4545 1617 4591 et
1640 4537 1795 4593 haereticos
1823 4541 1958 4596 ecclesiae

261 4629 419 4700 loquuntur,
448 4627 480 4679 in
499 4642 599 4695 penem
627 4628 657 4678 et
680 4623 788 4693 piorum
806 4639 905 4693 regum
926 4622 955 4676 in
980 4623 1097 4679 ecclesia
1122 4622 1350 4692 tranquillitatem
1369 4621 1513 4675 turbantes
1527 4623 1630 4676 severis
1643 4622 1753 4694 legibus
1765 4627 1957 4694 coercuerunt,

261 4715 416 4770 lsratlitica
436 4712 564 4781 maniplo
580 4711 611 4763 in
627 4710 720 4780 speeie
731 4709 930 4763 demonstrant.
961 4707 1008 4763 Ad
1023 4710 1095 4764 hane
1123 4710 1151 4763 id
1174 4708 1249 4779 quod
1276 4713 1415 4760 aeternam
1440 4708 1508 4778 ipsis
1532 4709 1648 4779 gloriam
1667 4708 1769 4763 attulit.
1811 4711 1960 4767 Salomoni

264 4814 347 4855 verae
371 4797 514 4869 religionis
542 4794 771 4850 restaurationem
795 4799 824 4848 et
849 4795 984 4850 ecclesiae
1009 4795 1095 4850 refor·
1123 4801 1220 4848 contra
1240 4793 1307 4847 vitio
1324 4794 1453 4855 vertitur,
1479 4793 1554 4863 quod
1574 4793 1717 4847 blanditiis
1735 4812 1853 4850 uxorum
1871 4799 1957 4852 idolo

136 4877 154 4920 ¹·
168 4878 218 4919 ¹¹⁰⁶
262 4885 411 4939 mationem
435 4883 589 4953 pertinent:
631 4886 655 4935 1.
684 4882 721 4934 ln
752 4887 895 4942 errantes,
925 4883 1097 4948 pramertim
1123 4879 1281 4932 latricarum
1295 4877 1405 4930 illectus
1416 4878 1502 4946 impia
1514 4886 1543 4932 et
1555 4878 1729 4932 idololatriae
1747 4896 1827 4934 sacra
1845 4884 1959 4952 publice

135 4931 246 5022 mistr-
261 4970 417 5023 taeenms
434 4969 603 5035 seductores,
622 4965 776 5035 inquisitio.
814 4963 859 5018 Illi
878 4966 951 5019 enirn
969 4965 1095 5036 quamvis
1122 4963 1242 5019 exerceri
1261 4963 1417 5031 permiserit
1437 4970 1460 5018 1.
1479 4964 1548 5034 Reg.
1574 4970 1613 5027 11,
1633 4981 1659 5020 r.
1683 4970 1707 5019 8.
1724 4981 1758 5020 ac
1776 4967 1959 5036 Jerotoumo,

135 5032 230 5131 ffiffssffi.
262 5055 400 5110 interdum
417 5050 530 5122 publice
548 5058 576 5104 et
596 5056 692 5120 aperte
709 5049 836 5105 haeresin
855 5066 934 5103 suam
952 5059 1095 5121 spargant,
1108 5111 1110 5129 Ι
1123 5048 1197 5118 quod
1215 5055 1356 5105 metuens.
1378 5065 1412 5102 ne
1431 5049 1549 5118 populus
1567 5049 1790 5120 Hierosolymam
1810 5053 1904 5107 cultus
1919 5054 1959 5108 di-

135 5135 176 5173 10·
262 5139 429 5212 quandoque
448 5144 542 5191 tamen
564 5136 672 5190 occulte
694 5135 770 5188 sirus
793 5150 873 5191 suum
891 5134 989 5187 animis
1009 5134 1178 5207 nomi-,vini
1192 5149 1260 5203 ergo
1273 5133 1419 5204 quotannis
1432 5133 1611 5204 proficiscens
1625 5151 1643 5189 a
1659 5135 1839 5203 sedcficeret,
1857 5139 1959 5194 vitulos

262 5244 330 5280 num
346 5224 490 5287 instillant,
509 5220 688 5291 inquisitione
700 5220 786 5291 igitur
800 5236 870 5289 opus
882 5226 932 5280 est,
950 5237 1094 5291 perquam
1107 5280 1109 5287 .
1122 5234 1222 5272 aureos
1237 5220 1265 5272 in
1285 5218 1347 5272 Dan
1368 5226 1396 5274 et
1418 5219 1517 5275 Bethel
1536 5220 1680 5275 collocarit
1697 5227 1725 5275 et
1743 5238 1824 5278 sacra
1842 5225 1958 5279 idolola-

261 5311 425 5381 vulpeculac
443 5309 508 5362 illae
526 5323 542 5362 c
562 5307 619 5360 suis
638 5307 836 5376 protrahantur
852 5303 985 5358 latibulis.
1019 5307 1095 5360 Jetu
1107 5316 1109 5372 j
1121 5304 1191 5357 trica
1211 5305 1360 5359 instituerit
1379 5312 1401 5359 t.
1420 5305 1490 5376 Reg.
1512 5311 1551 5372 12,
1571 5323 1596 5358 v.
1615 5311 1656 5359 17.

263 5395 421 5450 sacerdotes
430 5391 581 5447 Baaliticos
595 5391 728 5446 insidiosa
741 5391 861 5461 quadam
872 5379 1109 5453 meulunousst‘
1159 5395 1214 5445 198.
1250 5389 1399 5455 Quaeritur
1416 5388 1469 5445 hoc
1487 5391 1547 5445 loco
1570 5397 1590 5444 1.
1630 5394 1674 5444 An
1699 5393 1904 5459 ὀίφιιεοιιοιιιι
1924 5397 2006 5454 deos

261 5475 923 5547 simulationecongregatosprotraxitt.Reg.lt,
933 5490 958 5531 r.
972 5478 1011 5530 111.
1019 5475 1257 5546 quodrelipione
1280 5477 1311 5529 in
1344 5476 1490 5545 republica
1516 5477 1678 5538 suendae!
1710 5477 1804 5549 Negat
1831 5456 2006 5547 Bodinusffl

261 5564 388 5629 tantm,
405 5567 504 5631 utpote
527 5559 668 5633 singulare
692 5566 720 5616 et
737 5561 892 5629 heroicum,
918 5576 973 5615 non
991 5527 1169 5632 simpli-itit.
1189 5567 1214 5616 1.
1233 5562 1269 5616 de
1286 5560 1383 5631 repub.
1401 5578 1429 5631 p.
1449 5566 1511 5616 75³:
1539 5563 1586 5615 De
1602 5554 1788 5631 religiosius
1808 5557 2006 5634 depereunt
