4020 6014
673 284 724 339 ns:
744 281 995 340 caeteraeve
1013 282 1202 341 romuleo,
1729 294 1787 349 517

1034 390 1046 419 l

92 441 213 495 illorum
232 442 464 509 sepapaotsoosm
484 448 532 493 aut
550 441 701 509 repulsam.
731 439 867 496 Hebraeis
883 455 929 493 vo·
957 437 1063 494 bandss
1084 454 1146 495 esse
1164 439 1342 511 proditiones.
1380 438 1567 510 1.Apostolus
1581 438 1790 493 interhomines

90 534 194 582 cantur
211 513 347 601 Ε’ξξῖη
366 542 384 580 1
401 512 467 599 53²2,
489 526 563 598 quod
578 528 680 596 pedem
691 524 844 597 significat,
864 524 930 596 quia
954 526 1128 592 pravissimis
1164 527 1315 580 sceleribus
1354 530 1495 594 corruptos
1532 523 1615 580 refert
1653 522 1790 592 προδότας

90 611 282 683 exploratores
300 612 464 684 plerumque
481 611 596 666 veniunt
607 612 715 682 pedites
733 617 762 665 et
778 610 844 665 hinc
863 611 929 666 inde
956 609 1106 678 211113,
1124 627 1149 667 v.
1169 617 1194 668 1.
1224 617 1248 667 t.
1261 610 1421 665 Proditores
1430 610 1592 679 perjurium
1606 610 1789 673 committunt,

91 698 281 752 discursitant.
316 696 432 752 Graecis
452 699 620 751 κατάσκοποι
639 713 657 750 1
675 698 882 750 considerando
901 704 930 750 et
955 694 1090 767 siquidem
1118 696 1155 751 ad
1180 697 1287 767 patriae
1314 697 1431 751 salutem
1459 702 1488 750 et
1511 694 1698 750 defensionem
1713 697 1789 765 jnra-

91 783 316 854 persestigando.
361 783 406 838 De
437 782 490 837 hoc
523 782 728 853 exploratorum
757 799 870 836 munere
900 788 928 836 et
955 787 1047 837 mento
1071 781 1197 836 obstricti
1226 787 1363 837 tenentur.
1405 788 1430 837 3.
1456 781 1569 836 Violant
1588 782 1641 849 jas
1662 789 1790 845 noturus,

90 869 203 924 audone
216 869 342 940 quaestio
353 877 402 932 est,
420 885 456 922 au
474 868 511 923 sit
522 867 685 939 probanda?
718 866 927 935 (11111219.
955 867 1030 938 quod
1049 868 1144 939 exigit,
1161 875 1194 921 ut
1213 868 1288 922 cives
1307 885 1340 921 sc
1359 867 1463 921 subditi
1483 867 1601 937 patriam
1615 866 1651 921 ab
1669 866 1789 921 hostium

91 971 156 1008 cum
173 953 313 1025 dosephus
331 953 464 1008 fratribus
488 954 546 1009 suis
564 953 709 1025 objiceret,
734 953 809 1025 quod
836 960 927 1008 essent
953 953 1084 1008 violentia
1101 960 1248 1021 tueantur,
1276 953 1330 1023 ipsi
1348 958 1443 1008 matra
1461 954 1522 1023 ejus
1539 954 1655 1007 salutem
1675 969 1789 1023 pessun-

92 1040 298 1112 explorstores,
323 1039 375 1110 ipsi
394 1039 471 1094 velut
488 1041 619 1110 probrum
637 1056 670 1095 ac
689 1040 793 1095 crirnen
814 1039 925 1111 aliquod
953 1039 1019 1094 dare
1041 1040 1176 1094 laborant.
1221 1039 1364 1109 Exempla,
1390 1055 1463 1110 quae
1486 1039 1514 1093 in
1532 1039 1700 1093 contrarium
1719 1039 1788 1096 affe·

91 1128 122 1182 id
140 1143 158 1180 a
176 1144 206 1181 se
225 1127 394 1197 rejecerunt,
417 1142 450 1179 ex
469 1143 524 1196 quo
544 1120 635 1183 rideri
651 1134 753 1197 posset,
772 1126 925 1198 explorato
953 1134 1063 1194 rantur,
1092 1144 1147 1181 non
1172 1132 1330 1196 congruunt
1355 1125 1503 1196 proditioni
1534 1142 1597 1180 rere
1622 1133 1651 1180 et
1676 1127 1787 1195 proprie

91 1230 153 1268 rum
171 1230 271 1267 munus
285 1212 447 1282 neutiquam
468 1212 724 1283 esseprobaudum.
761 1212 817 1268 Sed
830 1212 925 1266 distin·
952 1212 992 1267 sic
1007 1213 1105 1269 dictae.
1136 1219 1158 1268 1.
1175 1213 1346 1268 1111111111.
1366 1218 1390 1281 2,
1403 1228 1428 1267 v.
1442 1216 1467 1266 2.
1484 1211 1643 1282 nonprodit
1661 1211 1789 1282 patriam,

90 1299 233 1371 guendum
260 1298 334 1351 inter
355 1298 440 1368 pacis
471 1315 505 1351 ac
534 1298 603 1352 beili
625 1305 760 1367 temporo.
814 1298 926 1353 Fratres
952 1296 1003 1351 sed
1026 1296 1080 1351 sibi
1106 1313 1227 1368 suaeque
1253 1296 1610 1359 11111111111111111,“1ιιιιι
1631 1297 1727 1352 urbem
1747 1296 1789 1351 di-

91 1383 209 1455 dosephi
229 1389 353 1454 tempore
370 1382 447 1451 pacis
465 1383 500 1436 ad
521 1382 661 1454 regionem
680 1382 811 1451 amicam,
836 1401 852 1437 a
871 1400 927 1454 qua
952 1384 1016 1438 vino
1027 1384 1136 1454 judicio
1149 1388 1223 1439 certo
1235 1385 1386 1454 perituram
1403 1392 1503 1438 nosset.
1522 1401 1549 1441 v.
1563 1389 1592 1438 9:
1612 1384 1694 1451 Nori,
1712 1384 1789 1452 qaod

95 1469 260 1525 beneficium
277 1463 490 1538 exspectabant,
513 1470 644 1524 frumenti
670 1469 776 1525 scilicet
792 1470 925 1524 venditio·
953 1470 1093 1524 Dominus
1110 1471 1264 1524 tradiderit
1276 1471 1351 1523 ochis
1365 1478 1470 1524 terram
1488 1475 1542 1526 etc.
1577 1475 1601 1524 2.
1620 1468 1787 1524 Gibeouitae

92 1574 164 1619 nem,
184 1556 341 1626 veniebant,
359 1563 440 1626 turpe
457 1556 543 1626 igitur
560 1555 659 1611 fuisset
672 1555 816 1610 occasione
830 1571 863 1609 ea
882 1572 927 1610 ex·
952 1555 1010 1612 Jos.
1029 1563 1053 1624 e,
1074 1574 1100 1612 v.
1120 1561 1162 1611 21.
1181 1574 1236 1610 nou
1253 1563 1320 1610 suut
1336 1555 1498 1626 proditores,
1516 1555 1566 1611 sed
1584 1572 1648 1610 curn
1665 1554 1786 1610 audiris·

92 1645 262 1714 ploraturam
280 1659 379 1716 agere,
398 1643 455 1698 alia
469 1660 534 1698 vero
553 1642 618 1697 belli
636 1642 707 1697 ratio
726 1649 775 1696 est.
805 1640 927 1696 Proinde
953 1647 1016 1695 sent
1036 1649 1137 1696 terram
1163 1642 1277 1698 Oanaan
1305 1641 1439 1696 Israelitis
1466 1640 1598 1695 divinitus
1624 1641 1787 1711 promissam

93 1730 129 1785 de
148 1729 370 1801 exploratoribus
394 1729 468 1784 idem
491 1729 684 1798 statuendum,
711 1728 785 1800 quod
805 1729 840 1782 de
857 1732 926 1781 stra·
954 1734 982 1783 et
1000 1727 1169 1784 habitatores
1181 1729 1241 1799 ejus
1260 1727 1468 1797 disperdendos,
1487 1727 1539 1781 hoc
1551 1727 1696 1782 consilium
1714 1726 1784 1781 inire

93 1816 257 1888 tagematis,
292 1833 339 1870 eas
361 1815 468 1870 scilicet
494 1815 617 1870 actiones
639 1831 700 1869 esse
723 1813 829 1883 licitas,
851 1813 927 1885 quod
953 1813 1066 1884 suisque
1076 1814 1160 1869 rebus
1171 1814 1328 1885 prospicere
1339 1815 1493 1870 volucrunt,
1525 1819 1550 1869 3.
1568 1813 1643 1868 Ciuis
1660 1813 1787 1868 Bethelis

93 1903 228 1973 probatur
243 1908 264 1958 1.
279 1919 311 1955 ee
323 1919 409 1955 cosso
421 1918 518 1954 eorum
528 1900 694 1973 principaii.
708 1899 790 1956 Num.
808 1905 846 1960 13,
865 1916 890 1951 v.
903 1904 926 1952 2.
953 1899 1019 1956 Jud.
1034 1906 1055 1968 1,
1074 1917 1101 1954 v.
1116 1905 1157 1955 21.
1177 1901 1318 1956 introitum
1332 1900 1453 1955 civitatis
1470 1901 1563 1955 domui
1573 1900 1678 1970 Joseph
1695 1906 1787 1955 osten·

94 1988 230 2059 praecipit
253 1987 331 2043 Deus
351 1985 451 2058 Moysi,
472 1992 504 2041 ut
520 1986 614 2041 mittat
630 1986 712 2047 ciros,
735 1986 785 2054 qui
802 1985 926 2040 conside·
955 1986 1023 2038 dens
1042 1984 1071 2039 in
1090 1985 1206 2041 classem
1225 1986 1396 2056 proditorum
1415 1984 1512 2041 referri
1529 1986 1574 2040 vix
1594 1991 1700 2056 potest,
1719 1985 1785 2057 quia

91 2082 154 2127 reat
177 2083 281 2127 unam
302 2073 434 2141 throco,
456 2072 583 2140 siopqus
607 2074 642 2125 ds
665 2072 786 2141 siopaiis
803 2071 928 2124 tribubus
954 2069 1167 2139 animadrwit,
1187 2088 1251 2126 suos
1276 2073 1403 2125 concives
1422 2071 1562 2127 obstinate
1580 2071 1721 2126 adversari
1738 2087 1787 2142 po

91 2179 125 2213 er
139 2160 325 2231 principibus,
344 2177 379 2212 oc
396 2159 518 2213 ersom
529 2167 556 2213 et
570 2159 710 2228 Colchum,
729 2158 804 2230 quod
817 2158 928 2212 deman·
954 2155 1036 2226 pulo,
1063 2157 1108 2210 cui
1126 2157 1258 2212 divinitus
1284 2157 1421 2228 possessio
1441 2158 1516 2212 illins
1532 2163 1623 2212 terrae
1642 2158 1786 2228 promissa,

91 2249 172 2302 datas
191 2245 387 2317 explorationis
406 2250 499 2315 partes
528 2244 648 2301 fideliter
667 2244 789 2300 exsecuti
807 2243 926 2311 fuerant,
954 2243 1123 2313 quinetiam
1141 2250 1201 2299 eret
1215 2243 1294 2315 quasi
1318 2244 1444 2313 captivus
1464 2244 1533 2298 etin
1549 2261 1647 2298 manus
1664 2243 1784 2298 hostium

90 2333 221 2404 praemiis
239 2331 334 2388 aflicit.
355 2331 467 2388 Numer.
488 2336 527 2400 11,
545 2348 572 2388 s.
593 2336 635 2388 ³8.
671 2331 926 2384 2111111111-
953 2337 1124 2399 pervenerat.
1180 2337 1205 2386 1.
1231 2331 1378 2385 dorothae
1405 2332 1501 2400 petris
1534 2329 1648 2385 consilia
1681 2328 1783 2384 Daridi

90 2420 275 2473 atramentali.
311 2418 425 2486 Moyses
447 2417 492 2471 oir
509 2417 570 2471 Dei
591 2416 667 2471 misit
693 2414 879 2486 exploratores
898 2423 927 2470 et
952 2417 1079 2486 aperiens
1098 2422 1119 2472 1.
1140 2417 1213 2473 Sam.
1231 2423 1278 2481 211,
1300 2434 1327 2471 s.
1350 2422 1388 2473 1³.
1407 2433 1462 2471 non
1479 2416 1659 2487 proditionis,
1678 2416 1728 2471 sed
1745 2415 1786 2471 di·

90 2506 205 2576 quidem
221 2505 367 2574 principes
386 2520 419 2556 ee
436 2503 574 2572 tribuitis,
599 2502 634 2558 de
658 2502 760 2574 quibus
786 2499 926 2571 Joiephus
952 2502 1077 2558 lectionis
1101 2519 1172 2574 opus
1192 2503 1268 2559 facit
1304 2509 1330 2559 5.
1349 2503 1458 2559 Chauci
1473 2504 1619 2558 consilium
1637 2502 1787 2559 Absolonis

92 2592 174 2655 dicit,
200 2591 275 2662 quod
293 2589 398 2644 fuerint
415 2590 514 2659 optimi
531 2597 700 2659 permetere,
717 2588 784 2661 quia
802 2586 926 2658 oportuit
952 2589 1055 2644 Dasidi
1083 2589 1210 2661 aperiens
1228 2595 1254 2647 2.
1274 2589 1347 2646 Sam.
1370 2597 1416 2654 17,
1442 2608 1468 2646 s.
1491 2595 1531 2646 16.
1554 2591 1591 2644 ad
1615 2590 1786 2660 proditorum

92 2696 140 2732 eos
159 2679 230 2732 hene
247 2693 281 2731 ac
300 2677 448 2747 perspicue
472 2681 563 2730 terrae
586 2674 699 2730 Canaan
722 2675 805 2730 situm
823 2689 925 2745 cogno-
952 2676 1053 2732 olasses
1072 2676 1185 2732 minime
1201 2677 1317 2745 transit,
1342 2683 1401 2732 erat
1422 2677 1495 2731 enim
1514 2675 1606 2731 David
1626 2692 1674 2730 rex
1695 2675 1786 2748 legiti-

93 2781 178 2820 scere.
224 2763 319 2817 Joeao
342 2761 446 2833 Moysis
475 2778 618 2816 successor
642 2760 729 2816 mittit
756 2761 827 2815 duos
851 2759 924 2814 viros
951 2780 1027 2832 mus,
1055 2778 1137 2834 quem
1163 2762 1289 2818 Absolon
1316 2763 1418 2833 injuste
1444 2779 1478 2817 ac
1506 2763 1610 2818 nefarie
1638 2779 1654 2816 e
1685 2761 1785 2817 throno

92 2852 278 2921 exploratores
304 2849 333 2903 in
357 2848 520 2904 abscondito
544 2849 582 2902 ad
606 2843 703 2904 urbem
722 2847 848 2910 iericho,
876 2846 925 2916 qui
950 2851 1028 2921 regio
1069 2848 1189 2919 dejicere
1228 2847 1377 2905 nitebatur.
1433 2848 1555 2904 Cruenta
1589 2850 1785 2905 sceleratorum

91 2944 240 3009 pergentes
261 2935 377 3008 ingressi
400 2941 466 2990 sunt
491 2935 519 2989 in
544 2935 656 2990 domum
678 2934 790 3004 Rahab,
807 2934 850 2989 ‘de
869 2950 926 3005 qua
952 2935 1094 2990 hominum
1118 2935 1232 2990 consilia
1250 2935 1392 3006 detegere,
1420 2941 1453 2989 nt
1469 2934 1509 3006 pii
1527 2935 1641 2990 iusidias
1661 2935 1784 3005 ipsorum

92 3026 155 3080 dac.
182 3031 212 3089 2,
238 3039 263 3078 v.
288 3028 331 3079 tt.
358 3021 459 3078 Rahab
476 3021 491 3089 ἡ
509 3020 611 3094 πόρνη,
634 3039 726 3076 conoe
744 3038 777 3075 ee
796 3022 925 3091 operibus
951 3022 1055 3077 esitare
1075 3021 1190 3093 possint,
1208 3037 1264 3076 non
1281 3028 1325 3075 est
1342 3021 1507 3092 prodidisse,
1524 3022 1573 3077 sed
1591 3021 1737 3093 profuisse.

91 3112 247 3179 iustificata
276 3116 330 3175 est,
352 3108 492 3176 recspicus
516 3110 627 3163 nuutios
650 3115 676 3161 et
694 3108 757 3162 ulio
783 3108 829 3160 ric
849 3107 924 3160 emit·
988 3114 1048 3164 122.
1083 3109 1139 3164 sed
1158 3125 1240 3179 porro
1259 3109 1402 3179 quaeritur
1419 3116 1444 3165 t.
1480 3109 1529 3162 Ass
1544 3111 1716 3179 proditores,
1735 3109 1920 3207 psimm-

91 3200 173 3252 tems
205 3195 343 3250 Homerus
361 3193 492 3265 Ulyssem
510 3211 544 3249 ac
561 3193 725 3248 Diomedem
745 3192 844 3249 heroes
863 3193 925 3249 illos
949 3202 1119 3263 ,protessus
1131 3196 1260 3264 offerant,
1278 3195 1335 3247 siat
1347 3194 1526 3264 recipiendi?
1561 3201 1583 3251 1.
1596 3193 1784 3266 Hieronymus
1796 3176 1885 3269 „022⁸

92 3285 215 3356 insignes
233 3280 419 3352 exploratores
437 3279 513 3336 facit.
548 3282 576 3333 3.
596 3281 642 3333 Er
661 3280 830 3343 (111111ιί111.
868 3279 923 3333 Ex·
949 3281 978 3335 in
1002 3281 1020 3334 t
1045 3281 1080 3336 de
1102 3288 1158 3351 opt
1185 3296 1250 3351 gen.
1276 3280 1418 3351 interpret.
1445 3282 1481 3336 ad
1507 3281 1665 3338 Pammach.
1683 3282 1782 3354 inquit,
1796 3269 1906 3362 ζοζᾞ,

91 3369 254 3443 plorationis
276 3385 344 3422 usus
365 3384 431 3439 pars
457 3372 499 3422 est
520 3365 647 3421 militaris
672 3365 849 3436 prudentiae,
874 3381 925 3436 per
949 3367 1137 3436 proditionem
1154 3367 1302 3436 principes
1319 3368 1443 3437 recipere
1464 3368 1591 3437 quidem,
1617 3371 1668 3422 sed
1682 3370 1783 3438 prodi-
1798 3370 1891 3422 prenset

92 3474 177 3530 quam
204 3474 250 3519 ea,
281 3470 353 3527 quae
381 3454 501 3509 hostium
532 3458 610 3519 snut,
640 3452 829 3523 inquiruntur,
855 3451 1024 3559 sitns'tores
1050 3457 1201 3522 damnare,
1230 3469 1293 3507 cum
1325 3471 1381 3524 quo
1408 3455 1538 3509 convenit
1562 3454 1631 3509 illud
1662 3455 1784 3526 Augusti

92 3544 200 3599 scilieet
220 3541 358 3610 locorum,
384 3546 485 3594 natura
509 3538 643 3611 regionis,
671 3538 751 3593 ducis
772 3538 924 3609 ingenium,
951 3539 1136 3609 imperatoris:
1149 3540 1306 3608 προδοσίαν
1318 3544 1400 3613 φιλῶ,
1414 3540 1548 3617 προδότας
1561 3542 1592 3595 δὲ
1606 3539 1657 3595 oria
1669 3543 1783 3608 ἐπαινῶ,

92 3646 181 3685 mores
200 3626 335 3683 exereitus
353 3632 405 3681 etc.
425 3642 541 3696 quorum
559 3623 658 3680 notitia
675 3641 849 3695 summopere
867 3623 923 3679 bel·
949 3627 1140 3695 proditionem
1159 3645 1232 3695 urso,
1248 3628 1411 3698 proditores
1427 3646 1484 3682 nors
1497 3629 1595 3691 laudo,
1615 3627 1791 3683 Plutarchus.

93 3715 174 3772 latori
203 3712 358 3769 11111111τί1
382 3718 411 3767 11
435 3712 469 3766 ad
494 3710 638 3766 victoriam
667 3709 845 3765 obtinendam
868 3702 937 3766 mol
951 3714 978 3767 in
994 3712 1127 3784 apophth.
1154 3710 1280 3784 Itemque
1291 3713 1361 3768 illud
1373 3713 1524 3786 Antigoni:
1546 3716 1713 3770 Proditores
1725 3723 1786 3769 toss-

92 3801 179 3857 menti
196 3800 281 3855 habet
298 3799 456 3870 plurimum.
494 3796 534 3854 Ut
555 3813 623 3868 ergo
646 3797 675 3849 in
694 3797 772 3866 justo
804 3795 877 3850 bello
896 3795 924 3849 vi
936 3818 938 3861 ς
951 3802 1040 3868 tisper
1058 3817 1130 3867 omo,
1151 3801 1218 3852 dum
1232 3802 1369 3869 proderit,
1389 3808 1435 3854 ast
1446 3801 1496 3854 abi
1507 3801 1708 3871 prodiderint,
1727 3803 1786 3857 odi.

93 3895 177 3960 atque
203 3884 286 3940 armis
313 3883 379 3938 licet
406 3883 512 3937 hostem
539 3899 717 3953 oppugnare,
750 3882 790 3936 its
814 3893 966 3965 quoquest
994 3886 1113 3942 Videtur
1132 3886 1217 3941 etiam
1235 3903 1268 3941 sc
1286 3903 1317 3941 re
1335 3887 1437 3941 solutis
1456 3887 1584 3957 publicae
1612 3888 1784 3959 proditorum

96 3971 258 4045 explorandi
290 3975 351 4025 arte
383 3969 515 4024 adsersus
545 3969 635 4040 ipsum
667 3967 708 4022 uti
738 3968 844 4022 licitum
874 3973 1056 4057 est.,monits
1072 3972 1178 4028 audire.
1209 3972 1241 4026 In
1262 3973 1405 4028 obsidione
1418 3973 1544 4030 Viennae
1561 3974 1653 4029 Turca
1671 3975 1783 4046 quidam

100 4062 135 4125 Ut
160 4061 190 4113 in
211 4076 298 4112 rausa
316 4057 441 4125 lepitima
459 4054 587 4123 militem,
611 4055 654 4109 ita
670 4071 778 4125 ottoque
797 4054 940 4123 &plora-³
952 4059 1114 4131 parentibus
1141 4058 1305 4115 Christianis
1339 4068 1422 4115 uatus
1455 4062 1530 4115 ultro
1558 4078 1589 4116 se
1617 4061 1786 4116 neumatibus

95 4156 183 4201 torem
211 4162 269 4199 esse
296 4144 377 4198 soloe
409 4143 578 4196 couscientia
605 4142 688 4209 iicet,
721 4138 861 4196 Gesnerus
897 4100 1056 4225 inidedens
1073 4145 1206 4200 indicium
1224 4145 1291 4201 fecit
1309 4147 1346 4201 de
1363 4147 1484 4202 hostium
1501 4147 1636 4203 cuniculis
1649 4148 1786 4202 subterra·

95 4239 179 4289 112.
199 4230 269 4288 Gen.
938 4231 1027 4297 Ι11111,
1058 4232 1092 4287 de
1110 4237 1214 4286 conatu
1241 4231 1385 4303 Solymani
1402 4232 1588 4304 imperatoris,
1611 4234 1645 4287 de
1672 4249 1786 4288 numero

10 4350 22 4393 ι,
35 4349 82 4393 m
130 4324 187 4375 421.
222 4316 369 4382 Quaeritur
388 4324 410 4371 d.
447 4316 494 4368 Ass
504 4315 699 4385 proditoribus
718 4316 748 4367 irs
765 4314 927 4368 1111011111-
953 4323 1150 4373 tormentorum
1168 4319 1331 4373 bellicorum
1353 4324 1405 4374 etc.
1431 4336 1485 4390 quo
1512 4317 1603 4373 iudice
1620 4317 1688 4371 nihil
1707 4335 1786 4372 vera-

10 4422 34 4463 m
97 4408 183 4461 emt
217 4403 357 4459 Differunt
379 4402 534 4474 proditores
560 4400 596 4457 ab
620 4400 842 4472 exploratoribus
860 4405 1011 4491 'trsmycius
1022 4405 1085 4474 luit,
1098 4405 1167 4459 nihil
1176 4405 1315 4476 praesenti
1327 4403 1449 4475 periculo
1459 4403 1589 4459 securius.
1612 4403 1683 4458 Hist.
1696 4404 1784 4459 obsid.

10 4472 72 4564 ,ξω
96 4508 184 4546 causa
197 4490 348 4554 efficiente.
381 4487 540 4559 exploratio
551 4486 583 4543 fit
595 4487 632 4543 ab
650 4486 785 4552 1101111111,
806 4487 926 4558 proditio
937 4534 941 4587 Ι
952 4492 1051 4548 Visun.
1070 4491 1097 4545 in
1109 4491 1231 4562 append.
1248 4491 1388 4544 annalium
1402 4490 1511 4544 Turcic.
1522 4488 1651 4545 Levencl.
1682 4490 1786 4545 Contra

10 4574 68 4666 {2¹¹⁰
96 4595 115 4634 a
132 4577 304 4649 conjunctis,
326 4577 427 4649 quibus
445 4575 616 4632 confidimus.
652 4574 791 4630 Asconius
809 4573 1017 4651 Pedian.5sero
1040 4585 1059 4631 1.
1079 4594 1163 4647 quam
1181 4576 1315 4631 actionem
1335 4583 1366 4630 ut
1387 4583 1495 4646 turpem
1522 4583 1552 4631 et
1569 4575 1693 4630 illicitam
1711 4577 1785 4631 dete·

10 4677 38 4718 st
96 4666 125 4720 in
143 4670 212 4720 orat.
229 4670 252 4721 2.
273 4664 403 4720 Verrius:
427 4665 553 4718 Prodere
571 4663 695 4717 deterisu
719 4669 760 4715 est
777 4678 862 4731 qaum
879 4670 1072 4737 ‹tp-[stantum
1099 4665 1160 4733 ejus
1180 4680 1290 4734 quoque
1313 4668 1453 4719 auctorem
1480 4680 1536 4717 non
1556 4679 1649 4718 amare
1668 4680 1700 4717 ac
1718 4663 1786 4717 reci·

95 4770 234 4823 peperere,
256 4769 323 4805 rom
349 4757 513 4820 oppsqoort
541 4749 662 4818 inimici,
691 4750 768 4819 quod
793 4748 834 4801 eis
859 4748 1027 4822 oitio'pere,
1045 4750 1094 4805 sed
1111 4748 1257 4820 repudiare
1275 4766 1308 4803 ac
1327 4748 1457 4804 detestari
1469 4748 1616 4818 debemus3
1636 4756 1661 4807 2.
1673 4751 1786 4821 insuper

95 4840 167 4895 serti
179 4856 234 4892 ooo
251 4839 347 4903 debet,·
361 4844 392 4890 ot
408 4839 542 4906 modost,
556 4837 607 4906 qai
617 4836 703 4890 amici
719 4835 812 4888 rideri
823 4833 928 4902 votum,
949 4840 997 4909 jus
1016 4837 1142 4892 naturale
1159 4835 1289 4908 requirit,
1309 4843 1341 4891 ut
1367 4854 1439 4906 qaae
1463 4839 1526 4907 qais
1544 4840 1614 4907 sieri
1635 4840 1691 4893 sibi
1708 4839 1787 4903 111111,

96 4944 131 4979 oc
155 4924 227 4979 tato
249 4940 318 4994 erpo
343 4940 395 4976 cos
417 4939 477 4977 esse
502 4922 646 4987 dederent,
671 4924 789 4992 ideoque
813 4939 874 4975 cum
893 4912 942 4995 ab}
955 4942 989 4979 eo
1007 4940 1057 4978 uec
1076 4924 1162 4977 atteri
1176 4922 1263 4978 iaciat
1279 4921 1379 4980 Matth.
1398 4930 1428 4992 l,
1448 4942 1472 4978 v.
1496 4929 1535 4980 12.
1564 4925 1633 4980 Luc.
1652 4931 1681 4989 6,
1700 4944 1725 4978 s.
1745 4931 1787 4982 31.

97 5011 194 5077 officio
214 5011 372 5072 discedant,
395 5011 477 5078 lotape
496 5009 612 5078 pravius
639 5027 723 5079 pssum
740 5009 788 5063 iili
802 5014 929 5079 peccant.
949 5012 1009 5082 J'am
1030 5027 1095 5066 vero
1119 5026 1199 5064 nemo
1222 5014 1278 5072 est,
1304 5010 1351 5081 qui
1376 5026 1406 5065 se
1430 5017 1459 5065 et
1483 5028 1534 5066 sua
1557 5011 1682 5068 hostibus
1708 5011 1788 5081 prodi

101 5101 168 5153 Tem
188 5115 275 5151 curua
292 5096 444 5166 impetrire
463 5102 489 5150 et
500 5096 595 5164 finali.
632 5095 841 5167 Exploratores,
858 5110 930 5164 quae
954 5099 1035 5165 velit;
1060 5102 1084 5152 3.
1103 5097 1150 5168 qui
1178 5096 1282 5150 dienos
1307 5096 1434 5152 subditos
1457 5098 1497 5152 ad
1517 5098 1700 5169 proditionem
1726 5099 1788 5153 soli-

97 5191 163 5239 sunt
181 5182 300 5238 hostium
317 5187 532 5252 perscrutantur.
552 5180 643 5235 animo
660 5181 733 5237 bono
750 5197 784 5236 ac
799 5180 854 5235 fine
873 5195 929 5234 uon
941 5222 943 5249 ,
954 5184 1037 5252 citat,
1062 5201 1129 5238 suos
1143 5181 1326 5253 proditionem
1344 5183 1439 5251 docet3
1468 5193 1491 5240 t.
1512 5185 1576 5239 inde
1599 5184 1787 5256 proditoribus

98 5270 186 5333 malo,
211 5268 235 5322 si
262 5266 365 5323 bellurn
395 5268 431 5321 sit
458 5267 579 5338 licitum3
604 5268 758 5339 proditores
787 5284 834 5331 ea,
857 5271 1076 5351 quaeqpessima
1104 5268 1270 5341 quandoque
1300 5269 1434 5325 retributa
1459 5270 1536 5326 fuere
1564 5272 1693 5341 praemia.
1732 5272 1786 5327 Ius·

100 5358 173 5427 parti
192 5355 323 5410 adversae
336 5355 466 5409 videntur
477 5355 611 5423 nocitura,
621 5354 675 5411 ,111
686 5360 819 5426 quaestus
830 5356 929 5426 gratia,
941 5372 944 5445 ξ
955 5357 1067 5413 sthenes
1075 5355 1188 5428 quidam
1201 5371 1263 5409 cuns
1278 5357 1396 5426 patriam
1405 5375 1483 5412 snam
1497 5357 1650 5428 Olynthum
1661 5358 1789 5414 Macedo·

98 5443 144 5499 sel
170 5458 255 5498 caum
278 5441 403 5510 ultiouis,
427 5441 471 5496 vel
494 5442 650 5497 securitatis
680 5459 746 5513 ergo
772 5442 928 5498 clanculum
941 5443 1037 5500 'nibus
1053 5442 1222 5515 prodidisset
1240 5448 1323 5514 atque
1342 5445 1378 5499 ob
1392 5444 1421 5498 id
1434 5460 1464 5498 se
1481 5445 1558 5515 apud
1573 5461 1620 5500 eos
1639 5445 1667 5500 in
1685 5444 1789 5501 honore

99 5529 222 5595 produnt
240 5534 269 5585 st
286 5527 421 5600 aperiunt,
443 5544 543 5599 exquo
560 5526 644 5583 facile
663 5527 810 5595 colligitur,
829 5528 927 5599 impro
953 5529 1080 5585 futurum
1104 5527 1300 5597 arbitraretur,
1328 5531 1353 5585 ei
1376 5530 1459 5603 longe
1483 5547 1562 5586 secus
1586 5532 1701 5600 accidit,
1725 5548 1789 5587 uam
