<?xml version="1.0" encoding="UTF-8"?>
<!DOCTYPE html PUBLIC "-//W3C//DTD XHTML 1.0 Transitional//EN"
    "http://www.w3.org/TR/xhtml1/DTD/xhtml1-transitional.dtd">
<html xmlns="http://www.w3.org/1999/xhtml" xml:lang="en" lang="en">
 <head>
  <title>
</title>
<meta http-equiv="Content-Type" content="text/html;charset=utf-8" />
  <meta name='ocr-system' content='tesseract 3.04.00' />
  <meta name='ocr-capabilities' content='ocr_page ocr_carea ocr_par ocr_line ocrx_word'/>
</head>
<body>
  <div class='ocr_page' id='page_1' title='image "./locitheologicic01gerhgoog/locitheologicic01gerhgoog_0427.png"; bbox 0 0 4020 6014; ppageno 0'>
   <div class='ocr_carea' id='block_1_1' title="bbox 73 155 1358 269">
    <p class='ocr_par' dir='ltr' id='par_1_1' title="bbox 73 155 1358 269">
     <span class='ocr_line' id='line_1_1' title="bbox 73 155 1358 269; baseline 0 -10"><span class='ocrx_word' id='word_1_1' title='bbox 73 222 77 229; x_wconf 91' lang='lat'><strong>·</strong></span> <span class='ocrx_word' id='word_1_2' title='bbox 147 155 152 165; x_wconf 56' lang='grc'>’</span> <span class='ocrx_word' id='word_1_3' title='bbox 240 207 300 269; x_wconf 74' lang='grc' dir='ltr'><strong>ατ</strong></span> <span class='ocrx_word' id='word_1_4' title='bbox 814 199 1160 259; x_wconf 71' lang='lat' dir='ltr'><strong>consenciamus</strong></span> <span class='ocrx_word' id='word_1_5' title='bbox 1178 200 1358 266; x_wconf 79' lang='lat' dir='ltr'><strong>aurerns</strong></span> 
     </span>
    </p>
   </div>
   <div class='ocr_carea' id='block_1_2' title="bbox 183 351 2008 5451">
    <p class='ocr_par' dir='ltr' id='par_1_2' title="bbox 224 351 2008 1120">
     <span class='ocr_line' id='line_1_2' title="bbox 238 351 1935 453; baseline -0.002 -42"><span class='ocrx_word' id='word_1_6' title='bbox 238 353 274 411; x_wconf 84' lang='lat' dir='ltr'><strong>ab</strong></span> <span class='ocrx_word' id='word_1_7' title='bbox 302 353 497 426; x_wconf 83' lang='lat' dir='ltr'><strong>Anabaptistis</strong></span> <span class='ocrx_word' id='word_1_8' title='bbox 524 353 685 421; x_wconf 89' lang='lat' dir='ltr'><strong>discedunt,</strong></span> <span class='ocrx_word' id='word_1_9' title='bbox 715 357 756 412; x_wconf 90' lang='lat' dir='ltr'><strong>sic</strong></span> <span class='ocrx_word' id='word_1_10' title='bbox 785 356 858 411; x_wconf 85' lang='lat' dir='ltr'><strong>eninr</strong></span> <span class='ocrx_word' id='word_1_11' title='bbox 887 351 1150 453; x_wconf 55' lang='lat' dir='ltr'><strong>Schmaltniuquni</strong></span> <span class='ocrx_word' id='word_1_12' title='bbox 1176 356 1248 411; x_wconf 89' lang='lat' dir='ltr'><strong>enim</strong></span> <span class='ocrx_word' id='word_1_13' title='bbox 1273 356 1311 412; x_wconf 89' lang='lat' dir='ltr'><strong>ob</strong></span> <span class='ocrx_word' id='word_1_14' title='bbox 1331 354 1511 426; x_wconf 82' lang='lat' dir='ltr'><strong>&#39;pecuniolam</strong></span> <span class='ocrx_word' id='word_1_15' title='bbox 1534 361 1563 411; x_wconf 91' lang='lat' dir='ltr'><strong>et</strong></span> <span class='ocrx_word' id='word_1_16' title='bbox 1585 354 1701 411; x_wconf 88' lang='lat' dir='ltr'><strong>leviores</strong></span> <span class='ocrx_word' id='word_1_17' title='bbox 1720 353 1842 426; x_wconf 84' lang='lat' dir='ltr'><strong>injurias</strong></span> <span class='ocrx_word' id='word_1_18' title='bbox 1858 352 1935 408; x_wconf 82' lang='lat' dir='ltr'><strong>litem</strong></span> 
     </span>
     <span class='ocr_line' id='line_1_3' title="bbox 239 440 1935 513; baseline -0.001 -17"><span class='ocrx_word' id='word_1_19' title='bbox 239 446 337 496; x_wconf 76' lang='lat' dir='ltr'><strong>conus</strong></span> <span class='ocrx_word' id='word_1_20' title='bbox 356 441 426 511; x_wconf 90' lang='lat' dir='ltr'><strong>disp.</strong></span> <span class='ocrx_word' id='word_1_21' title='bbox 452 447 475 496; x_wconf 84' lang='lat' dir='ltr'><strong>t.</strong></span> <span class='ocrx_word' id='word_1_22' title='bbox 495 440 629 496; x_wconf 91' lang='lat' dir='ltr'><strong>debonis</strong></span> <span class='ocrx_word' id='word_1_23' title='bbox 652 441 755 513; x_wconf 81' lang='lat' dir='ltr'>operib.</span> <span class='ocrx_word' id='word_1_24' title='bbox 777 442 813 496; x_wconf 89' lang='lat' dir='ltr'><strong>D.</strong></span> <span class='ocrx_word' id='word_1_25' title='bbox 831 441 942 498; x_wconf 81' lang='lat' dir='ltr'><strong>Franta</strong></span> <span class='ocrx_word' id='word_1_26' title='bbox 962 460 990 513; x_wconf 91' lang='lat' dir='ltr'><strong>p.</strong></span> <span class='ocrx_word' id='word_1_27' title='bbox 1011 447 1073 498; x_wconf 76' lang='lat' dir='ltr'><strong>tlt:</strong></span> <span class='ocrx_word' id='word_1_28' title='bbox 1100 442 1191 496; x_wconf 86' lang='lat' dir='ltr'><strong>statim</strong></span> <span class='ocrx_word' id='word_1_29' title='bbox 1217 443 1419 509; x_wconf 74' lang='lat' dir='ltr'><strong>morethani,</strong></span> <span class='ocrx_word' id='word_1_30' title='bbox 1440 443 1477 498; x_wconf 90' lang='lat' dir='ltr'><strong>ab</strong></span> <span class='ocrx_word' id='word_1_31' title='bbox 1497 442 1614 498; x_wconf 87' lang='lat' dir='ltr'><strong>avaritia</strong></span> <span class='ocrx_word' id='word_1_32' title='bbox 1631 460 1666 499; x_wconf 86' lang='lat' dir='ltr'><strong>ac</strong></span> <span class='ocrx_word' id='word_1_33' title='bbox 1683 441 1830 497; x_wconf 84' lang='lat' dir='ltr'><strong>iracundia</strong></span> <span class='ocrx_word' id='word_1_34' title='bbox 1846 440 1935 495; x_wconf 77' lang='lat' dir='ltr'><strong>viceris</strong></span> 
     </span>
     <span class='ocr_line' id='line_1_4' title="bbox 224 527 1936 598; baseline -0.001 -16"><span class='ocrx_word' id='word_1_35' title='bbox 224 529 305 598; x_wconf 49' lang='lat' dir='ltr'><strong>,Non</strong></span> <span class='ocrx_word' id='word_1_36' title='bbox 325 535 366 581; x_wconf 85' lang='lat' dir='ltr'><strong>cst</strong></span> <span class='ocrx_word' id='word_1_37' title='bbox 383 528 516 597; x_wconf 68' lang='lat' dir='ltr'><strong>qaaemc,</strong></span> <span class='ocrx_word' id='word_1_38' title='bbox 535 547 573 581; x_wconf 89' lang='lat' dir='ltr'><strong>an</strong></span> <span class='ocrx_word' id='word_1_39' title='bbox 589 528 675 582; x_wconf 80' lang='lat' dir='ltr'><strong>liccat</strong></span> <span class='ocrx_word' id='word_1_40' title='bbox 693 529 799 583; x_wconf 81' lang='lat' dir='ltr'><strong>bomini</strong></span> <span class='ocrx_word' id='word_1_41' title='bbox 816 527 977 582; x_wconf 79' lang='lat' dir='ltr'><strong>Christiano</strong></span> <span class='ocrx_word' id='word_1_42' title='bbox 991 529 1074 598; x_wconf 69' lang='lat' dir='ltr'><strong>jode·-</strong></span> <span class='ocrx_word' id='word_1_43' title='bbox 1100 528 1210 584; x_wconf 83' lang='lat' dir='ltr'><strong>ridetnr</strong></span> <span class='ocrx_word' id='word_1_44' title='bbox 1236 547 1270 585; x_wconf 91' lang='lat' dir='ltr'><strong>ac</strong></span> <span class='ocrx_word' id='word_1_45' title='bbox 1293 530 1379 586; x_wconf 91' lang='lat' dir='ltr'><strong>dolori</strong></span> <span class='ocrx_word' id='word_1_46' title='bbox 1397 530 1433 585; x_wconf 93' lang='lat' dir='ltr'><strong>ob</strong></span> <span class='ocrx_word' id='word_1_47' title='bbox 1463 529 1571 585; x_wconf 89' lang='lat' dir='ltr'><strong>illatum</strong></span> <span class='ocrx_word' id='word_1_48' title='bbox 1591 530 1722 585; x_wconf 83' lang='lat' dir='ltr'><strong>damnum</strong></span> <span class='ocrx_word' id='word_1_49' title='bbox 1750 527 1936 585; x_wconf 87' lang='lat' dir='ltr'><strong>leviuscnlnm</strong></span> 
     </span>
     <span class='ocr_line' id='line_1_5' title="bbox 240 613 1935 688; baseline -0.001 -20"><span class='ocrx_word' id='word_1_50' title='bbox 240 614 294 668; x_wconf 84' lang='lat' dir='ltr'><strong>cs&#39;r&#39;s</strong></span> <span class='ocrx_word' id='word_1_51' title='bbox 319 615 444 684; x_wconf 70' lang='lat' dir='ltr'><strong>experiri</strong></span> <span class='ocrx_word' id='word_1_52' title='bbox 468 616 520 668; x_wconf 86' lang='lat' dir='ltr'><strong>snb</strong></span> <span class='ocrx_word' id='word_1_53' title='bbox 545 615 756 682; x_wconf 68' lang='lat' dir='ltr'><strong>magistratibus</strong></span> <span class='ocrx_word' id='word_1_54' title='bbox 769 614 913 683; x_wconf 82' lang='lat' dir='ltr'><strong>politicis,</strong></span> <span class='ocrx_word' id='word_1_55' title='bbox 931 614 983 669; x_wconf 82' lang='lat' dir='ltr'><strong>boc</strong></span> <span class='ocrx_word' id='word_1_56' title='bbox 1001 615 1074 668; x_wconf 81' lang='lat' dir='ltr'><strong>enim</strong></span> <span class='ocrx_word' id='word_1_57' title='bbox 1101 621 1195 672; x_wconf 85' lang='lat' dir='ltr'><strong>exorto</strong></span> <span class='ocrx_word' id='word_1_58' title='bbox 1213 616 1378 686; x_wconf 75' lang='lat' dir='ltr'><strong>succumbit,</strong></span> <span class='ocrx_word' id='word_1_59' title='bbox 1397 616 1515 688; x_wconf 86' lang='lat' dir='ltr'><strong>ideoque</strong></span> <span class='ocrx_word' id='word_1_60' title='bbox 1533 616 1612 672; x_wconf 87' lang='lat' dir='ltr'><strong>addit</strong></span> <span class='ocrx_word' id='word_1_61' title='bbox 1628 615 1784 687; x_wconf 83' lang='lat' dir='ltr'><strong>apostolnsr</strong></span> <span class='ocrx_word' id='word_1_62' title='bbox 1803 613 1864 667; x_wconf 80' lang='lat' dir='ltr'><strong>Gar</strong></span> <span class='ocrx_word' id='word_1_63' title='bbox 1881 630 1935 667; x_wconf 80' lang='lat' dir='ltr'><strong>nest</strong></span> 
     </span>
     <span class='ocr_line' id='line_1_6' title="bbox 240 701 1936 773; baseline -0.002 -20"><span class='ocrx_word' id='word_1_64' title='bbox 240 708 316 755; x_wconf 86' lang='lat' dir='ltr'><strong>certo</strong></span> <span class='ocrx_word' id='word_1_65' title='bbox 335 709 463 772; x_wconf 80' lang='lat' dir='ltr'><strong>respecta</strong></span> <span class='ocrx_word' id='word_1_66' title='bbox 480 701 564 755; x_wconf 82' lang='lat' dir='ltr'><strong>etiarn</strong></span> <span class='ocrx_word' id='word_1_67' title='bbox 580 718 633 754; x_wconf 86' lang='lat' dir='ltr'><strong>nos</strong></span> <span class='ocrx_word' id='word_1_68' title='bbox 647 701 832 770; x_wconf 80' lang='lat' dir='ltr'><strong>concedimus,</strong></span> <span class='ocrx_word' id='word_1_69' title='bbox 850 703 902 754; x_wconf 84' lang='lat' dir='ltr'><strong>scd</strong></span> <span class='ocrx_word' id='word_1_70' title='bbox 914 702 1018 771; x_wconf 62' lang='lat' dir='ltr'><strong>pdnto,</strong></span> <span class='ocrx_word' id='word_1_71' title='bbox 1036 719 1074 753; x_wconf 89' lang='lat' dir='ltr'><strong>an</strong></span> <span class='ocrx_word' id='word_1_72' title='bbox 1097 703 1193 771; x_wconf 83' lang='lat' dir='ltr'><strong>potins</strong></span> <span class='ocrx_word' id='word_1_73' title='bbox 1211 703 1350 772; x_wconf 79' lang='lat' dir='ltr'><strong>injuriam</strong></span> <span class='ocrx_word' id='word_1_74' title='bbox 1365 702 1501 773; x_wconf 78' lang='lat' dir='ltr'><strong>patimini</strong></span> <span class='ocrx_word' id='word_1_75' title='bbox 1506 704 1519 757; x_wconf 76' lang='lat' dir='ltr'><strong>t</strong></span> <span class='ocrx_word' id='word_1_76' title='bbox 1540 721 1592 756; x_wconf 82' lang='lat' dir='ltr'><strong>cur</strong></span> <span class='ocrx_word' id='word_1_77' title='bbox 1613 721 1670 757; x_wconf 87' lang='lat' dir='ltr'><strong>non</strong></span> <span class='ocrx_word' id='word_1_78' title='bbox 1683 702 1782 770; x_wconf 80' lang='lat' dir='ltr'><strong>potius</strong></span> <span class='ocrx_word' id='word_1_79' title='bbox 1801 701 1936 752; x_wconf 80' lang='lat' dir='ltr'><strong>danmarn</strong></span> 
     </span>
     <span class='ocr_line' id='line_1_7' title="bbox 241 784 1937 861; baseline -0.001 -20"><span class='ocrx_word' id='word_1_80' title='bbox 241 788 325 841; x_wconf 83' lang='lat' dir='ltr'><strong>liceat</strong></span> <span class='ocrx_word' id='word_1_81' title='bbox 340 788 506 852; x_wconf 77' lang='lat' dir='ltr'><strong>fratricarn</strong></span> <span class='ocrx_word' id='word_1_82' title='bbox 522 790 618 852; x_wconf 83' lang='lat' dir='ltr'><strong>fratre</strong></span> <span class='ocrx_word' id='word_1_83' title='bbox 636 790 804 842; x_wconf 81' lang='lat' dir='ltr'><strong>contendere</strong></span> <span class='ocrx_word' id='word_1_84' title='bbox 821 789 979 857; x_wconf 80' lang='lat' dir='ltr'><strong>injudicio</strong></span> <span class='ocrx_word' id='word_1_85' title='bbox 996 789 1076 858; x_wconf 83' lang='lat' dir='ltr'><strong>apud</strong></span> <span class='ocrx_word' id='word_1_86' title='bbox 1102 789 1253 858; x_wconf 74' lang='lat' dir='ltr'><strong>accipitis!</strong></span> <span class='ocrx_word' id='word_1_87' title='bbox 1275 789 1304 843; x_wconf 93' lang='lat' dir='ltr'><strong>id</strong></span> <span class='ocrx_word' id='word_1_88' title='bbox 1328 790 1403 861; x_wconf 91' lang='lat' dir='ltr'><strong>quod</strong></span> <span class='ocrx_word' id='word_1_89' title='bbox 1427 789 1462 844; x_wconf 91' lang='lat' dir='ltr'><strong>de</strong></span> <span class='ocrx_word' id='word_1_90' title='bbox 1478 788 1628 844; x_wconf 83' lang='lat' dir='ltr'><strong>levioribus</strong></span> <span class='ocrx_word' id='word_1_91' title='bbox 1647 786 1756 860; x_wconf 88' lang='lat' dir='ltr'><strong>injuriis</strong></span> <span class='ocrx_word' id='word_1_92' title='bbox 1776 802 1810 841; x_wconf 83' lang='lat' dir='ltr'><strong>ac</strong></span> <span class='ocrx_word' id='word_1_93' title='bbox 1829 784 1937 839; x_wconf 77' lang='lat' dir='ltr'><strong>damnis</strong></span> 
     </span>
     <span class='ocr_line' id='line_1_8' title="bbox 240 869 1937 944; baseline -0.004 -15"><span class='ocrx_word' id='word_1_94' title='bbox 240 874 387 944; x_wconf 49' lang='lat' dir='ltr'><strong>infidelem</strong></span> <span class='ocrx_word' id='word_1_95' title='bbox 405 876 528 928; x_wconf 60' lang='lat' dir='ltr'><strong>scando</strong></span> <span class='ocrx_word' id='word_1_96' title='bbox 544 894 581 927; x_wconf 87' lang='lat' dir='ltr'><strong>an</strong></span> <span class='ocrx_word' id='word_1_97' title='bbox 599 876 683 930; x_wconf 80' lang='lat' dir='ltr'><strong>liccat</strong></span> <span class='ocrx_word' id='word_1_98' title='bbox 700 877 783 929; x_wconf 76' lang='lat' dir='ltr'><strong>adire</strong></span> <span class='ocrx_word' id='word_1_99' title='bbox 795 877 992 944; x_wconf 73' lang='lat' dir='ltr'><strong>magistratum</strong></span> <span class='ocrx_word' id='word_1_100' title='bbox 1005 875 1075 929; x_wconf 79' lang='lat' dir='ltr'><strong>alci-</strong></span> <span class='ocrx_word' id='word_1_101' title='bbox 1102 874 1295 944; x_wconf 87' lang='lat' dir='ltr'><strong>accipiendum</strong></span> <span class='ocrx_word' id='word_1_102' title='bbox 1315 893 1376 932; x_wconf 89' lang='lat' dir='ltr'><strong>esse</strong></span> <span class='ocrx_word' id='word_1_103' title='bbox 1391 880 1565 931; x_wconf 85' lang='lat' dir='ltr'><strong>excontextu</strong></span> <span class='ocrx_word' id='word_1_104' title='bbox 1576 874 1761 929; x_wconf 85' lang='lat' dir='ltr'><strong>manifestum.</strong></span> <span class='ocrx_word' id='word_1_105' title='bbox 1791 869 1937 943; x_wconf 86' lang='lat' dir='ltr'><strong>Improbat</strong></span> 
     </span>
     <span class='ocr_line' id='line_1_9' title="bbox 240 957 1938 1034; baseline -0.002 -20"><span class='ocrx_word' id='word_1_106' title='bbox 240 964 362 1016; x_wconf 73' lang='lat' dir='ltr'><strong>accredas</strong></span> <span class='ocrx_word' id='word_1_107' title='bbox 387 962 511 1030; x_wconf 76' lang='lat' dir='ltr'><strong>injuriae</strong></span> <span class='ocrx_word' id='word_1_108' title='bbox 536 978 630 1017; x_wconf 79' lang='lat' dir='ltr'><strong>carna.</strong></span> <span class='ocrx_word' id='word_1_109' title='bbox 673 960 825 1018; x_wconf 89' lang='lat' dir='ltr'><strong>Ostorodus</strong></span> <span class='ocrx_word' id='word_1_110' title='bbox 850 961 879 1016; x_wconf 93' lang='lat' dir='ltr'><strong>in</strong></span> <span class='ocrx_word' id='word_1_111' title='bbox 898 961 962 1018; x_wconf 88' lang='lat' dir='ltr'><strong>inst.</strong></span> <span class='ocrx_word' id='word_1_112' title='bbox 990 979 1014 1017; x_wconf 90' lang='lat' dir='ltr'><strong>o.</strong></span> <span class='ocrx_word' id='word_1_113' title='bbox 1034 967 1075 1018; x_wconf 82' lang='lat'><strong>26.</strong></span> <span class='ocrx_word' id='word_1_114' title='bbox 1102 960 1176 1015; x_wconf 90' lang='lat' dir='ltr'><strong>enim</strong></span> <span class='ocrx_word' id='word_1_115' title='bbox 1195 960 1224 1015; x_wconf 93' lang='lat' dir='ltr'><strong>in</strong></span> <span class='ocrx_word' id='word_1_116' title='bbox 1242 961 1401 1030; x_wconf 75' lang='lat' dir='ltr'><strong>Corinthiis,</strong></span> <span class='ocrx_word' id='word_1_117' title='bbox 1420 963 1494 1034; x_wconf 91' lang='lat' dir='ltr'><strong>qnod</strong></span> <span class='ocrx_word' id='word_1_118' title='bbox 1507 978 1540 1016; x_wconf 91' lang='lat' dir='ltr'><strong>ex</strong></span> <span class='ocrx_word' id='word_1_119' title='bbox 1553 961 1639 1017; x_wconf 89' lang='lat' dir='ltr'><strong>animi</strong></span> <span class='ocrx_word' id='word_1_120' title='bbox 1649 959 1823 1032; x_wconf 86' lang='lat' dir='ltr'><strong>impatientia</strong></span> <span class='ocrx_word' id='word_1_121' title='bbox 1834 957 1938 1028; x_wconf 82' lang='lat' dir='ltr'><strong>injuria</strong></span> 
     </span>
     <span class='ocr_line' id='line_1_10' title="bbox 242 1042 2008 1120; baseline -0.004 -16"><span class='ocrx_word' id='word_1_122' title='bbox 242 1067 271 1120; x_wconf 91' lang='lat' dir='ltr'><strong>p.</strong></span> <span class='ocrx_word' id='word_1_123' title='bbox 292 1054 355 1104; x_wconf 84' lang='lat'>168:</span> <span class='ocrx_word' id='word_1_124' title='bbox 384 1049 465 1110; x_wconf 76' lang='lat' dir='ltr'><strong>Quod</strong></span> <span class='ocrx_word' id='word_1_125' title='bbox 483 1049 587 1102; x_wconf 68' lang='grc' dir='ltr'><strong>ἀίοτταα</strong></span> <span class='ocrx_word' id='word_1_126' title='bbox 605 1049 678 1118; x_wconf 77' lang='lat' dir='ltr'><strong>fait,</strong></span> <span class='ocrx_word' id='word_1_127' title='bbox 707 1047 867 1103; x_wconf 79' lang='lat' dir='ltr'><strong>Christiano</strong></span> <span class='ocrx_word' id='word_1_128' title='bbox 892 1049 998 1102; x_wconf 80' lang='lat' dir='ltr'><strong>licitam</strong></span> <span class='ocrx_word' id='word_1_129' title='bbox 1017 1064 1075 1102; x_wconf 85' lang='lat' dir='ltr'><strong>csse</strong></span> <span class='ocrx_word' id='word_1_130' title='bbox 1102 1047 1146 1102; x_wconf 92' lang='lat' dir='ltr'><strong>vel</strong></span> <span class='ocrx_word' id='word_1_131' title='bbox 1166 1047 1265 1103; x_wconf 87' lang='lat' dir='ltr'><strong>damno</strong></span> <span class='ocrx_word' id='word_1_132' title='bbox 1282 1049 1398 1120; x_wconf 74' lang='lat' dir='ltr'><strong>aliquali</strong></span> <span class='ocrx_word' id='word_1_133' title='bbox 1422 1065 1441 1104; x_wconf 91' lang='lat' dir='ltr'><strong>a</strong></span> <span class='ocrx_word' id='word_1_134' title='bbox 1463 1048 1549 1105; x_wconf 79' lang='lat' dir='ltr'><strong>tratre</strong></span> <span class='ocrx_word' id='word_1_135' title='bbox 1571 1049 1665 1104; x_wconf 87' lang='lat' dir='ltr'><strong>affecti</strong></span> <span class='ocrx_word' id='word_1_136' title='bbox 1688 1046 1815 1119; x_wconf 89' lang='lat' dir='ltr'><strong>protinas</strong></span> <span class='ocrx_word' id='word_1_137' title='bbox 1832 1044 1871 1099; x_wconf 89' lang='lat' dir='ltr'><strong>ad</strong></span> <span class='ocrx_word' id='word_1_138' title='bbox 1889 1042 1937 1097; x_wconf 85' lang='lat' dir='ltr'><strong>tri·</strong></span> <span class='ocrx_word' id='word_1_139' title='bbox 1947 1043 2008 1084; x_wconf 62' lang='lat' dir='ltr'><strong>m*</strong></span> 
     </span>
    </p>

    <p class='ocr_par' dir='ltr' id='par_1_3' title="bbox 183 1130 1942 5451">
     <span class='ocr_line' id='line_1_11' title="bbox 243 1130 1936 1205; baseline -0.002 -18"><span class='ocrx_word' id='word_1_140' title='bbox 243 1151 346 1189; x_wconf 84' lang='lat' dir='ltr'><strong>uocare</strong></span> <span class='ocrx_word' id='word_1_141' title='bbox 371 1135 492 1203; x_wconf 75' lang='lat' dir='ltr'><em>aliquem</em></span> <span class='ocrx_word' id='word_1_142' title='bbox 519 1135 549 1187; x_wconf 85' lang='lat' dir='ltr'><strong>in</strong></span> <span class='ocrx_word' id='word_1_143' title='bbox 574 1135 720 1202; x_wconf 79' lang='lat' dir='ltr'><strong>judiciam</strong></span> <span class='ocrx_word' id='word_1_144' title='bbox 752 1143 778 1188; x_wconf 86' lang='lat' dir='ltr'><strong>ct</strong></span> <span class='ocrx_word' id='word_1_145' title='bbox 805 1134 960 1204; x_wconf 80' lang='lat' dir='ltr'><strong>implorare</strong></span> <span class='ocrx_word' id='word_1_146' title='bbox 988 1136 1076 1204; x_wconf 77' lang='lat' dir='ltr'><strong>saepi·</strong></span> <span class='ocrx_word' id='word_1_147' title='bbox 1102 1132 1187 1188; x_wconf 88' lang='lat' dir='ltr'><strong>bunal</strong></span> <span class='ocrx_word' id='word_1_148' title='bbox 1203 1133 1307 1205; x_wconf 86' lang='lat' dir='ltr'><strong>judicis</strong></span> <span class='ocrx_word' id='word_1_149' title='bbox 1325 1141 1445 1205; x_wconf 87' lang='lat' dir='ltr'><strong>currant,</strong></span> <span class='ocrx_word' id='word_1_150' title='bbox 1463 1136 1499 1191; x_wconf 89' lang='lat' dir='ltr'><strong>ad</strong></span> <span class='ocrx_word' id='word_1_151' title='bbox 1516 1136 1642 1191; x_wconf 77' lang='lat' dir='ltr'><strong>odiosam</strong></span> <span class='ocrx_word' id='word_1_152' title='bbox 1658 1132 1790 1205; x_wconf 87' lang='lat' dir='ltr'><strong>litigandi</strong></span> <span class='ocrx_word' id='word_1_153' title='bbox 1801 1130 1936 1186; x_wconf 83' lang='lat' dir='ltr'><strong>rationem</strong></span> 
     </span>
     <span class='ocr_line' id='line_1_12' title="bbox 242 1219 1935 1291; baseline -0.002 -19"><span class='ocrx_word' id='word_1_154' title='bbox 242 1228 349 1273; x_wconf 80' lang='lat' dir='ltr'><strong>stratas</strong></span> <span class='ocrx_word' id='word_1_155' title='bbox 373 1221 525 1284; x_wconf 78' lang='lat' dir='ltr'><strong>ceciliam,</strong></span> <span class='ocrx_word' id='word_1_156' title='bbox 550 1221 583 1274; x_wconf 80' lang='lat' dir='ltr'><strong>id</strong></span> <span class='ocrx_word' id='word_1_157' title='bbox 606 1223 642 1274; x_wconf 86' lang='lat' dir='ltr'><strong>de</strong></span> <span class='ocrx_word' id='word_1_158' title='bbox 668 1221 730 1274; x_wconf 78' lang='lat' dir='ltr'><strong>illis</strong></span> <span class='ocrx_word' id='word_1_159' title='bbox 755 1220 844 1274; x_wconf 83' lang='lat' dir='ltr'><strong>solnm</strong></span> <span class='ocrx_word' id='word_1_160' title='bbox 864 1221 1077 1291; x_wconf 71' lang='lat' dir='ltr'><strong>intelligendam</strong></span> <span class='ocrx_word' id='word_1_161' title='bbox 1102 1221 1196 1274; x_wconf 88' lang='lat' dir='ltr'><strong>statim</strong></span> <span class='ocrx_word' id='word_1_162' title='bbox 1214 1221 1386 1277; x_wconf 81' lang='lat' dir='ltr'><strong>descendant</strong></span> <span class='ocrx_word' id='word_1_163' title='bbox 1404 1226 1432 1279; x_wconf 90' lang='lat' dir='ltr'><strong>et</strong></span> <span class='ocrx_word' id='word_1_164' title='bbox 1455 1222 1514 1278; x_wconf 88' lang='lat' dir='ltr'><strong>sine</strong></span> <span class='ocrx_word' id='word_1_165' title='bbox 1538 1222 1596 1278; x_wconf 87' lang='lat' dir='ltr'><strong>ulla</strong></span> <span class='ocrx_word' id='word_1_166' title='bbox 1619 1219 1807 1276; x_wconf 66' lang='lat' dir='ltr'><strong>moderatione</strong></span> <span class='ocrx_word' id='word_1_167' title='bbox 1824 1222 1855 1272; x_wconf 90' lang='lat' dir='ltr'><strong>et</strong></span> <span class='ocrx_word' id='word_1_168' title='bbox 1872 1233 1935 1271; x_wconf 90' lang='lat' dir='ltr'><strong>eon·</strong></span> 
     </span>
     <span class='ocr_line' id='line_1_13' title="bbox 242 1303 1938 1378; baseline -0.002 -18"><span class='ocrx_word' id='word_1_169' title='bbox 242 1314 290 1373; x_wconf 88' lang='lat' dir='ltr'><strong>est,</strong></span> <span class='ocrx_word' id='word_1_170' title='bbox 309 1307 360 1375; x_wconf 74' lang='lat' dir='ltr'><strong>qai</strong></span> <span class='ocrx_word' id='word_1_171' title='bbox 372 1314 436 1359; x_wconf 85' lang='lat' dir='ltr'><strong>sant</strong></span> <span class='ocrx_word' id='word_1_172' title='bbox 448 1307 535 1370; x_wconf 79' lang='lat' dir='ltr'><strong>foris,</strong></span> <span class='ocrx_word' id='word_1_173' title='bbox 555 1307 607 1360; x_wconf 83' lang='lat' dir='ltr'><strong>boc</strong></span> <span class='ocrx_word' id='word_1_174' title='bbox 620 1315 669 1374; x_wconf 90' lang='lat' dir='ltr'><strong>cst,</strong></span> <span class='ocrx_word' id='word_1_175' title='bbox 688 1307 738 1376; x_wconf 82' lang='lat' dir='ltr'><strong>qni</strong></span> <span class='ocrx_word' id='word_1_176' title='bbox 748 1325 803 1361; x_wconf 87' lang='lat' dir='ltr'><strong>non</strong></span> <span class='ocrx_word' id='word_1_177' title='bbox 820 1315 884 1360; x_wconf 79' lang='lat' dir='ltr'><strong>sont</strong></span> <span class='ocrx_word' id='word_1_178' title='bbox 901 1309 1009 1370; x_wconf 73' lang='lat' dir='ltr'><strong>fratres</strong></span> <span class='ocrx_word' id='word_1_179' title='bbox 1027 1325 1076 1360; x_wconf 85' lang='lat' dir='ltr'><strong>nec</strong></span> <span class='ocrx_word' id='word_1_180' title='bbox 1102 1305 1252 1361; x_wconf 83' lang='lat' dir='ltr'><strong>donatione</strong></span> <span class='ocrx_word' id='word_1_181' title='bbox 1278 1306 1403 1363; x_wconf 82' lang='lat' dir='ltr'><strong>fraterna</strong></span> <span class='ocrx_word' id='word_1_182' title='bbox 1423 1307 1586 1378; x_wconf 86' lang='lat' dir='ltr'><strong>judiciarios</strong></span> <span class='ocrx_word' id='word_1_183' title='bbox 1611 1306 1743 1378; x_wconf 87' lang='lat' dir='ltr'><strong>strepitus</strong></span> <span class='ocrx_word' id='word_1_184' title='bbox 1765 1303 1938 1375; x_wconf 82' lang='lat' dir='ltr'><strong>frequentio-</strong></span> 
     </span>
     <span class='ocr_line' id='line_1_14' title="bbox 241 1389 1937 1462; baseline -0.002 -15"><span class='ocrx_word' id='word_1_185' title='bbox 241 1394 312 1458; x_wconf 77' lang='lat' dir='ltr'><strong>fidei</strong></span> <span class='ocrx_word' id='word_1_186' title='bbox 329 1402 485 1457; x_wconf 70' lang='lat' dir='ltr'><strong>consortes,</strong></span> <span class='ocrx_word' id='word_1_187' title='bbox 509 1395 592 1456; x_wconf 77' lang='lat' dir='ltr'><strong>nefas</strong></span> <span class='ocrx_word' id='word_1_188' title='bbox 616 1394 689 1447; x_wconf 82' lang='lat' dir='ltr'><strong>enim</strong></span> <span class='ocrx_word' id='word_1_189' title='bbox 709 1402 749 1447; x_wconf 89' lang='lat' dir='ltr'><strong>cst</strong></span> <span class='ocrx_word' id='word_1_190' title='bbox 759 1395 888 1462; x_wconf 85' lang='lat' dir='ltr'><strong>fratrem</strong></span> <span class='ocrx_word' id='word_1_191' title='bbox 905 1414 967 1449; x_wconf 86' lang='lat' dir='ltr'><strong>cam</strong></span> <span class='ocrx_word' id='word_1_192' title='bbox 982 1397 1076 1458; x_wconf 77' lang='lat' dir='ltr'><strong>fratre</strong></span> <span class='ocrx_word' id='word_1_193' title='bbox 1103 1409 1147 1448; x_wconf 87' lang='lat' dir='ltr'><strong>res</strong></span> <span class='ocrx_word' id='word_1_194' title='bbox 1164 1398 1192 1448; x_wconf 90' lang='lat' dir='ltr'><strong>et</strong></span> <span class='ocrx_word' id='word_1_195' title='bbox 1210 1394 1308 1449; x_wconf 90' lang='lat' dir='ltr'><strong>nimias</strong></span> <span class='ocrx_word' id='word_1_196' title='bbox 1326 1394 1448 1449; x_wconf 77' lang='lat' dir='ltr'><strong>forenses</strong></span> <span class='ocrx_word' id='word_1_197' title='bbox 1467 1394 1655 1450; x_wconf 83' lang='lat' dir='ltr'><strong>contentiones</strong></span> <span class='ocrx_word' id='word_1_198' title='bbox 1674 1392 1802 1448; x_wconf 82' lang='lat' dir='ltr'><strong>excitent</strong></span> <span class='ocrx_word' id='word_1_199' title='bbox 1831 1389 1937 1445; x_wconf 89' lang='lat' dir='ltr'><strong>Eodem</strong></span> 
     </span>
     <span class='ocr_line' id='line_1_15' title="bbox 241 1475 1938 1551; baseline -0.003 -16"><span class='ocrx_word' id='word_1_200' title='bbox 241 1482 272 1535; x_wconf 81' lang='lat' dir='ltr'><strong>e&#39;n</strong></span> <span class='ocrx_word' id='word_1_201' title='bbox 290 1481 405 1549; x_wconf 82' lang='lat' dir='ltr'><strong>jndicio</strong></span> <span class='ocrx_word' id='word_1_202' title='bbox 429 1484 596 1535; x_wconf 84' lang='lat' dir='ltr'><strong>contendere</strong></span> <span class='ocrx_word' id='word_1_203' title='bbox 623 1484 737 1536; x_wconf 80' lang='lat' dir='ltr'><strong>docente</strong></span> <span class='ocrx_word' id='word_1_204' title='bbox 762 1482 890 1551; x_wconf 85' lang='lat' dir='ltr'><strong>apostolo</strong></span> <span class='ocrx_word' id='word_1_205' title='bbox 917 1487 940 1536; x_wconf 89' lang='lat'><strong>1.</strong></span> <span class='ocrx_word' id='word_1_206' title='bbox 967 1482 1031 1537; x_wconf 78' lang='lat' dir='ltr'><strong>Uer.</strong></span> <span class='ocrx_word' id='word_1_207' title='bbox 1050 1486 1076 1536; x_wconf 82' lang='lat'><strong>6.</strong></span> <span class='ocrx_word' id='word_1_208' title='bbox 1102 1480 1237 1549; x_wconf 81' lang='lat' dir='ltr'><strong>pertinet,</strong></span> <span class='ocrx_word' id='word_1_209' title='bbox 1265 1480 1340 1551; x_wconf 91' lang='lat' dir='ltr'><strong>quod</strong></span> <span class='ocrx_word' id='word_1_210' title='bbox 1368 1499 1394 1534; x_wconf 91' lang='lat' dir='ltr'><strong>v.</strong></span> <span class='ocrx_word' id='word_1_211' title='bbox 1413 1487 1438 1537; x_wconf 85' lang='lat'><strong>3.</strong></span> <span class='ocrx_word' id='word_1_212' title='bbox 1456 1485 1485 1535; x_wconf 88' lang='lat' dir='ltr'><strong>et</strong></span> <span class='ocrx_word' id='word_1_213' title='bbox 1503 1487 1528 1536; x_wconf 82' lang='lat' dir='ltr'><strong>l.</strong></span> <span class='ocrx_word' id='word_1_214' title='bbox 1553 1478 1586 1535; x_wconf 84' lang='lat' dir='ltr'><strong>tit</strong></span> <span class='ocrx_word' id='word_1_215' title='bbox 1603 1480 1707 1534; x_wconf 88' lang='lat' dir='ltr'><strong>mentio</strong></span> <span class='ocrx_word' id='word_1_216' title='bbox 1725 1479 1876 1548; x_wconf 74' lang='grc' dir='ltr'><strong>βιωτικῶν,</strong></span> <span class='ocrx_word' id='word_1_217' title='bbox 1903 1475 1938 1530; x_wconf 90' lang='lat' dir='ltr'><strong>de</strong></span> 
     </span>
     <span class='ocr_line' id='line_1_16' title="bbox 183 1562 1937 1639; baseline -0.005 -15"><span class='ocrx_word' id='word_1_218' title='bbox 183 1588 185 1595; x_wconf 68' lang='grc'>’</span> <span class='ocrx_word' id='word_1_219' title='bbox 241 1566 465 1638; x_wconf 82' lang='lat' dir='ltr'><strong>Respondemus:</strong></span> <span class='ocrx_word' id='word_1_220' title='bbox 482 1567 587 1622; x_wconf 87' lang='lat' dir='ltr'><strong>Paulus</strong></span> <span class='ocrx_word' id='word_1_221' title='bbox 596 1584 652 1622; x_wconf 91' lang='lat' dir='ltr'><strong>non</strong></span> <span class='ocrx_word' id='word_1_222' title='bbox 664 1568 827 1638; x_wconf 88' lang='lat' dir='ltr'><strong>simpliciter</strong></span> <span class='ocrx_word' id='word_1_223' title='bbox 838 1568 977 1639; x_wconf 88' lang='lat' dir='ltr'><strong>improbat</strong></span> <span class='ocrx_word' id='word_1_224' title='bbox 990 1569 1075 1625; x_wconf 89' lang='lat' dir='ltr'><strong>actio·</strong></span> <span class='ocrx_word' id='word_1_225' title='bbox 1103 1565 1204 1636; x_wconf 89' lang='lat' dir='ltr'><strong>quibus</strong></span> <span class='ocrx_word' id='word_1_226' title='bbox 1216 1565 1361 1636; x_wconf 87' lang='lat' dir='ltr'><strong>injudicio</strong></span> <span class='ocrx_word' id='word_1_227' title='bbox 1371 1565 1578 1622; x_wconf 83' lang='lat' dir='ltr'><strong>contendebant</strong></span> <span class='ocrx_word' id='word_1_228' title='bbox 1587 1564 1732 1620; x_wconf 87' lang='lat' dir='ltr'><strong>Corinthii.</strong></span> <span class='ocrx_word' id='word_1_229' title='bbox 1752 1562 1937 1618; x_wconf 83' lang='lat' dir='ltr'><strong>Schmaltnins</strong></span> 
     </span>
     <span class='ocr_line' id='line_1_17' title="bbox 240 1650 1936 1726; baseline -0.004 -16"><span class='ocrx_word' id='word_1_230' title='bbox 240 1672 290 1710; x_wconf 92' lang='lat' dir='ltr'><strong>nes</strong></span> <span class='ocrx_word' id='word_1_231' title='bbox 307 1655 337 1708; x_wconf 93' lang='lat' dir='ltr'><strong>in</strong></span> <span class='ocrx_word' id='word_1_232' title='bbox 351 1654 474 1723; x_wconf 90' lang='lat' dir='ltr'><strong>judiciis,</strong></span> <span class='ocrx_word' id='word_1_233' title='bbox 493 1671 555 1709; x_wconf 90' lang='lat' dir='ltr'><strong>cum</strong></span> <span class='ocrx_word' id='word_1_234' title='bbox 573 1655 691 1725; x_wconf 78' lang='lat' dir='ltr'><strong>ipsemet</strong></span> <span class='ocrx_word' id='word_1_235' title='bbox 707 1655 744 1708; x_wconf 88' lang='lat' dir='ltr'><strong>ad</strong></span> <span class='ocrx_word' id='word_1_236' title='bbox 761 1655 837 1726; x_wconf 90' lang='lat' dir='ltr'><strong>leges</strong></span> <span class='ocrx_word' id='word_1_237' title='bbox 854 1655 994 1711; x_wconf 86' lang='lat' dir='ltr'><strong>Romanas</strong></span> <span class='ocrx_word' id='word_1_238' title='bbox 1012 1673 1076 1711; x_wconf 92' lang='lat' dir='ltr'><strong>con·</strong></span> <span class='ocrx_word' id='word_1_239' title='bbox 1103 1653 1129 1706; x_wconf 94' lang='lat' dir='ltr'><strong>d.</strong></span> <span class='ocrx_word' id='word_1_240' title='bbox 1154 1652 1171 1706; x_wconf 85' lang='lat' dir='ltr'><strong>t</strong></span> <span class='ocrx_word' id='word_1_241' title='bbox 1196 1653 1299 1723; x_wconf 86' lang='lat' dir='ltr'><strong>accipit</strong></span> <span class='ocrx_word' id='word_1_242' title='bbox 1320 1654 1501 1722; x_wconf 71' lang='lat' dir='ltr'><strong>generaliter,</strong></span> <span class='ocrx_word' id='word_1_243' title='bbox 1528 1660 1559 1706; x_wconf 93' lang='lat' dir='ltr'><strong>ut</strong></span> <span class='ocrx_word' id='word_1_244' title='bbox 1583 1652 1677 1707; x_wconf 89' lang='lat' dir='ltr'><strong>omnia</strong></span> <span class='ocrx_word' id='word_1_245' title='bbox 1704 1666 1889 1722; x_wconf 88' lang='lat' dir='ltr'><strong>quaecunque</strong></span> <span class='ocrx_word' id='word_1_246' title='bbox 1907 1650 1936 1704; x_wconf 91' lang='lat' dir='ltr'><strong>in</strong></span> 
     </span>
     <span class='ocr_line' id='line_1_18' title="bbox 240 1735 1936 1813; baseline -0.004 -17"><span class='ocrx_word' id='word_1_247' title='bbox 240 1740 359 1813; x_wconf 80' lang='lat' dir='ltr'><strong>fugerit,</strong></span> <span class='ocrx_word' id='word_1_248' title='bbox 385 1739 517 1795; x_wconf 88' lang='lat' dir='ltr'><strong>adversus</strong></span> <span class='ocrx_word' id='word_1_249' title='bbox 543 1739 656 1795; x_wconf 78' lang='lat' dir='ltr'><strong>sicorim</strong></span> <span class='ocrx_word' id='word_1_250' title='bbox 681 1757 762 1811; x_wconf 90' lang='lat' dir='ltr'><strong>opem</strong></span> <span class='ocrx_word' id='word_1_251' title='bbox 786 1741 967 1812; x_wconf 81' lang='lat' dir='ltr'><strong>magistratus</strong></span> <span class='ocrx_word' id='word_1_252' title='bbox 993 1742 1076 1797; x_wconf 90' lang='lat' dir='ltr'><strong>etiam</strong></span> <span class='ocrx_word' id='word_1_253' title='bbox 1102 1738 1155 1792; x_wconf 91' lang='lat' dir='ltr'><strong>hoc</strong></span> <span class='ocrx_word' id='word_1_254' title='bbox 1174 1738 1296 1793; x_wconf 88' lang='lat' dir='ltr'><strong>seculum</strong></span> <span class='ocrx_word' id='word_1_255' title='bbox 1313 1738 1412 1793; x_wconf 89' lang='lat' dir='ltr'><strong>cadere</strong></span> <span class='ocrx_word' id='word_1_256' title='bbox 1431 1743 1555 1808; x_wconf 89' lang='lat' dir='ltr'><strong>possunt,</strong></span> <span class='ocrx_word' id='word_1_257' title='bbox 1573 1756 1641 1793; x_wconf 90' lang='lat' dir='ltr'><strong>vnce</strong></span> <span class='ocrx_word' id='word_1_258' title='bbox 1658 1738 1707 1792; x_wconf 91' lang='lat' dir='ltr'><strong>illa</strong></span> <span class='ocrx_word' id='word_1_259' title='bbox 1724 1735 1845 1791; x_wconf 91' lang='lat' dir='ltr'><strong>Paulina</strong></span> <span class='ocrx_word' id='word_1_260' title='bbox 1862 1751 1936 1791; x_wconf 90' lang='lat' dir='ltr'><strong>com·</strong></span> 
     </span>
     <span class='ocr_line' id='line_1_19' title="bbox 241 1821 1937 1897; baseline -0.004 -14"><span class='ocrx_word' id='word_1_261' title='bbox 241 1827 345 1884; x_wconf 90' lang='lat' dir='ltr'><strong>ethnici</strong></span> <span class='ocrx_word' id='word_1_262' title='bbox 370 1825 525 1896; x_wconf 86' lang='lat' dir='ltr'><strong>implorarit</strong></span> <span class='ocrx_word' id='word_1_263' title='bbox 547 1832 577 1881; x_wconf 91' lang='lat' dir='ltr'><strong>et</strong></span> <span class='ocrx_word' id='word_1_264' title='bbox 602 1825 638 1880; x_wconf 93' lang='lat' dir='ltr'><strong>ab</strong></span> <span class='ocrx_word' id='word_1_265' title='bbox 662 1826 758 1896; x_wconf 86' lang='lat' dir='ltr'><strong>iniquo</strong></span> <span class='ocrx_word' id='word_1_266' title='bbox 778 1827 874 1896; x_wconf 87' lang='lat' dir='ltr'><strong>judice</strong></span> <span class='ocrx_word' id='word_1_267' title='bbox 898 1828 935 1881; x_wconf 90' lang='lat' dir='ltr'><strong>ad</strong></span> <span class='ocrx_word' id='word_1_268' title='bbox 954 1827 1076 1883; x_wconf 90' lang='lat' dir='ltr'><strong>tribunal</strong></span> <span class='ocrx_word' id='word_1_269' title='bbox 1102 1824 1317 1896; x_wconf 86' lang='lat' dir='ltr'><strong>prehendantur,</strong></span> <span class='ocrx_word' id='word_1_270' title='bbox 1334 1841 1417 1896; x_wconf 87' lang='lat' dir='ltr'><strong>quam</strong></span> <span class='ocrx_word' id='word_1_271' title='bbox 1429 1824 1638 1895; x_wconf 82' lang='lat' dir='ltr'><strong>explicationem</strong></span> <span class='ocrx_word' id='word_1_272' title='bbox 1651 1824 1760 1897; x_wconf 83' lang='lat' dir='ltr'><strong>videtur</strong></span> <span class='ocrx_word' id='word_1_273' title='bbox 1773 1821 1937 1878; x_wconf 86' lang='lat' dir='ltr'><strong>confirmare</strong></span> 
     </span>
     <span class='ocr_line' id='line_1_20' title="bbox 241 1911 1936 1984; baseline -0.004 -14"><span class='ocrx_word' id='word_1_274' title='bbox 241 1913 360 1970; x_wconf 89' lang='lat' dir='ltr'><strong>caesaris</strong></span> <span class='ocrx_word' id='word_1_275' title='bbox 385 1913 576 1983; x_wconf 83' lang='lat' dir='ltr'><strong>provocaverit</strong></span> <span class='ocrx_word' id='word_1_276' title='bbox 598 1912 661 1967; x_wconf 89' lang='lat' dir='ltr'><strong>Act.</strong></span> <span class='ocrx_word' id='word_1_277' title='bbox 682 1918 727 1981; x_wconf 84' lang='grc'><strong>16,</strong></span> <span class='ocrx_word' id='word_1_278' title='bbox 750 1931 776 1970; x_wconf 86' lang='lat' dir='ltr'><strong>v.</strong></span> <span class='ocrx_word' id='word_1_279' title='bbox 802 1919 843 1968; x_wconf 76' lang='lat' dir='ltr'><strong>st.</strong></span> <span class='ocrx_word' id='word_1_280' title='bbox 871 1919 962 1984; x_wconf 80' lang='lat' dir='ltr'><strong>c.,23,</strong></span> <span class='ocrx_word' id='word_1_281' title='bbox 986 1933 1011 1968; x_wconf 94' lang='lat' dir='ltr'><strong>v.</strong></span> <span class='ocrx_word' id='word_1_282' title='bbox 1035 1919 1075 1970; x_wconf 85' lang='lat' dir='ltr'><strong>lt.</strong></span> <span class='ocrx_word' id='word_1_283' title='bbox 1103 1911 1255 1983; x_wconf 85' lang='lat' dir='ltr'><strong>oppositio:</strong></span> <span class='ocrx_word' id='word_1_284' title='bbox 1273 1914 1321 1967; x_wconf 86' lang='lat' dir='ltr'><strong>An</strong></span> <span class='ocrx_word' id='word_1_285' title='bbox 1338 1913 1464 1980; x_wconf 74' lang='lat' dir='ltr'><strong>nescitis,</strong></span> <span class='ocrx_word' id='word_1_286' title='bbox 1489 1914 1622 1981; x_wconf 78' lang='lat' dir='ltr'><strong>qnoniam</strong></span> <span class='ocrx_word' id='word_1_287' title='bbox 1644 1912 1736 1966; x_wconf 83' lang='lat' dir='ltr'><strong>sancti</strong></span> <span class='ocrx_word' id='word_1_288' title='bbox 1758 1912 1832 1966; x_wconf 79' lang='lat' dir='ltr'><strong>bnrrc</strong></span> <span class='ocrx_word' id='word_1_289' title='bbox 1860 1929 1936 1964; x_wconf 86' lang='lat' dir='ltr'><strong>mun·</strong></span> 
     </span>
     <span class='ocr_line' id='line_1_21' title="bbox 241 1995 1937 2070; baseline -0.003 -14"><span class='ocrx_word' id='word_1_290' title='bbox 241 1995 271 2056; x_wconf 62' lang='grc' dir='ltr'><strong>οξ</strong></span> <span class='ocrx_word' id='word_1_291' title='bbox 287 2006 328 2062; x_wconf 80' lang='grc'><strong>25,</strong></span> <span class='ocrx_word' id='word_1_292' title='bbox 346 2017 372 2053; x_wconf 82' lang='grc' dir='ltr'><strong>τ.</strong></span> <span class='ocrx_word' id='word_1_293' title='bbox 394 2004 433 2053; x_wconf 91' lang='grc'><strong>10.</strong></span> <span class='ocrx_word' id='word_1_294' title='bbox 454 2015 573 2070; x_wconf 89' lang='lat' dir='ltr'><strong>cumque</strong></span> <span class='ocrx_word' id='word_1_295' title='bbox 593 1998 647 2054; x_wconf 93' lang='lat' dir='ltr'><strong>hoc</strong></span> <span class='ocrx_word' id='word_1_296' title='bbox 665 2000 725 2070; x_wconf 89' lang='lat' dir='ltr'><strong>ipso</strong></span> <span class='ocrx_word' id='word_1_297' title='bbox 742 2000 771 2054; x_wconf 89' lang='lat' dir='ltr'><strong>in</strong></span> <span class='ocrx_word' id='word_1_298' title='bbox 788 2000 857 2055; x_wconf 85' lang='lat' dir='ltr'><strong>loco.</strong></span> <span class='ocrx_word' id='word_1_299' title='bbox 873 2017 898 2056; x_wconf 93' lang='lat' dir='ltr'><strong>v.</strong></span> <span class='ocrx_word' id='word_1_300' title='bbox 918 2008 943 2057; x_wconf 84' lang='lat'><strong>5.</strong></span> <span class='ocrx_word' id='word_1_301' title='bbox 962 2000 1076 2056; x_wconf 87' lang='lat' dir='ltr'><strong>dixerit:</strong></span> <span class='ocrx_word' id='word_1_302' title='bbox 1103 2001 1169 2052; x_wconf 83' lang='lat' dir='ltr'><strong>dam</strong></span> <span class='ocrx_word' id='word_1_303' title='bbox 1180 1999 1375 2068; x_wconf 72' lang='lat' dir='ltr'><strong>judicabant!</strong></span> <span class='ocrx_word' id='word_1_304' title='bbox 1393 2005 1420 2052; x_wconf 86' lang='lat' dir='ltr'><strong>ct</strong></span> <span class='ocrx_word' id='word_1_305' title='bbox 1437 1999 1531 2068; x_wconf 81' lang='lat' dir='ltr'><strong>siper</strong></span> <span class='ocrx_word' id='word_1_306' title='bbox 1550 2015 1597 2052; x_wconf 84' lang='lat' dir='ltr'><strong>uos</strong></span> <span class='ocrx_word' id='word_1_307' title='bbox 1615 2000 1736 2051; x_wconf 74' lang='lat' dir='ltr'><strong>arandus</strong></span> <span class='ocrx_word' id='word_1_308' title='bbox 1747 1997 1937 2066; x_wconf 76' lang='lat' dir='ltr'><strong>judicabitur,</strong></span> 
     </span>
     <span class='ocr_line' id='line_1_22' title="bbox 244 2083 1937 2157; baseline -0.004 -15"><span class='ocrx_word' id='word_1_309' title='bbox 244 2085 292 2142; x_wconf 72' lang='lat' dir='ltr'><strong>sic</strong></span> <span class='ocrx_word' id='word_1_310' title='bbox 312 2103 367 2139; x_wconf 91' lang='lat' dir='ltr'><strong>non</strong></span> <span class='ocrx_word' id='word_1_311' title='bbox 386 2093 425 2140; x_wconf 86' lang='lat' dir='ltr'><strong>cst</strong></span> <span class='ocrx_word' id='word_1_312' title='bbox 441 2086 514 2139; x_wconf 81' lang='lat' dir='ltr'><strong>inter</strong></span> <span class='ocrx_word' id='word_1_313' title='bbox 529 2103 578 2141; x_wconf 87' lang='lat' dir='ltr'><strong>eos</strong></span> <span class='ocrx_word' id='word_1_314' title='bbox 601 2087 715 2155; x_wconf 77' lang='lat' dir='ltr'><strong>sapiens</strong></span> <span class='ocrx_word' id='word_1_315' title='bbox 734 2087 896 2155; x_wconf 74' lang='lat' dir='ltr'><strong>quisquam,</strong></span> <span class='ocrx_word' id='word_1_316' title='bbox 922 2089 972 2156; x_wconf 76' lang='lat' dir='ltr'><strong>qai</strong></span> <span class='ocrx_word' id='word_1_317' title='bbox 985 2090 1076 2157; x_wconf 81' lang='lat' dir='ltr'><strong>possit</strong></span> <span class='ocrx_word' id='word_1_318' title='bbox 1103 2084 1216 2152; x_wconf 78' lang='lat' dir='ltr'><strong>indipni</strong></span> <span class='ocrx_word' id='word_1_319' title='bbox 1232 2085 1299 2141; x_wconf 79' lang='lat' dir='ltr'><strong>estis</strong></span> <span class='ocrx_word' id='word_1_320' title='bbox 1316 2085 1438 2139; x_wconf 80' lang='lat' dir='ltr'><strong>minimis</strong></span> <span class='ocrx_word' id='word_1_321' title='bbox 1456 2085 1593 2151; x_wconf 60' lang='lat' dir='ltr'><strong>securior</strong></span> <span class='ocrx_word' id='word_1_322' title='bbox 1611 2101 1648 2139; x_wconf 91' lang='lat' dir='ltr'><strong>an</strong></span> <span class='ocrx_word' id='word_1_323' title='bbox 1665 2083 1809 2155; x_wconf 87' lang='lat' dir='ltr'><strong>ignoratis,</strong></span> <span class='ocrx_word' id='word_1_324' title='bbox 1827 2083 1887 2139; x_wconf 83' lang='lat' dir='ltr'><strong>iore</strong></span> <span class='ocrx_word' id='word_1_325' title='bbox 1905 2088 1937 2136; x_wconf 90' lang='lat' dir='ltr'><strong>nt</strong></span> 
     </span>
     <span class='ocr_line' id='line_1_23' title="bbox 236 2170 1937 2243; baseline -0.001 -19"><span class='ocrx_word' id='word_1_326' title='bbox 236 2173 374 2242; x_wconf 76' lang='lat' dir='ltr'><strong>judicare</strong></span> <span class='ocrx_word' id='word_1_327' title='bbox 395 2173 468 2226; x_wconf 81' lang='lat' dir='ltr'><strong>inter</strong></span> <span class='ocrx_word' id='word_1_328' title='bbox 486 2174 609 2235; x_wconf 73' lang='lat' dir='ltr'><strong>fratrem</strong></span> <span class='ocrx_word' id='word_1_329' title='bbox 629 2189 723 2240; x_wconf 73' lang='lat' dir='ltr'><strong>mam,</strong></span> <span class='ocrx_word' id='word_1_330' title='bbox 749 2173 824 2243; x_wconf 88' lang='lat' dir='ltr'><strong>quod</strong></span> <span class='ocrx_word' id='word_1_331' title='bbox 854 2173 944 2243; x_wconf 89' lang='lat' dir='ltr'><strong>ipsum</strong></span> <span class='ocrx_word' id='word_1_332' title='bbox 964 2174 1021 2228; x_wconf 87' lang='lat' dir='ltr'><strong>sive</strong></span> <span class='ocrx_word' id='word_1_333' title='bbox 1042 2174 1077 2228; x_wconf 92' lang='lat' dir='ltr'><strong>de</strong></span> <span class='ocrx_word' id='word_1_334' title='bbox 1103 2171 1218 2243; x_wconf 81' lang='lat' dir='ltr'><strong>angelos</strong></span> <span class='ocrx_word' id='word_1_335' title='bbox 1232 2170 1399 2241; x_wconf 84' lang='lat' dir='ltr'><strong>judicemus,</strong></span> <span class='ocrx_word' id='word_1_336' title='bbox 1418 2173 1521 2228; x_wconf 91' lang='lat' dir='ltr'><strong>nedum</strong></span> <span class='ocrx_word' id='word_1_337' title='bbox 1533 2177 1566 2227; x_wconf 90' lang='lat' dir='ltr'><strong>ut</strong></span> <span class='ocrx_word' id='word_1_338' title='bbox 1575 2171 1707 2240; x_wconf 68' lang='grc' dir='ltr'><strong>βιωιιαάῖ</strong></span> <span class='ocrx_word' id='word_1_339' title='bbox 1727 2189 1800 2243; x_wconf 90' lang='lat' dir='ltr'><strong>quae</strong></span> <span class='ocrx_word' id='word_1_340' title='bbox 1814 2171 1851 2226; x_wconf 91' lang='lat' dir='ltr'><strong>ad</strong></span> <span class='ocrx_word' id='word_1_341' title='bbox 1864 2170 1937 2225; x_wconf 80' lang='lat' dir='ltr'><strong>lianc</strong></span> 
     </span>
     <span class='ocr_line' id='line_1_24' title="bbox 241 2256 1937 2329; baseline -0.002 -15"><span class='ocrx_word' id='word_1_342' title='bbox 241 2258 403 2326; x_wconf 90' lang='lat' dir='ltr'><strong>ordinariis,</strong></span> <span class='ocrx_word' id='word_1_343' title='bbox 427 2258 485 2313; x_wconf 92' lang='lat' dir='ltr'><strong>sive</strong></span> <span class='ocrx_word' id='word_1_344' title='bbox 513 2258 665 2313; x_wconf 89' lang='lat' dir='ltr'><strong>arbitrariis</strong></span> <span class='ocrx_word' id='word_1_345' title='bbox 688 2259 831 2329; x_wconf 88' lang='lat' dir='ltr'><strong>jndicibus</strong></span> <span class='ocrx_word' id='word_1_346' title='bbox 855 2276 888 2314; x_wconf 92' lang='lat' dir='ltr'><strong>ex</strong></span> <span class='ocrx_word' id='word_1_347' title='bbox 913 2259 1076 2315; x_wconf 85' lang='lat' dir='ltr'><strong>Christianis</strong></span> <span class='ocrx_word' id='word_1_348' title='bbox 1104 2257 1189 2311; x_wconf 89' lang='lat' dir='ltr'><strong>vitam</strong></span> <span class='ocrx_word' id='word_1_349' title='bbox 1206 2258 1346 2328; x_wconf 87' lang='lat' dir='ltr'><strong>pertinent</strong></span> <span class='ocrx_word' id='word_1_350' title='bbox 1368 2257 1475 2314; x_wconf 89' lang='lat' dir='ltr'><strong>scilicet</strong></span> <span class='ocrx_word' id='word_1_351' title='bbox 1499 2275 1554 2313; x_wconf 93' lang='lat' dir='ltr'><strong>non</strong></span> <span class='ocrx_word' id='word_1_352' title='bbox 1570 2258 1735 2328; x_wconf 89' lang='lat' dir='ltr'><strong>judicemus.</strong></span> <span class='ocrx_word' id='word_1_353' title='bbox 1773 2256 1829 2313; x_wconf 77' lang='lat' dir='ltr'><strong>Sed</strong></span> <span class='ocrx_word' id='word_1_354' title='bbox 1849 2265 1937 2325; x_wconf 71' lang='grc' dir='ltr'><em>βιωτι-</em></span> 
     </span>
     <span class='ocr_line' id='line_1_25' title="bbox 242 2343 1939 2416; baseline -0.004 -14"><span class='ocrx_word' id='word_1_355' title='bbox 242 2345 377 2416; x_wconf 89' lang='lat' dir='ltr'><strong>eligendis</strong></span> <span class='ocrx_word' id='word_1_356' title='bbox 413 2344 579 2415; x_wconf 87' lang='lat' dir='ltr'><strong>accipiatur,</strong></span> <span class='ocrx_word' id='word_1_357' title='bbox 615 2351 709 2400; x_wconf 89' lang='lat' dir='ltr'><strong>tamen</strong></span> <span class='ocrx_word' id='word_1_358' title='bbox 743 2345 866 2401; x_wconf 82' lang='lat' dir='ltr'><strong>officinm</strong></span> <span class='ocrx_word' id='word_1_359' title='bbox 897 2344 1077 2416; x_wconf 87' lang='lat' dir='ltr'><strong>judiciarium</strong></span> <span class='ocrx_word' id='word_1_360' title='bbox 1104 2343 1154 2399; x_wconf 79' lang='grc' dir='ltr'><strong>κόν</strong></span> <span class='ocrx_word' id='word_1_361' title='bbox 1170 2344 1281 2414; x_wconf 89' lang='lat' dir='ltr'><strong>proprie</strong></span> <span class='ocrx_word' id='word_1_362' title='bbox 1300 2351 1355 2408; x_wconf 87' lang='lat' dir='ltr'><strong>est,</strong></span> <span class='ocrx_word' id='word_1_363' title='bbox 1379 2344 1455 2414; x_wconf 89' lang='lat' dir='ltr'><strong>quod</strong></span> <span class='ocrx_word' id='word_1_364' title='bbox 1476 2344 1512 2399; x_wconf 86' lang='lat' dir='ltr'><strong>sd</strong></span> <span class='ocrx_word' id='word_1_365' title='bbox 1539 2343 1643 2399; x_wconf 89' lang='lat' dir='ltr'><strong>victum</strong></span> <span class='ocrx_word' id='word_1_366' title='bbox 1663 2351 1691 2398; x_wconf 95' lang='lat' dir='ltr'><strong>et</strong></span> <span class='ocrx_word' id='word_1_367' title='bbox 1709 2344 1939 2399; x_wconf 87' lang='lat' dir='ltr'><strong>sustentationem</strong></span> 
     </span>
     <span class='ocr_line' id='line_1_26' title="bbox 243 2429 1939 2504; baseline 0.001 -20"><span class='ocrx_word' id='word_1_368' title='bbox 243 2431 345 2502; x_wconf 87' lang='lat' dir='ltr'><strong>probat</strong></span> <span class='ocrx_word' id='word_1_369' title='bbox 366 2448 399 2485; x_wconf 87' lang='lat' dir='ltr'><strong>ac</strong></span> <span class='ocrx_word' id='word_1_370' title='bbox 425 2430 539 2498; x_wconf 88' lang='lat' dir='ltr'><strong>stabilit,</strong></span> <span class='ocrx_word' id='word_1_371' title='bbox 561 2437 656 2485; x_wconf 89' lang='lat' dir='ltr'><strong>censet</strong></span> <span class='ocrx_word' id='word_1_372' title='bbox 675 2430 763 2502; x_wconf 88' lang='lat' dir='ltr'><strong>enim,</strong></span> <span class='ocrx_word' id='word_1_373' title='bbox 789 2431 980 2502; x_wconf 86' lang='lat' dir='ltr'><strong>prudentiores</strong></span> <span class='ocrx_word' id='word_1_374' title='bbox 997 2450 1078 2503; x_wconf 90' lang='lat' dir='ltr'><strong>qnos·</strong></span> <span class='ocrx_word' id='word_1_375' title='bbox 1104 2430 1188 2500; x_wconf 75' lang='lat' dir='ltr'><strong>hujus</strong></span> <span class='ocrx_word' id='word_1_376' title='bbox 1205 2431 1277 2487; x_wconf 87' lang='lat' dir='ltr'><strong>vitae</strong></span> <span class='ocrx_word' id='word_1_377' title='bbox 1294 2429 1421 2502; x_wconf 90' lang='lat' dir='ltr'><strong>pertinet,</strong></span> <span class='ocrx_word' id='word_1_378' title='bbox 1438 2430 1513 2485; x_wconf 91' lang='lat' dir='ltr'><strong>unde</strong></span> <span class='ocrx_word' id='word_1_379' title='bbox 1529 2434 1662 2504; x_wconf 77' lang='grc' dir='ltr'><strong>μέριμναι</strong></span> <span class='ocrx_word' id='word_1_380' title='bbox 1678 2438 1805 2498; x_wconf 68' lang='lat' dir='ltr'><strong>firmarat</strong></span> <span class='ocrx_word' id='word_1_381' title='bbox 1815 2429 1885 2486; x_wconf 90' lang='lat' dir='ltr'><strong>Luc.</strong></span> <span class='ocrx_word' id='word_1_382' title='bbox 1898 2436 1939 2494; x_wconf 80' lang='grc'><strong>21,</strong></span> 
     </span>
     <span class='ocr_line' id='line_1_27' title="bbox 244 2516 1939 2589; baseline -0.002 -16"><span class='ocrx_word' id='word_1_383' title='bbox 244 2519 309 2573; x_wconf 89' lang='lat' dir='ltr'><strong>dam</strong></span> <span class='ocrx_word' id='word_1_384' title='bbox 334 2534 368 2572; x_wconf 93' lang='lat' dir='ltr'><strong>ex</strong></span> <span class='ocrx_word' id='word_1_385' title='bbox 394 2517 558 2572; x_wconf 82' lang='lat' dir='ltr'><strong>Christianis</strong></span> <span class='ocrx_word' id='word_1_386' title='bbox 584 2516 736 2572; x_wconf 88' lang='lat' dir='ltr'><strong>Corinthiis</strong></span> <span class='ocrx_word' id='word_1_387' title='bbox 753 2517 917 2589; x_wconf 81' lang='lat' dir='ltr'><strong>deligendos</strong></span> <span class='ocrx_word' id='word_1_388' title='bbox 935 2535 1011 2589; x_wconf 85' lang='lat' dir='ltr'><strong>esse,</strong></span> <span class='ocrx_word' id='word_1_389' title='bbox 1030 2520 1078 2589; x_wconf 90' lang='lat' dir='ltr'><strong>qui</strong></span> <span class='ocrx_word' id='word_1_390' title='bbox 1104 2536 1130 2572; x_wconf 90' lang='lat' dir='ltr'><strong>v.</strong></span> <span class='ocrx_word' id='word_1_391' title='bbox 1156 2522 1198 2574; x_wconf 78' lang='grc'><strong>34.</strong></span> <span class='ocrx_word' id='word_1_392' title='bbox 1227 2522 1292 2574; x_wconf 91' lang='lat' dir='ltr'><strong>sunt</strong></span> <span class='ocrx_word' id='word_1_393' title='bbox 1313 2534 1397 2573; x_wconf 88' lang='lat' dir='ltr'><strong>curae</strong></span> <span class='ocrx_word' id='word_1_394' title='bbox 1424 2518 1460 2573; x_wconf 91' lang='lat' dir='ltr'><strong>de</strong></span> <span class='ocrx_word' id='word_1_395' title='bbox 1482 2517 1571 2586; x_wconf 70' lang='lat' dir='ltr'><strong>victur,</strong></span> <span class='ocrx_word' id='word_1_396' title='bbox 1600 2523 1629 2572; x_wconf 90' lang='lat' dir='ltr'><strong>et</strong></span> <span class='ocrx_word' id='word_1_397' title='bbox 1655 2518 1684 2571; x_wconf 93' lang='lat' dir='ltr'><strong>in</strong></span> <span class='ocrx_word' id='word_1_398' title='bbox 1707 2533 1789 2572; x_wconf 90' lang='lat' dir='ltr'><strong>versu</strong></span> <span class='ocrx_word' id='word_1_399' title='bbox 1815 2517 1939 2588; x_wconf 91' lang='lat' dir='ltr'><strong>proxime</strong></span> 
     </span>
     <span class='ocr_line' id='line_1_28' title="bbox 242 2603 1936 2677; baseline 0.001 -19"><span class='ocrx_word' id='word_1_400' title='bbox 242 2604 371 2677; x_wconf 90' lang='lat' dir='ltr'><strong>judicent</strong></span> <span class='ocrx_word' id='word_1_401' title='bbox 383 2603 454 2658; x_wconf 89' lang='lat' dir='ltr'><strong>inter</strong></span> <span class='ocrx_word' id='word_1_402' title='bbox 473 2603 583 2667; x_wconf 72' lang='lat' dir='ltr'><strong>haum,</strong></span> <span class='ocrx_word' id='word_1_403' title='bbox 605 2621 722 2675; x_wconf 89' lang='lat' dir='ltr'><strong>querum</strong></span> <span class='ocrx_word' id='word_1_404' title='bbox 739 2603 809 2660; x_wconf 88' lang='lat' dir='ltr'><strong>alter</strong></span> <span class='ocrx_word' id='word_1_405' title='bbox 825 2603 862 2659; x_wconf 90' lang='lat' dir='ltr'><strong>ab</strong></span> <span class='ocrx_word' id='word_1_406' title='bbox 872 2604 959 2660; x_wconf 89' lang='lat' dir='ltr'><strong>altero</strong></span> <span class='ocrx_word' id='word_1_407' title='bbox 976 2605 1079 2676; x_wconf 91' lang='lat' dir='ltr'><strong>injuria</strong></span> <span class='ocrx_word' id='word_1_408' title='bbox 1105 2607 1288 2676; x_wconf 89' lang='lat' dir='ltr'><strong>praecedente</strong></span> <span class='ocrx_word' id='word_1_409' title='bbox 1303 2605 1336 2659; x_wconf 81' lang='grc' dir='ltr'><strong>τὰ</strong></span> <span class='ocrx_word' id='word_1_410' title='bbox 1350 2603 1463 2672; x_wconf 74' lang='grc' dir='ltr'><em>βιωτικά</em></span> <span class='ocrx_word' id='word_1_411' title='bbox 1474 2604 1523 2660; x_wconf 91' lang='lat' dir='ltr'><strong>illa</strong></span> <span class='ocrx_word' id='word_1_412' title='bbox 1534 2611 1670 2659; x_wconf 90' lang='lat' dir='ltr'><strong>vocantur</strong></span> <span class='ocrx_word' id='word_1_413' title='bbox 1680 2604 1819 2675; x_wconf 74' lang='grc' dir='ltr'><em>ἐλάχιστα.</em></span> <span class='ocrx_word' id='word_1_414' title='bbox 1849 2605 1936 2674; x_wconf 84' lang='lat' dir='ltr'><strong>Syrus</strong></span> 
     </span>
     <span class='ocr_line' id='line_1_29' title="bbox 245 2688 1939 2766; baseline 0 -21"><span class='ocrx_word' id='word_1_415' title='bbox 245 2708 275 2746; x_wconf 91' lang='lat' dir='ltr'><strong>se</strong></span> <span class='ocrx_word' id='word_1_416' title='bbox 293 2689 425 2745; x_wconf 85' lang='lat' dir='ltr'><strong>affectum</strong></span> <span class='ocrx_word' id='word_1_417' title='bbox 443 2695 537 2759; x_wconf 90' lang='lat' dir='ltr'><strong>putet,</strong></span> <span class='ocrx_word' id='word_1_418' title='bbox 560 2688 612 2744; x_wconf 90' lang='lat' dir='ltr'><strong>hoc</strong></span> <span class='ocrx_word' id='word_1_419' title='bbox 630 2707 694 2745; x_wconf 91' lang='lat' dir='ltr'><strong>vero</strong></span> <span class='ocrx_word' id='word_1_420' title='bbox 712 2696 767 2755; x_wconf 89' lang='lat' dir='ltr'><strong>est,</strong></span> <span class='ocrx_word' id='word_1_421' title='bbox 791 2691 865 2762; x_wconf 90' lang='lat' dir='ltr'><strong>quod</strong></span> <span class='ocrx_word' id='word_1_422' title='bbox 891 2693 1032 2762; x_wconf 90' lang='lat' dir='ltr'><strong>apostolus</strong></span> <span class='ocrx_word' id='word_1_423' title='bbox 1050 2692 1079 2746; x_wconf 88' lang='lat' dir='ltr'><strong>in</strong></span> <span class='ocrx_word' id='word_1_424' title='bbox 1106 2692 1227 2747; x_wconf 87' lang='lat' dir='ltr'><strong>reddidit</strong></span> <span class='ocrx_word' id='word_1_425' title='bbox 1244 2694 1378 2766; x_wconf 59' lang='grc' dir='ltr'><strong>ΝᾩῘξὶξῑ,</strong></span> <span class='ocrx_word' id='word_1_426' title='bbox 1398 2692 1536 2747; x_wconf 80' lang='lat' dir='ltr'><strong>minutula</strong></span> <span class='ocrx_word' id='word_1_427' title='bbox 1556 2692 1643 2747; x_wconf 90' lang='lat' dir='ltr'><strong>arad.</strong></span> <span class='ocrx_word' id='word_1_428' title='bbox 1664 2693 1725 2759; x_wconf 64' lang='grc' dir='ltr'><strong>ΡΡἹ</strong></span> <span class='ocrx_word' id='word_1_429' title='bbox 1746 2689 1856 2758; x_wconf 81' lang='lat' dir='ltr'><strong>minuit,</strong></span> <span class='ocrx_word' id='word_1_430' title='bbox 1872 2699 1939 2745; x_wconf 84' lang='lat' dir='ltr'><strong>cnc-</strong></span> 
     </span>
     <span class='ocr_line' id='line_1_30' title="bbox 245 2775 1939 2848; baseline 0 -15"><span class='ocrx_word' id='word_1_431' title='bbox 245 2776 394 2833; x_wconf 88' lang='lat' dir='ltr'><strong>Corinthiis</strong></span> <span class='ocrx_word' id='word_1_432' title='bbox 417 2780 496 2830; x_wconf 85' lang='lat' dir='ltr'><strong>taxat</strong></span> <span class='ocrx_word' id='word_1_433' title='bbox 512 2782 597 2846; x_wconf 89' lang='lat' dir='ltr'><strong>atque</strong></span> <span class='ocrx_word' id='word_1_434' title='bbox 613 2775 765 2847; x_wconf 89' lang='lat' dir='ltr'><strong>improbat,</strong></span> <span class='ocrx_word' id='word_1_435' title='bbox 794 2783 817 2833; x_wconf 93' lang='grc'><strong>1.</strong></span> <span class='ocrx_word' id='word_1_436' title='bbox 836 2781 913 2847; x_wconf 78' lang='lat' dir='ltr'><strong>qnod</strong></span> <span class='ocrx_word' id='word_1_437' title='bbox 932 2781 1036 2834; x_wconf 83' lang='lat' dir='ltr'><strong>damno</strong></span> <span class='ocrx_word' id='word_1_438' title='bbox 1054 2788 1080 2834; x_wconf 83' lang='lat' dir='ltr'><strong>et</strong></span> <span class='ocrx_word' id='word_1_439' title='bbox 1106 2779 1211 2834; x_wconf 80' lang='lat' dir='ltr'><strong>nascit</strong></span> <span class='ocrx_word' id='word_1_440' title='bbox 1258 2777 1362 2842; x_wconf 83' lang='lat' dir='ltr'><strong>Quodsi</strong></span> <span class='ocrx_word' id='word_1_441' title='bbox 1386 2778 1431 2833; x_wconf 91' lang='lat' dir='ltr'><strong>vel</strong></span> <span class='ocrx_word' id='word_1_442' title='bbox 1454 2778 1573 2833; x_wconf 85' lang='lat' dir='ltr'><strong>maxime</strong></span> <span class='ocrx_word' id='word_1_443' title='bbox 1599 2777 1766 2848; x_wconf 78' lang='lat' dir='ltr'><strong>generaliter</strong></span> <span class='ocrx_word' id='word_1_444' title='bbox 1786 2777 1939 2848; x_wconf 87' lang='lat' dir='ltr'><strong>accipiatur</strong></span> 
     </span>
     <span class='ocr_line' id='line_1_31' title="bbox 243 2862 1939 2936; baseline 0.001 -18"><span class='ocrx_word' id='word_1_445' title='bbox 243 2863 361 2933; x_wconf 76' lang='lat' dir='ltr'><strong>injuriis</strong></span> <span class='ocrx_word' id='word_1_446' title='bbox 383 2879 442 2916; x_wconf 84' lang='lat' dir='ltr'><strong>sese</strong></span> <span class='ocrx_word' id='word_1_447' title='bbox 463 2862 579 2916; x_wconf 77' lang='lat' dir='ltr'><strong>inuicem</strong></span> <span class='ocrx_word' id='word_1_448' title='bbox 598 2863 749 2932; x_wconf 68' lang='lat' dir='ltr'><strong>afficiant,</strong></span> <span class='ocrx_word' id='word_1_449' title='bbox 775 2881 837 2918; x_wconf 84' lang='lat' dir='ltr'><strong>cnm</strong></span> <span class='ocrx_word' id='word_1_450' title='bbox 852 2866 909 2919; x_wconf 80' lang='lat' dir='ltr'><strong>rint</strong></span> <span class='ocrx_word' id='word_1_451' title='bbox 925 2866 1033 2930; x_wconf 70' lang='lat' dir='ltr'><strong>fratres</strong></span> <span class='ocrx_word' id='word_1_452' title='bbox 1052 2873 1081 2921; x_wconf 90' lang='lat' dir='ltr'><strong>et</strong></span> <span class='ocrx_word' id='word_1_453' title='bbox 1108 2866 1141 2921; x_wconf 89' lang='lat' dir='ltr'><strong>de</strong></span> <span class='ocrx_word' id='word_1_454' title='bbox 1160 2865 1288 2921; x_wconf 90' lang='lat' dir='ltr'><strong>omnibus</strong></span> <span class='ocrx_word' id='word_1_455' title='bbox 1306 2865 1434 2936; x_wconf 87' lang='lat' dir='ltr'><strong>negotiis,</strong></span> <span class='ocrx_word' id='word_1_456' title='bbox 1452 2881 1524 2936; x_wconf 87' lang='lat' dir='ltr'><strong>quae</strong></span> <span class='ocrx_word' id='word_1_457' title='bbox 1542 2864 1579 2919; x_wconf 89' lang='lat' dir='ltr'><strong>ad</strong></span> <span class='ocrx_word' id='word_1_458' title='bbox 1598 2864 1671 2918; x_wconf 87' lang='lat' dir='ltr'><strong>hanc</strong></span> <span class='ocrx_word' id='word_1_459' title='bbox 1689 2863 1776 2918; x_wconf 91' lang='lat' dir='ltr'><strong>vitam</strong></span> <span class='ocrx_word' id='word_1_460' title='bbox 1791 2863 1939 2933; x_wconf 85' lang='lat' dir='ltr'><strong>pertinent,</strong></span> 
     </span>
     <span class='ocr_line' id='line_1_32' title="bbox 246 2948 1940 3023; baseline -0.001 -18"><span class='ocrx_word' id='word_1_461' title='bbox 246 2949 371 3020; x_wconf 86' lang='lat' dir='ltr'><strong>ejusdem</strong></span> <span class='ocrx_word' id='word_1_462' title='bbox 389 2948 456 3004; x_wconf 90' lang='lat' dir='ltr'><strong>fidei</strong></span> <span class='ocrx_word' id='word_1_463' title='bbox 476 2953 616 3003; x_wconf 88' lang='lat' dir='ltr'><strong>consertes</strong></span> <span class='ocrx_word' id='word_1_464' title='bbox 635 2953 702 3004; x_wconf 82' lang='lat' dir='ltr'><strong>v.8:</strong></span> <span class='ocrx_word' id='word_1_465' title='bbox 723 2948 802 3023; x_wconf 82' lang='grc' dir='ltr'><em>ὑμεῖς</em></span> <span class='ocrx_word' id='word_1_466' title='bbox 813 2948 932 3006; x_wconf 72' lang='grc' dir='ltr'><strong>ἀδικεῖτε</strong></span> <span class='ocrx_word' id='word_1_467' title='bbox 946 2956 992 3006; x_wconf 79' lang='lat' dir='ltr'><strong>xcl</strong></span> <span class='ocrx_word' id='word_1_468' title='bbox 1011 2951 1078 3007; x_wconf 77' lang='grc' dir='ltr'>ἄπο·</span> <span class='ocrx_word' id='word_1_469' title='bbox 1106 2960 1198 3008; x_wconf 77' lang='lat' dir='ltr'><strong>tamen</strong></span> <span class='ocrx_word' id='word_1_470' title='bbox 1229 2951 1258 3005; x_wconf 93' lang='lat' dir='ltr'><strong>id</strong></span> <span class='ocrx_word' id='word_1_471' title='bbox 1282 2952 1417 3006; x_wconf 81' lang='lat' dir='ltr'><strong>duntaxat</strong></span> <span class='ocrx_word' id='word_1_472' title='bbox 1438 2968 1472 3006; x_wconf 93' lang='lat' dir='ltr'><strong>ex</strong></span> <span class='ocrx_word' id='word_1_473' title='bbox 1500 2950 1551 3006; x_wconf 88' lang='lat' dir='ltr'><strong>hoc</strong></span> <span class='ocrx_word' id='word_1_474' title='bbox 1579 2950 1640 3005; x_wconf 90' lang='lat' dir='ltr'><strong>loco</strong></span> <span class='ocrx_word' id='word_1_475' title='bbox 1665 2950 1820 3021; x_wconf 83' lang='lat' dir='ltr'><strong>colligitur,</strong></span> <span class='ocrx_word' id='word_1_476' title='bbox 1847 2949 1940 3004; x_wconf 88' lang='lat' dir='ltr'><strong>omnia</strong></span> 
     </span>
     <span class='ocr_line' id='line_1_33' title="bbox 245 3034 1938 3110; baseline -0.001 -19"><span class='ocrx_word' id='word_1_477' title='bbox 245 3043 362 3109; x_wconf 81' lang='grc' dir='ltr'><em>στερτῖτε</em></span> <span class='ocrx_word' id='word_1_478' title='bbox 380 3041 426 3090; x_wconf 82' lang='grc' dir='ltr'><strong>καὶ</strong></span> <span class='ocrx_word' id='word_1_479' title='bbox 444 3038 529 3090; x_wconf 83' lang='grc' dir='ltr'><em>ταῦτα</em></span> <span class='ocrx_word' id='word_1_480' title='bbox 549 3034 696 3108; x_wconf 69' lang='grc' dir='ltr'><strong>ἀδελφούς,</strong></span> <span class='ocrx_word' id='word_1_481' title='bbox 714 3055 763 3092; x_wconf 87' lang='lat' dir='ltr'><strong>nos</strong></span> <span class='ocrx_word' id='word_1_482' title='bbox 781 3039 919 3106; x_wconf 82' lang='lat' dir='ltr'><strong>injuriam</strong></span> <span class='ocrx_word' id='word_1_483' title='bbox 935 3040 1036 3104; x_wconf 78' lang='lat' dir='ltr'><strong>fecitis</strong></span> <span class='ocrx_word' id='word_1_484' title='bbox 1055 3048 1080 3093; x_wconf 91' lang='lat' dir='ltr'><strong>ct</strong></span> <span class='ocrx_word' id='word_1_485' title='bbox 1105 3039 1184 3110; x_wconf 89' lang='lat' dir='ltr'><strong>prius</strong></span> <span class='ocrx_word' id='word_1_486' title='bbox 1199 3038 1334 3094; x_wconf 87' lang='lat' dir='ltr'><strong>tentanda</strong></span> <span class='ocrx_word' id='word_1_487' title='bbox 1351 3038 1503 3093; x_wconf 90' lang='lat' dir='ltr'><strong>esseetiam</strong></span> <span class='ocrx_word' id='word_1_488' title='bbox 1515 3037 1543 3091; x_wconf 92' lang='lat' dir='ltr'><strong>in</strong></span> <span class='ocrx_word' id='word_1_489' title='bbox 1559 3037 1683 3092; x_wconf 88' lang='lat' dir='ltr'><strong>maximis</strong></span> <span class='ocrx_word' id='word_1_490' title='bbox 1708 3036 1832 3107; x_wconf 82' lang='lat' dir='ltr'><strong>injuriis,</strong></span> <span class='ocrx_word' id='word_1_491' title='bbox 1855 3053 1938 3107; x_wconf 89' lang='lat' dir='ltr'><strong>quam</strong></span> 
     </span>
     <span class='ocr_line' id='line_1_34' title="bbox 238 3123 1939 3196; baseline 0.001 -18"><span class='ocrx_word' id='word_1_492' title='bbox 238 3124 402 3194; x_wconf 72' lang='lat' dir='ltr'><strong>fraudatos,</strong></span> <span class='ocrx_word' id='word_1_493' title='bbox 421 3125 506 3192; x_wconf 79' lang='lat' dir='ltr'><strong>idque</strong></span> <span class='ocrx_word' id='word_1_494' title='bbox 524 3125 642 3187; x_wconf 84' lang='lat' dir='ltr'><strong>fratres.</strong></span> <span class='ocrx_word' id='word_1_495' title='bbox 677 3123 752 3196; x_wconf 89' lang='lat' dir='ltr'><strong>Ergo</strong></span> <span class='ocrx_word' id='word_1_496' title='bbox 773 3142 829 3180; x_wconf 92' lang='lat' dir='ltr'><strong>non</strong></span> <span class='ocrx_word' id='word_1_497' title='bbox 847 3125 1009 3196; x_wconf 90' lang='lat' dir='ltr'><strong>simpliciter</strong></span> <span class='ocrx_word' id='word_1_498' title='bbox 1028 3126 1080 3181; x_wconf 92' lang='lat' dir='ltr'><strong>hoc</strong></span> <span class='ocrx_word' id='word_1_499' title='bbox 1107 3126 1144 3181; x_wconf 91' lang='lat' dir='ltr'><strong>ad</strong></span> <span class='ocrx_word' id='word_1_500' title='bbox 1168 3126 1232 3180; x_wconf 89' lang='lat' dir='ltr'><strong>lites</strong></span> <span class='ocrx_word' id='word_1_501' title='bbox 1252 3123 1390 3179; x_wconf 84' lang='lat' dir='ltr'><strong>eliorum</strong></span> <span class='ocrx_word' id='word_1_502' title='bbox 1409 3129 1502 3193; x_wconf 90' lang='lat' dir='ltr'><strong>eatur,</strong></span> <span class='ocrx_word' id='word_1_503' title='bbox 1526 3141 1562 3180; x_wconf 92' lang='lat' dir='ltr'><strong>ne</strong></span> <span class='ocrx_word' id='word_1_504' title='bbox 1579 3123 1703 3179; x_wconf 90' lang='lat' dir='ltr'><strong>homines</strong></span> <span class='ocrx_word' id='word_1_505' title='bbox 1723 3140 1808 3194; x_wconf 89' lang='lat' dir='ltr'><strong>saepe</strong></span> <span class='ocrx_word' id='word_1_506' title='bbox 1828 3129 1939 3180; x_wconf 87' lang='lat' dir='ltr'><strong>conten·</strong></span> 
     </span>
     <span class='ocr_line' id='line_1_35' title="bbox 246 3209 1940 3284; baseline -0.002 -18"><span class='ocrx_word' id='word_1_507' title='bbox 246 3213 356 3267; x_wconf 91' lang='lat' dir='ltr'><strong>nomine</strong></span> <span class='ocrx_word' id='word_1_508' title='bbox 379 3209 536 3266; x_wconf 86' lang='lat' dir='ltr'><strong>Corinthios</strong></span> <span class='ocrx_word' id='word_1_509' title='bbox 565 3210 755 3280; x_wconf 88' lang='lat' dir='ltr'><strong>reprehendit,</strong></span> <span class='ocrx_word' id='word_1_510' title='bbox 778 3213 852 3284; x_wconf 90' lang='lat' dir='ltr'><strong>quod</strong></span> <span class='ocrx_word' id='word_1_511' title='bbox 874 3213 981 3283; x_wconf 88' lang='lat' dir='ltr'><strong>judicia</strong></span> <span class='ocrx_word' id='word_1_512' title='bbox 1005 3230 1080 3268; x_wconf 84' lang='lat' dir='ltr'><strong>exer·</strong></span> <span class='ocrx_word' id='word_1_513' title='bbox 1107 3211 1199 3266; x_wconf 89' lang='lat' dir='ltr'><strong>dendo</strong></span> <span class='ocrx_word' id='word_1_514' title='bbox 1223 3211 1332 3267; x_wconf 90' lang='lat' dir='ltr'><strong>discant</strong></span> <span class='ocrx_word' id='word_1_515' title='bbox 1355 3211 1417 3266; x_wconf 89' lang='lat' dir='ltr'><strong>aliis</strong></span> <span class='ocrx_word' id='word_1_516' title='bbox 1438 3211 1554 3281; x_wconf 90' lang='lat' dir='ltr'><strong>injurias</strong></span> <span class='ocrx_word' id='word_1_517' title='bbox 1573 3211 1690 3279; x_wconf 81' lang='lat' dir='ltr'><strong>inferre,</strong></span> <span class='ocrx_word' id='word_1_518' title='bbox 1713 3211 1788 3282; x_wconf 91' lang='lat' dir='ltr'><strong>quod</strong></span> <span class='ocrx_word' id='word_1_519' title='bbox 1805 3210 1897 3281; x_wconf 90' lang='lat' dir='ltr'><strong>ipsum</strong></span> <span class='ocrx_word' id='word_1_520' title='bbox 1911 3217 1940 3265; x_wconf 89' lang='lat' dir='ltr'><strong>et</strong></span> 
     </span>
     <span class='ocr_line' id='line_1_36' title="bbox 247 3295 1939 3370; baseline -0.002 -17"><span class='ocrx_word' id='word_1_521' title='bbox 247 3302 330 3354; x_wconf 86' lang='lat' dir='ltr'><strong>ceant</strong></span> <span class='ocrx_word' id='word_1_522' title='bbox 348 3305 377 3354; x_wconf 94' lang='lat' dir='ltr'><strong>et</strong></span> <span class='ocrx_word' id='word_1_523' title='bbox 389 3297 417 3352; x_wconf 94' lang='lat' dir='ltr'><strong>in</strong></span> <span class='ocrx_word' id='word_1_524' title='bbox 428 3295 489 3351; x_wconf 90' lang='lat' dir='ltr'><strong>foro</strong></span> <span class='ocrx_word' id='word_1_525' title='bbox 506 3297 683 3366; x_wconf 85' lang='lat' dir='ltr'><strong>contendant,</strong></span> <span class='ocrx_word' id='word_1_526' title='bbox 703 3298 752 3353; x_wconf 86' lang='lat' dir='ltr'><strong>sed</strong></span> <span class='ocrx_word' id='word_1_527' title='bbox 772 3298 846 3370; x_wconf 89' lang='lat' dir='ltr'><strong>qnod</strong></span> <span class='ocrx_word' id='word_1_528' title='bbox 859 3298 930 3355; x_wconf 90' lang='lat' dir='ltr'><strong>alter</strong></span> <span class='ocrx_word' id='word_1_529' title='bbox 943 3299 1024 3356; x_wconf 87' lang='lat' dir='ltr'><strong>alteri</strong></span> <span class='ocrx_word' id='word_1_530' title='bbox 1040 3300 1080 3355; x_wconf 93' lang='lat' dir='ltr'><strong>in·</strong></span> <span class='ocrx_word' id='word_1_531' title='bbox 1106 3297 1176 3352; x_wconf 90' lang='lat' dir='ltr'><strong>nihil</strong></span> <span class='ocrx_word' id='word_1_532' title='bbox 1194 3297 1270 3352; x_wconf 91' lang='lat' dir='ltr'><strong>aliud</strong></span> <span class='ocrx_word' id='word_1_533' title='bbox 1289 3316 1322 3351; x_wconf 92' lang='lat' dir='ltr'><strong>ex</strong></span> <span class='ocrx_word' id='word_1_534' title='bbox 1344 3296 1397 3351; x_wconf 89' lang='lat' dir='ltr'><strong>hoc</strong></span> <span class='ocrx_word' id='word_1_535' title='bbox 1418 3296 1478 3352; x_wconf 91' lang='lat' dir='ltr'><strong>loco</strong></span> <span class='ocrx_word' id='word_1_536' title='bbox 1496 3296 1678 3353; x_wconf 87' lang='lat' dir='ltr'><strong>Schmaltzins</strong></span> <span class='ocrx_word' id='word_1_537' title='bbox 1699 3297 1820 3369; x_wconf 89' lang='lat' dir='ltr'><strong>colligit,</strong></span> <span class='ocrx_word' id='word_1_538' title='bbox 1843 3302 1873 3352; x_wconf 92' lang='lat' dir='ltr'><strong>et</strong></span> <span class='ocrx_word' id='word_1_539' title='bbox 1890 3312 1939 3351; x_wconf 87' lang='lat' dir='ltr'><strong>nos</strong></span> 
     </span>
     <span class='ocr_line' id='line_1_37' title="bbox 243 3383 1941 3457; baseline -0.002 -17"><span class='ocrx_word' id='word_1_540' title='bbox 243 3385 348 3456; x_wconf 77' lang='lat' dir='ltr'><strong>juniam</strong></span> <span class='ocrx_word' id='word_1_541' title='bbox 375 3383 477 3438; x_wconf 85' lang='lat' dir='ltr'><strong>inserat</strong></span> <span class='ocrx_word' id='word_1_542' title='bbox 502 3389 531 3437; x_wconf 91' lang='lat' dir='ltr'><strong>et</strong></span> <span class='ocrx_word' id='word_1_543' title='bbox 549 3383 650 3437; x_wconf 91' lang='lat' dir='ltr'><strong>damno</strong></span> <span class='ocrx_word' id='word_1_544' title='bbox 668 3383 786 3450; x_wconf 85' lang='lat' dir='ltr'><strong>afficiat,</strong></span> <span class='ocrx_word' id='word_1_545' title='bbox 815 3385 888 3441; x_wconf 90' lang='lat' dir='ltr'><strong>unde</strong></span> <span class='ocrx_word' id='word_1_546' title='bbox 905 3387 1080 3457; x_wconf 85' lang='lat' dir='ltr'><strong>postmodnm</strong></span> <span class='ocrx_word' id='word_1_547' title='bbox 1107 3385 1189 3439; x_wconf 85' lang='lat' dir='ltr'><strong>facile</strong></span> <span class='ocrx_word' id='word_1_548' title='bbox 1218 3383 1408 3452; x_wconf 88' lang='lat' dir='ltr'><strong>concedimus,</strong></span> <span class='ocrx_word' id='word_1_549' title='bbox 1438 3401 1494 3438; x_wconf 90' lang='lat' dir='ltr'><strong>non</strong></span> <span class='ocrx_word' id='word_1_550' title='bbox 1522 3389 1616 3439; x_wconf 91' lang='lat' dir='ltr'><strong>autem</strong></span> <span class='ocrx_word' id='word_1_551' title='bbox 1648 3385 1722 3455; x_wconf 89' lang='lat' dir='ltr'><strong>quod</strong></span> <span class='ocrx_word' id='word_1_552' title='bbox 1754 3383 1884 3440; x_wconf 90' lang='lat' dir='ltr'><strong>absolute</strong></span> <span class='ocrx_word' id='word_1_553' title='bbox 1913 3390 1941 3439; x_wconf 90' lang='lat' dir='ltr'><strong>et</strong></span> 
     </span>
     <span class='ocr_line' id='line_1_38' title="bbox 250 3469 1939 3544; baseline -0.001 -18"><span class='ocrx_word' id='word_1_554' title='bbox 250 3473 286 3526; x_wconf 89' lang='lat' dir='ltr'><strong>ad</strong></span> <span class='ocrx_word' id='word_1_555' title='bbox 301 3471 410 3540; x_wconf 91' lang='lat' dir='ltr'><strong>judicia</strong></span> <span class='ocrx_word' id='word_1_556' title='bbox 433 3470 641 3541; x_wconf 87' lang='lat' dir='ltr'><strong>pertrahantur,</strong></span> <span class='ocrx_word' id='word_1_557' title='bbox 670 3471 847 3542; x_wconf 86' lang='lat' dir='ltr'><strong>reprehendit</strong></span> <span class='ocrx_word' id='word_1_558' title='bbox 869 3472 955 3544; x_wconf 87' lang='lat' dir='ltr'><strong>igitur</strong></span> <span class='ocrx_word' id='word_1_559' title='bbox 972 3481 1080 3528; x_wconf 86' lang='lat' dir='ltr'><strong>antece·</strong></span> <span class='ocrx_word' id='word_1_560' title='bbox 1107 3470 1268 3541; x_wconf 87' lang='lat' dir='ltr'><strong>simpliciter</strong></span> <span class='ocrx_word' id='word_1_561' title='bbox 1294 3470 1464 3541; x_wconf 88' lang='lat' dir='ltr'><strong>prohibitum</strong></span> <span class='ocrx_word' id='word_1_562' title='bbox 1486 3470 1524 3525; x_wconf 89' lang='lat' dir='ltr'><strong>sit</strong></span> <span class='ocrx_word' id='word_1_563' title='bbox 1541 3471 1577 3525; x_wconf 88' lang='lat' dir='ltr'><strong>ad</strong></span> <span class='ocrx_word' id='word_1_564' title='bbox 1595 3470 1684 3525; x_wconf 85' lang='lat' dir='ltr'><strong>iorum</strong></span> <span class='ocrx_word' id='word_1_565' title='bbox 1711 3477 1739 3525; x_wconf 92' lang='lat' dir='ltr'><strong>et</strong></span> <span class='ocrx_word' id='word_1_566' title='bbox 1756 3469 1880 3525; x_wconf 87' lang='lat' dir='ltr'><strong>tribunal</strong></span> <span class='ocrx_word' id='word_1_567' title='bbox 1894 3471 1939 3540; x_wconf 90' lang='lat' dir='ltr'><strong>ju·</strong></span> 
     </span>
     <span class='ocr_line' id='line_1_39' title="bbox 248 3556 1938 3630; baseline -0.002 -17"><span class='ocrx_word' id='word_1_568' title='bbox 248 3561 325 3623; x_wconf 82' lang='lat' dir='ltr'><strong>dens,</strong></span> <span class='ocrx_word' id='word_1_569' title='bbox 338 3575 393 3613; x_wconf 92' lang='lat' dir='ltr'><strong>non</strong></span> <span class='ocrx_word' id='word_1_570' title='bbox 404 3565 497 3612; x_wconf 89' lang='lat' dir='ltr'><strong>autem</strong></span> <span class='ocrx_word' id='word_1_571' title='bbox 509 3574 688 3627; x_wconf 81' lang='lat' dir='ltr'><strong>consequens,</strong></span> <span class='ocrx_word' id='word_1_572' title='bbox 700 3557 815 3628; x_wconf 90' lang='lat' dir='ltr'><strong>perinde</strong></span> <span class='ocrx_word' id='word_1_573' title='bbox 827 3564 859 3612; x_wconf 91' lang='lat' dir='ltr'><strong>ut</strong></span> <span class='ocrx_word' id='word_1_574' title='bbox 870 3559 1083 3630; x_wconf 87' lang='lat' dir='ltr'><strong>intemperentia</strong></span> <span class='ocrx_word' id='word_1_575' title='bbox 1108 3558 1177 3612; x_wconf 90' lang='lat' dir='ltr'><strong>dicis</strong></span> <span class='ocrx_word' id='word_1_576' title='bbox 1200 3557 1241 3612; x_wconf 91' lang='lat' dir='ltr'><strong>ire</strong></span> <span class='ocrx_word' id='word_1_577' title='bbox 1263 3572 1295 3611; x_wconf 90' lang='lat' dir='ltr'><strong>ac</strong></span> <span class='ocrx_word' id='word_1_578' title='bbox 1317 3556 1427 3627; x_wconf 87' lang='lat' dir='ltr'><strong>judicia</strong></span> <span class='ocrx_word' id='word_1_579' title='bbox 1451 3557 1503 3612; x_wconf 90' lang='lat' dir='ltr'><strong>snb</strong></span> <span class='ocrx_word' id='word_1_580' title='bbox 1527 3557 1691 3628; x_wconf 85' lang='lat' dir='ltr'><strong>magistratu</strong></span> <span class='ocrx_word' id='word_1_581' title='bbox 1718 3557 1832 3627; x_wconf 87' lang='lat' dir='ltr'><strong>politico</strong></span> <span class='ocrx_word' id='word_1_582' title='bbox 1849 3574 1938 3628; x_wconf 85' lang='lat' dir='ltr'><strong>agere.</strong></span> 
     </span>
     <span class='ocr_line' id='line_1_40' title="bbox 247 3643 1940 3715; baseline -0.001 -16"><span class='ocrx_word' id='word_1_583' title='bbox 247 3644 404 3699; x_wconf 89' lang='lat' dir='ltr'><strong>morborum</strong></span> <span class='ocrx_word' id='word_1_584' title='bbox 427 3650 515 3698; x_wconf 85' lang='lat' dir='ltr'><strong>mater</strong></span> <span class='ocrx_word' id='word_1_585' title='bbox 539 3644 636 3700; x_wconf 91' lang='lat' dir='ltr'><strong>merito</strong></span> <span class='ocrx_word' id='word_1_586' title='bbox 661 3645 884 3715; x_wconf 86' lang='lat' dir='ltr'><strong>reprehenditur,</strong></span> <span class='ocrx_word' id='word_1_587' title='bbox 910 3661 966 3701; x_wconf 91' lang='lat' dir='ltr'><strong>non</strong></span> <span class='ocrx_word' id='word_1_588' title='bbox 988 3653 1081 3702; x_wconf 72' lang='lat' dir='ltr'><strong>summ</strong></span> <span class='ocrx_word' id='word_1_589' title='bbox 1109 3652 1133 3703; x_wconf 88' lang='lat'><strong>3.</strong></span> <span class='ocrx_word' id='word_1_590' title='bbox 1150 3643 1318 3715; x_wconf 81' lang='lat' dir='ltr'><strong>Cumprimis</strong></span> <span class='ocrx_word' id='word_1_591' title='bbox 1347 3661 1412 3700; x_wconf 89' lang='lat' dir='ltr'><strong>vero</strong></span> <span class='ocrx_word' id='word_1_592' title='bbox 1437 3645 1578 3714; x_wconf 86' lang='lat' dir='ltr'><strong>apostolus</strong></span> <span class='ocrx_word' id='word_1_593' title='bbox 1602 3645 1632 3698; x_wconf 91' lang='lat' dir='ltr'><strong>in</strong></span> <span class='ocrx_word' id='word_1_594' title='bbox 1654 3643 1803 3700; x_wconf 73' lang='lat' dir='ltr'><strong>Connthiis</strong></span> <span class='ocrx_word' id='word_1_595' title='bbox 1828 3643 1880 3699; x_wconf 91' lang='lat' dir='ltr'><strong>hoc</strong></span> <span class='ocrx_word' id='word_1_596' title='bbox 1899 3660 1940 3699; x_wconf 93' lang='lat' dir='ltr'><strong>re·</strong></span> 
     </span>
     <span class='ocr_line' id='line_1_41' title="bbox 248 3729 1939 3803; baseline -0.001 -17"><span class='ocrx_word' id='word_1_597' title='bbox 248 3729 406 3786; x_wconf 88' lang='lat' dir='ltr'><strong>morborum</strong></span> <span class='ocrx_word' id='word_1_598' title='bbox 432 3730 567 3795; x_wconf 87' lang='lat' dir='ltr'><strong>remedia,</strong></span> <span class='ocrx_word' id='word_1_599' title='bbox 586 3748 641 3802; x_wconf 88' lang='lat' dir='ltr'><strong>quo</strong></span> <span class='ocrx_word' id='word_1_600' title='bbox 659 3730 754 3786; x_wconf 84' lang='lat' dir='ltr'><strong>referri</strong></span> <span class='ocrx_word' id='word_1_601' title='bbox 773 3730 856 3786; x_wconf 90' lang='lat' dir='ltr'><strong>etiam</strong></span> <span class='ocrx_word' id='word_1_602' title='bbox 875 3737 981 3802; x_wconf 89' lang='lat' dir='ltr'><strong>potest,</strong></span> <span class='ocrx_word' id='word_1_603' title='bbox 1006 3734 1081 3803; x_wconf 88' lang='lat' dir='ltr'><strong>qnod</strong></span> <span class='ocrx_word' id='word_1_604' title='bbox 1108 3730 1269 3801; x_wconf 91' lang='lat' dir='ltr'><strong>prehendit,</strong></span> <span class='ocrx_word' id='word_1_605' title='bbox 1295 3733 1371 3800; x_wconf 82' lang='lat' dir='ltr'><strong>qnod</strong></span> <span class='ocrx_word' id='word_1_606' title='bbox 1394 3730 1551 3800; x_wconf 64' lang='lat' dir='ltr'><strong>injuriaret</strong></span> <span class='ocrx_word' id='word_1_607' title='bbox 1572 3731 1778 3784; x_wconf 69' lang='lat' dir='ltr'><strong>domnoniam</strong></span> <span class='ocrx_word' id='word_1_608' title='bbox 1803 3731 1904 3785; x_wconf 78' lang='lat' dir='ltr'><strong>leniori</strong></span> <span class='ocrx_word' id='word_1_609' title='bbox 1921 3749 1939 3784; x_wconf 88' lang='lat' dir='ltr'><strong>a</strong></span> 
     </span>
     <span class='ocr_line' id='line_1_42' title="bbox 248 3815 1940 3888; baseline 0.001 -18"><span class='ocrx_word' id='word_1_610' title='bbox 248 3835 274 3871; x_wconf 96' lang='lat' dir='ltr'><strong>v.</strong></span> <span class='ocrx_word' id='word_1_611' title='bbox 294 3823 319 3871; x_wconf 84' lang='grc'><strong>7.</strong></span> <span class='ocrx_word' id='word_1_612' title='bbox 338 3815 491 3885; x_wconf 87' lang='lat' dir='ltr'><strong>praecedit,</strong></span> <span class='ocrx_word' id='word_1_613' title='bbox 510 3818 602 3871; x_wconf 78' lang='lat' dir='ltr'><strong>omnio</strong></span> <span class='ocrx_word' id='word_1_614' title='bbox 624 3819 750 3885; x_wconf 72' lang='lat' dir='ltr'><strong>desectae</strong></span> <span class='ocrx_word' id='word_1_615' title='bbox 768 3827 821 3886; x_wconf 86' lang='lat' dir='ltr'><strong>est,</strong></span> <span class='ocrx_word' id='word_1_616' title='bbox 845 3821 923 3888; x_wconf 78' lang='lat' dir='ltr'><strong>qaod</strong></span> <span class='ocrx_word' id='word_1_617' title='bbox 944 3820 1016 3874; x_wconf 82' lang='lat' dir='ltr'><strong>inter</strong></span> <span class='ocrx_word' id='word_1_618' title='bbox 1032 3838 1082 3875; x_wconf 85' lang='lat' dir='ltr'><strong>cos</strong></span> <span class='ocrx_word' id='word_1_619' title='bbox 1101 3820 1201 3886; x_wconf 83' lang='lat' dir='ltr'><strong>fratrs</strong></span> <span class='ocrx_word' id='word_1_620' title='bbox 1219 3818 1316 3887; x_wconf 81' lang='lat' dir='ltr'><strong>affecti</strong></span> <span class='ocrx_word' id='word_1_621' title='bbox 1333 3820 1373 3870; x_wconf 78' lang='lat' dir='ltr'><strong>art</strong></span> <span class='ocrx_word' id='word_1_622' title='bbox 1386 3817 1503 3885; x_wconf 77' lang='lat' dir='ltr'><strong>jarticss</strong></span> <span class='ocrx_word' id='word_1_623' title='bbox 1521 3818 1650 3887; x_wconf 78' lang='lat' dir='ltr'><strong>infideles</strong></span> <span class='ocrx_word' id='word_1_624' title='bbox 1666 3819 1724 3872; x_wconf 78' lang='lat' dir='ltr'><strong>ries</strong></span> <span class='ocrx_word' id='word_1_625' title='bbox 1735 3818 1858 3873; x_wconf 77' lang='lat' dir='ltr'><strong>ethnicos</strong></span> <span class='ocrx_word' id='word_1_626' title='bbox 1871 3835 1940 3887; x_wconf 78' lang='lat' dir='ltr'><strong>prc-</strong></span> 
     </span>
     <span class='ocr_line' id='line_1_43' title="bbox 248 3902 1940 3978; baseline 0.002 -23"><span class='ocrx_word' id='word_1_627' title='bbox 248 3902 360 3971; x_wconf 77' lang='lat' dir='ltr'><strong>jadics&#39;a</strong></span> <span class='ocrx_word' id='word_1_628' title='bbox 386 3902 508 3966; x_wconf 80' lang='lat' dir='ltr'><strong>bebetis,</strong></span> <span class='ocrx_word' id='word_1_629' title='bbox 532 3902 582 3957; x_wconf 92' lang='lat' dir='ltr'><strong>ubi</strong></span> <span class='ocrx_word' id='word_1_630' title='bbox 599 3920 649 3973; x_wconf 90' lang='lat' dir='ltr'><strong>per</strong></span> <span class='ocrx_word' id='word_1_631' title='bbox 671 3908 791 3977; x_wconf 80' lang='grc' dir='ltr'><em>κρίματα</em></span> <span class='ocrx_word' id='word_1_632' title='bbox 815 3922 869 3960; x_wconf 93' lang='lat' dir='ltr'><strong>non</strong></span> <span class='ocrx_word' id='word_1_633' title='bbox 888 3905 1082 3978; x_wconf 87' lang='lat' dir='ltr'><strong>intelliguntur</strong></span> <span class='ocrx_word' id='word_1_634' title='bbox 1108 3905 1183 3958; x_wconf 83' lang='lat' dir='ltr'><strong>tinas</strong></span> <span class='ocrx_word' id='word_1_635' title='bbox 1194 3906 1271 3959; x_wconf 81' lang='lat' dir='ltr'><strong>litem</strong></span> <span class='ocrx_word' id='word_1_636' title='bbox 1284 3904 1331 3957; x_wconf 83' lang='lat' dir='ltr'><strong>illi</strong></span> <span class='ocrx_word' id='word_1_637' title='bbox 1343 3904 1497 3958; x_wconf 81' lang='lat' dir='ltr'><strong>intendant.</strong></span> <span class='ocrx_word' id='word_1_638' title='bbox 1515 3922 1541 3960; x_wconf 93' lang='lat' dir='ltr'><strong>v.</strong></span> <span class='ocrx_word' id='word_1_639' title='bbox 1558 3910 1584 3958; x_wconf 90' lang='lat' dir='ltr'><strong>l:</strong></span> <span class='ocrx_word' id='word_1_640' title='bbox 1598 3906 1690 3958; x_wconf 80' lang='lat' dir='ltr'><strong>Audet</strong></span> <span class='ocrx_word' id='word_1_641' title='bbox 1704 3904 1810 3973; x_wconf 64' lang='lat' dir='ltr'><strong>alicae</strong></span> <span class='ocrx_word' id='word_1_642' title='bbox 1821 3914 1940 3960; x_wconf 86' lang='lat' dir='ltr'><strong>cestram</strong></span> 
     </span>
     <span class='ocr_line' id='line_1_44' title="bbox 245 3988 1942 4066; baseline 0 -24"><span class='ocrx_word' id='word_1_643' title='bbox 245 3988 353 4059; x_wconf 89' lang='lat' dir='ltr'><strong>judicia</strong></span> <span class='ocrx_word' id='word_1_644' title='bbox 369 3989 475 4058; x_wconf 89' lang='lat' dir='ltr'><strong>civilia,</strong></span> <span class='ocrx_word' id='word_1_645' title='bbox 500 4005 572 4061; x_wconf 92' lang='lat' dir='ltr'><strong>quae</strong></span> <span class='ocrx_word' id='word_1_646' title='bbox 590 3995 656 4045; x_wconf 89' lang='lat' dir='ltr'><strong>sunt</strong></span> <span class='ocrx_word' id='word_1_647' title='bbox 674 3990 806 4046; x_wconf 86' lang='lat' dir='ltr'><strong>melorum</strong></span> <span class='ocrx_word' id='word_1_648' title='bbox 825 3993 947 4049; x_wconf 91' lang='lat' dir='ltr'><strong>remedia</strong></span> <span class='ocrx_word' id='word_1_649' title='bbox 966 4000 994 4049; x_wconf 94' lang='lat' dir='ltr'><strong>et</strong></span> <span class='ocrx_word' id='word_1_650' title='bbox 1011 4012 1082 4066; x_wconf 89' lang='lat' dir='ltr'><strong>quae</strong></span> <span class='ocrx_word' id='word_1_651' title='bbox 1108 3992 1249 4060; x_wconf 77' lang='lat' dir='ltr'><strong>neyotinm</strong></span> <span class='ocrx_word' id='word_1_652' title='bbox 1267 3991 1370 4045; x_wconf 80' lang='lat' dir='ltr'><strong>babens</strong></span> <span class='ocrx_word' id='word_1_653' title='bbox 1390 3992 1526 4045; x_wconf 81' lang='lat' dir='ltr'><strong>adversas</strong></span> <span class='ocrx_word' id='word_1_654' title='bbox 1542 3992 1664 4056; x_wconf 78' lang='lat' dir='ltr'><strong>fratrem</strong></span> <span class='ocrx_word' id='word_1_655' title='bbox 1687 3990 1798 4058; x_wconf 73' lang='lat' dir='ltr'><strong>indicio</strong></span> <span class='ocrx_word' id='word_1_656' title='bbox 1817 3992 1942 4061; x_wconf 69' lang='lat' dir='ltr'><strong>reperiri</strong></span> 
     </span>
     <span class='ocr_line' id='line_1_45' title="bbox 249 4074 1940 4150; baseline 0.002 -20"><span class='ocrx_word' id='word_1_657' title='bbox 249 4075 278 4130; x_wconf 92' lang='lat' dir='ltr'><strong>in</strong></span> <span class='ocrx_word' id='word_1_658' title='bbox 298 4074 529 4145; x_wconf 84' lang='lat' dir='ltr'><strong>praecedentibus</strong></span> <span class='ocrx_word' id='word_1_659' title='bbox 548 4075 690 4146; x_wconf 90' lang='lat' dir='ltr'><strong>apostolus</strong></span> <span class='ocrx_word' id='word_1_660' title='bbox 704 4077 882 4150; x_wconf 80' lang='lat' dir='ltr'><strong>probaverat,</strong></span> <span class='ocrx_word' id='word_1_661' title='bbox 904 4080 954 4136; x_wconf 87' lang='lat' dir='ltr'><strong>sed</strong></span> <span class='ocrx_word' id='word_1_662' title='bbox 974 4088 1082 4134; x_wconf 86' lang='lat' dir='ltr'><strong>conten·</strong></span> <span class='ocrx_word' id='word_1_663' title='bbox 1110 4079 1154 4133; x_wconf 73' lang='lat' dir='ltr'><strong>inl</strong></span> <span class='ocrx_word' id='word_1_664' title='bbox 1173 4083 1229 4132; x_wconf 85' lang='grc' dir='ltr'><strong>τῶν</strong></span> <span class='ocrx_word' id='word_1_665' title='bbox 1240 4078 1354 4146; x_wconf 77' lang='grc' dir='ltr'><strong>ἀδίκων,</strong></span> <span class='ocrx_word' id='word_1_666' title='bbox 1374 4078 1455 4146; x_wconf 82' lang='lat' dir='ltr'><strong>apud</strong></span> <span class='ocrx_word' id='word_1_667' title='bbox 1465 4077 1593 4147; x_wconf 79' lang='lat' dir='ltr'><strong>injustos,</strong></span> <span class='ocrx_word' id='word_1_668' title='bbox 1612 4085 1637 4130; x_wconf 88' lang='lat' dir='ltr'><strong>ct</strong></span> <span class='ocrx_word' id='word_1_669' title='bbox 1648 4095 1704 4130; x_wconf 88' lang='lat' dir='ltr'><strong>non</strong></span> <span class='ocrx_word' id='word_1_670' title='bbox 1717 4080 1797 4146; x_wconf 81' lang='lat' dir='ltr'><strong>epact</strong></span> <span class='ocrx_word' id='word_1_671' title='bbox 1808 4080 1940 4133; x_wconf 71' lang='lat' dir='ltr'><strong>sanctae!</strong></span> 
     </span>
     <span class='ocr_line' id='line_1_46' title="bbox 250 4161 1941 4238; baseline 0.001 -23"><span class='ocrx_word' id='word_1_672' title='bbox 250 4163 339 4216; x_wconf 82' lang='lat' dir='ltr'><strong>tiones</strong></span> <span class='ocrx_word' id='word_1_673' title='bbox 364 4169 390 4214; x_wconf 86' lang='lat' dir='ltr'><strong>et</strong></span> <span class='ocrx_word' id='word_1_674' title='bbox 414 4162 491 4226; x_wconf 84' lang='lat' dir='ltr'><strong>lites,</strong></span> <span class='ocrx_word' id='word_1_675' title='bbox 519 4179 589 4232; x_wconf 89' lang='lat' dir='ltr'><strong>quas</strong></span> <span class='ocrx_word' id='word_1_676' title='bbox 614 4161 729 4232; x_wconf 89' lang='lat' dir='ltr'><strong>judiciis</strong></span> <span class='ocrx_word' id='word_1_677' title='bbox 748 4163 839 4218; x_wconf 89' lang='lat' dir='ltr'><strong>dirimi</strong></span> <span class='ocrx_word' id='word_1_678' title='bbox 863 4166 1015 4236; x_wconf 89' lang='lat' dir='ltr'><strong>oportebat,</strong></span> <span class='ocrx_word' id='word_1_679' title='bbox 1034 4185 1084 4238; x_wconf 93' lang='lat' dir='ltr'><strong>per</strong></span> <span class='ocrx_word' id='word_1_680' title='bbox 1110 4164 1242 4220; x_wconf 85' lang='lat' dir='ltr'><strong>Ethnicos</strong></span> <span class='ocrx_word' id='word_1_681' title='bbox 1265 4164 1376 4234; x_wconf 89' lang='lat' dir='ltr'><strong>jndices</strong></span> <span class='ocrx_word' id='word_1_682' title='bbox 1402 4170 1484 4217; x_wconf 92' lang='lat' dir='ltr'><strong>vocat</strong></span> <span class='ocrx_word' id='word_1_683' title='bbox 1512 4164 1646 4232; x_wconf 74' lang='lat' dir='ltr'><strong>injustos,</strong></span> <span class='ocrx_word' id='word_1_684' title='bbox 1675 4169 1734 4217; x_wconf 91' lang='lat' dir='ltr'><strong>tum</strong></span> <span class='ocrx_word' id='word_1_685' title='bbox 1760 4164 1827 4234; x_wconf 90' lang='lat' dir='ltr'><strong>quia</strong></span> <span class='ocrx_word' id='word_1_686' title='bbox 1846 4171 1941 4220; x_wconf 89' lang='lat' dir='ltr'><strong>carent</strong></span> 
     </span>
     <span class='ocr_line' id='line_1_47' title="bbox 251 4246 1940 4329; baseline 0.002 -26"><span class='ocrx_word' id='word_1_687' title='bbox 251 4246 415 4317; x_wconf 86' lang='lat' dir='ltr'><strong>metalepsin</strong></span> <span class='ocrx_word' id='word_1_688' title='bbox 433 4247 549 4303; x_wconf 81' lang='lat' dir='ltr'><strong>effectus</strong></span> <span class='ocrx_word' id='word_1_689' title='bbox 567 4265 618 4319; x_wconf 90' lang='lat' dir='ltr'><strong>pro</strong></span> <span class='ocrx_word' id='word_1_690' title='bbox 636 4265 729 4320; x_wconf 88' lang='lat' dir='ltr'><strong>causa,</strong></span> <span class='ocrx_word' id='word_1_691' title='bbox 749 4249 827 4305; x_wconf 88' lang='lat' dir='ltr'><strong>addit</strong></span> <span class='ocrx_word' id='word_1_692' title='bbox 845 4251 916 4307; x_wconf 89' lang='lat' dir='ltr'><strong>enirn</strong></span> <span class='ocrx_word' id='word_1_693' title='bbox 937 4256 1010 4324; x_wconf 74' lang='grc' dir='ltr'><em>ἔχετε</em></span> <span class='ocrx_word' id='word_1_694' title='bbox 1027 4260 1083 4329; x_wconf 74' lang='lat' dir='ltr'><strong>sps·</strong></span> <span class='ocrx_word' id='word_1_695' title='bbox 1110 4268 1176 4307; x_wconf 88' lang='lat' dir='ltr'><strong>vera</strong></span> <span class='ocrx_word' id='word_1_696' title='bbox 1188 4250 1306 4321; x_wconf 89' lang='lat' dir='ltr'><strong>justitia,</strong></span> <span class='ocrx_word' id='word_1_697' title='bbox 1327 4266 1400 4320; x_wconf 92' lang='lat' dir='ltr'><strong>quae</strong></span> <span class='ocrx_word' id='word_1_698' title='bbox 1417 4266 1509 4304; x_wconf 89' lang='lat' dir='ltr'><strong>coram</strong></span> <span class='ocrx_word' id='word_1_699' title='bbox 1521 4248 1582 4305; x_wconf 92' lang='lat' dir='ltr'><strong>Deo</strong></span> <span class='ocrx_word' id='word_1_700' title='bbox 1593 4249 1667 4304; x_wconf 85' lang='lat' dir='ltr'><strong>valet</strong></span> <span class='ocrx_word' id='word_1_701' title='bbox 1681 4254 1710 4303; x_wconf 90' lang='lat' dir='ltr'><strong>et</strong></span> <span class='ocrx_word' id='word_1_702' title='bbox 1721 4249 1863 4319; x_wconf 75' lang='lat' dir='ltr'><strong>censistit,</strong></span> <span class='ocrx_word' id='word_1_703' title='bbox 1881 4258 1940 4306; x_wconf 89' lang='lat' dir='ltr'><strong>tum</strong></span> 
     </span>
     <span class='ocr_line' id='line_1_48' title="bbox 246 4333 1941 4410; baseline 0.002 -21"><span class='ocrx_word' id='word_1_704' title='bbox 246 4356 322 4410; x_wconf 90' lang='grc' dir='ltr'><em>ματα</em></span> <span class='ocrx_word' id='word_1_705' title='bbox 339 4333 401 4408; x_wconf 74' lang='grc' dir='ltr'><strong>μεθ’</strong></span> <span class='ocrx_word' id='word_1_706' title='bbox 422 4336 535 4403; x_wconf 77' lang='grc' dir='ltr'><strong>ἑαυτῶν,</strong></span> <span class='ocrx_word' id='word_1_707' title='bbox 553 4344 652 4389; x_wconf 85' lang='lat' dir='ltr'><strong>contra</strong></span> <span class='ocrx_word' id='word_1_708' title='bbox 670 4354 719 4389; x_wconf 86' lang='lat' dir='ltr'><strong>vos</strong></span> <span class='ocrx_word' id='word_1_709' title='bbox 730 4346 825 4393; x_wconf 84' lang='lat' dir='ltr'><strong>mutuo</strong></span> <span class='ocrx_word' id='word_1_710' title='bbox 841 4339 948 4393; x_wconf 73' lang='lat' dir='ltr'><strong>habetes</strong></span> <span class='ocrx_word' id='word_1_711' title='bbox 959 4341 1083 4408; x_wconf 80' lang='lat' dir='ltr'><strong>judicia,</strong></span> <span class='ocrx_word' id='word_1_712' title='bbox 1110 4339 1176 4410; x_wconf 87' lang='lat' dir='ltr'><strong>quia</strong></span> <span class='ocrx_word' id='word_1_713' title='bbox 1192 4337 1331 4409; x_wconf 85' lang='lat' dir='ltr'><strong>justitiam</strong></span> <span class='ocrx_word' id='word_1_714' title='bbox 1351 4337 1461 4392; x_wconf 87' lang='lat' dir='ltr'><strong>civilem</strong></span> <span class='ocrx_word' id='word_1_715' title='bbox 1478 4354 1534 4392; x_wconf 91' lang='lat' dir='ltr'><strong>non</strong></span> <span class='ocrx_word' id='word_1_716' title='bbox 1547 4336 1671 4393; x_wconf 85' lang='lat' dir='ltr'><strong>referunt</strong></span> <span class='ocrx_word' id='word_1_717' title='bbox 1688 4337 1726 4392; x_wconf 86' lang='lat' dir='ltr'><strong>ad</strong></span> <span class='ocrx_word' id='word_1_718' title='bbox 1743 4355 1838 4393; x_wconf 89' lang='lat' dir='ltr'><strong>verum</strong></span> <span class='ocrx_word' id='word_1_719' title='bbox 1850 4338 1941 4406; x_wconf 90' lang='lat' dir='ltr'><strong>finem,</strong></span> 
     </span>
     <span class='ocr_line' id='line_1_49' title="bbox 230 4421 1941 4496; baseline 0.002 -18"><span class='ocrx_word' id='word_1_720' title='bbox 230 4421 301 4479; x_wconf 80' lang='lat' dir='ltr'><strong>ehoe</strong></span> <span class='ocrx_word' id='word_1_721' title='bbox 321 4428 364 4477; x_wconf 89' lang='lat' dir='ltr'><strong>est</strong></span> <span class='ocrx_word' id='word_1_722' title='bbox 383 4430 448 4477; x_wconf 91' lang='lat' dir='ltr'><strong>sunt</strong></span> <span class='ocrx_word' id='word_1_723' title='bbox 465 4422 538 4476; x_wconf 91' lang='lat' dir='ltr'><strong>inter</strong></span> <span class='ocrx_word' id='word_1_724' title='bbox 555 4440 603 4478; x_wconf 90' lang='lat' dir='ltr'><strong>vos</strong></span> <span class='ocrx_word' id='word_1_725' title='bbox 623 4422 694 4490; x_wconf 84' lang='lat' dir='ltr'><strong>lites,</strong></span> <span class='ocrx_word' id='word_1_726' title='bbox 713 4425 796 4494; x_wconf 87' lang='lat' dir='ltr'><strong>rixae,</strong></span> <span class='ocrx_word' id='word_1_727' title='bbox 816 4425 1021 4494; x_wconf 86' lang='lat' dir='ltr'><strong>contentiones,</strong></span> <span class='ocrx_word' id='word_1_728' title='bbox 1042 4426 1082 4480; x_wconf 92' lang='lat' dir='ltr'><strong>in·</strong></span> <span class='ocrx_word' id='word_1_729' title='bbox 1109 4426 1163 4480; x_wconf 90' lang='lat' dir='ltr'><strong>Dei</strong></span> <span class='ocrx_word' id='word_1_730' title='bbox 1180 4426 1285 4481; x_wconf 87' lang='lat' dir='ltr'><strong>scilicet</strong></span> <span class='ocrx_word' id='word_1_731' title='bbox 1301 4425 1433 4495; x_wconf 86' lang='lat' dir='ltr'><strong>gloriam;</strong></span> <span class='ocrx_word' id='word_1_732' title='bbox 1453 4431 1513 4479; x_wconf 92' lang='lat' dir='ltr'><strong>tum</strong></span> <span class='ocrx_word' id='word_1_733' title='bbox 1531 4425 1598 4496; x_wconf 89' lang='lat' dir='ltr'><strong>quia</strong></span> <span class='ocrx_word' id='word_1_734' title='bbox 1613 4424 1715 4496; x_wconf 91' lang='lat' dir='ltr'><strong>iniquis</strong></span> <span class='ocrx_word' id='word_1_735' title='bbox 1733 4425 1847 4494; x_wconf 88' lang='lat' dir='ltr'><strong>judiciis</strong></span> <span class='ocrx_word' id='word_1_736' title='bbox 1865 4426 1941 4481; x_wconf 82' lang='lat' dir='ltr'><strong>Chri·</strong></span> 
     </span>
     <span class='ocr_line' id='line_1_50' title="bbox 244 4509 1941 4584; baseline 0.001 -20"><span class='ocrx_word' id='word_1_737' title='bbox 244 4509 344 4580; x_wconf 91' lang='lat' dir='ltr'><strong>jnriae,</strong></span> <span class='ocrx_word' id='word_1_738' title='bbox 364 4514 479 4580; x_wconf 90' lang='lat' dir='ltr'><strong>propter</strong></span> <span class='ocrx_word' id='word_1_739' title='bbox 495 4526 564 4579; x_wconf 89' lang='lat' dir='ltr'><strong>quas</strong></span> <span class='ocrx_word' id='word_1_740' title='bbox 584 4509 685 4564; x_wconf 90' lang='lat' dir='ltr'><strong>deinde</strong></span> <span class='ocrx_word' id='word_1_741' title='bbox 702 4512 817 4581; x_wconf 89' lang='lat' dir='ltr'><strong>judiciis</strong></span> <span class='ocrx_word' id='word_1_742' title='bbox 834 4529 913 4583; x_wconf 90' lang='lat' dir='ltr'><strong>opus.</strong></span> <span class='ocrx_word' id='word_1_743' title='bbox 952 4511 997 4568; x_wconf 86' lang='lat' dir='ltr'><strong>Sic</strong></span> <span class='ocrx_word' id='word_1_744' title='bbox 1017 4530 1083 4584; x_wconf 88' lang='lat' dir='ltr'><strong>ergo</strong></span> <span class='ocrx_word' id='word_1_745' title='bbox 1109 4513 1212 4568; x_wconf 89' lang='lat' dir='ltr'><strong>stianos</strong></span> <span class='ocrx_word' id='word_1_746' title='bbox 1238 4513 1401 4583; x_wconf 90' lang='lat' dir='ltr'><strong>plerumque</strong></span> <span class='ocrx_word' id='word_1_747' title='bbox 1423 4510 1588 4581; x_wconf 85' lang='lat' dir='ltr'><strong>gravabant.</strong></span> <span class='ocrx_word' id='word_1_748' title='bbox 1610 4528 1637 4566; x_wconf 89' lang='lat' dir='ltr'><strong>v.</strong></span> <span class='ocrx_word' id='word_1_749' title='bbox 1661 4516 1692 4566; x_wconf 80' lang='lat'><strong>2:</strong></span> <span class='ocrx_word' id='word_1_750' title='bbox 1722 4514 1771 4565; x_wconf 84' lang='lat' dir='ltr'><strong>An</strong></span> <span class='ocrx_word' id='word_1_751' title='bbox 1797 4512 1941 4580; x_wconf 77' lang='lat' dir='ltr'><strong>ipnorats‘s,</strong></span> 
     </span>
     <span class='ocr_line' id='line_1_51' title="bbox 248 4595 1942 4670; baseline 0.002 -20"><span class='ocrx_word' id='word_1_752' title='bbox 248 4612 303 4651; x_wconf 94' lang='lat' dir='ltr'><strong>non</strong></span> <span class='ocrx_word' id='word_1_753' title='bbox 321 4595 435 4650; x_wconf 90' lang='lat' dir='ltr'><strong>damnat</strong></span> <span class='ocrx_word' id='word_1_754' title='bbox 452 4595 616 4650; x_wconf 89' lang='lat' dir='ltr'><strong>medicinam</strong></span> <span class='ocrx_word' id='word_1_755' title='bbox 638 4597 744 4666; x_wconf 91' lang='lat' dir='ltr'><strong>litium,</strong></span> <span class='ocrx_word' id='word_1_756' title='bbox 767 4598 828 4668; x_wconf 90' lang='lat' dir='ltr'><strong>ipsa</strong></span> <span class='ocrx_word' id='word_1_757' title='bbox 847 4598 952 4654; x_wconf 88' lang='lat' dir='ltr'><strong>scilieet</strong></span> <span class='ocrx_word' id='word_1_758' title='bbox 967 4599 1083 4669; x_wconf 91' lang='lat' dir='ltr'><strong>judicia,</strong></span> <span class='ocrx_word' id='word_1_759' title='bbox 1110 4601 1187 4668; x_wconf 83' lang='lat' dir='ltr'><strong>qnod</strong></span> <span class='ocrx_word' id='word_1_760' title='bbox 1204 4598 1297 4652; x_wconf 76' lang='lat' dir='ltr'><strong>sancta¹</strong></span> <span class='ocrx_word' id='word_1_761' title='bbox 1315 4598 1387 4650; x_wconf 84' lang='lat' dir='ltr'><strong>banc</strong></span> <span class='ocrx_word' id='word_1_762' title='bbox 1404 4599 1538 4651; x_wconf 81' lang='lat' dir='ltr'><strong>mandam</strong></span> <span class='ocrx_word' id='word_1_763' title='bbox 1556 4597 1741 4664; x_wconf 74' lang='lat' dir='ltr'><strong>judicabunt!</strong></span> <span class='ocrx_word' id='word_1_764' title='bbox 1760 4600 1788 4650; x_wconf 84' lang='lat' dir='ltr'><strong>si</strong></span> <span class='ocrx_word' id='word_1_765' title='bbox 1804 4616 1872 4670; x_wconf 82' lang='lat' dir='ltr'><strong>erpo</strong></span> <span class='ocrx_word' id='word_1_766' title='bbox 1887 4616 1942 4669; x_wconf 86' lang='lat' dir='ltr'><strong>per</strong></span> 
     </span>
     <span class='ocr_line' id='line_1_52' title="bbox 250 4682 1940 4753; baseline 0 -15"><span class='ocrx_word' id='word_1_767' title='bbox 250 4684 299 4739; x_wconf 90' lang='lat' dir='ltr'><strong>sed</strong></span> <span class='ocrx_word' id='word_1_768' title='bbox 316 4682 450 4737; x_wconf 92' lang='lat' dir='ltr'><strong>morbum.</strong></span> <span class='ocrx_word' id='word_1_769' title='bbox 490 4685 515 4734; x_wconf 91' lang='lat'><strong>2.</strong></span> <span class='ocrx_word' id='word_1_770' title='bbox 539 4682 621 4745; x_wconf 80' lang='lat' dir='ltr'><strong>Quod</strong></span> <span class='ocrx_word' id='word_1_771' title='bbox 644 4686 678 4737; x_wconf 89' lang='lat' dir='ltr'><strong>ob</strong></span> <span class='ocrx_word' id='word_1_772' title='bbox 696 4702 742 4737; x_wconf 88' lang='lat' dir='ltr'><strong>res</strong></span> <span class='ocrx_word' id='word_1_773' title='bbox 766 4685 919 4753; x_wconf 82' lang='lat' dir='ltr'><strong>composita</strong></span> <span class='ocrx_word' id='word_1_774' title='bbox 929 4685 1041 4753; x_wconf 83' lang='lat' dir='ltr'><strong>faciles</strong></span> <span class='ocrx_word' id='word_1_775' title='bbox 1058 4695 1085 4740; x_wconf 87' lang='lat' dir='ltr'><strong>ct</strong></span> <span class='ocrx_word' id='word_1_776' title='bbox 1110 4702 1158 4739; x_wconf 84' lang='lat' dir='ltr'><strong>vos</strong></span> <span class='ocrx_word' id='word_1_777' title='bbox 1182 4686 1303 4737; x_wconf 83' lang='lat' dir='ltr'><strong>mandas</strong></span> <span class='ocrx_word' id='word_1_778' title='bbox 1318 4682 1485 4752; x_wconf 78' lang='lat' dir='ltr'><strong>judicatur,</strong></span> <span class='ocrx_word' id='word_1_779' title='bbox 1510 4684 1625 4751; x_wconf 73' lang='lat' dir='ltr'><strong>indigni</strong></span> <span class='ocrx_word' id='word_1_780' title='bbox 1642 4684 1708 4736; x_wconf 80' lang='lat' dir='ltr'><strong>estis</strong></span> <span class='ocrx_word' id='word_1_781' title='bbox 1719 4685 1844 4752; x_wconf 72' lang='lat' dir='ltr'><strong>judiciis</strong></span> <span class='ocrx_word' id='word_1_782' title='bbox 1861 4686 1940 4738; x_wconf 79' lang='lat' dir='ltr'><strong>mini·</strong></span> 
     </span>
     <span class='ocr_line' id='line_1_53' title="bbox 250 4767 1942 4841; baseline 0 -17"><span class='ocrx_word' id='word_1_783' title='bbox 250 4770 375 4840; x_wconf 75' lang='lat' dir='ltr'><strong>injurias</strong></span> <span class='ocrx_word' id='word_1_784' title='bbox 393 4770 521 4831; x_wconf 79' lang='lat' dir='ltr'><strong>leviores,</strong></span> <span class='ocrx_word' id='word_1_785' title='bbox 542 4769 663 4841; x_wconf 87' lang='lat' dir='ltr'><strong>itemque</strong></span> <span class='ocrx_word' id='word_1_786' title='bbox 682 4772 715 4825; x_wconf 86' lang='lat' dir='ltr'><strong>cb</strong></span> <span class='ocrx_word' id='word_1_787' title='bbox 734 4773 846 4840; x_wconf 76' lang='lat' dir='ltr'><strong>negotia</strong></span> <span class='ocrx_word' id='word_1_788' title='bbox 865 4772 965 4838; x_wconf 67' lang='lat' dir='ltr'><strong>eipso</strong></span> <span class='ocrx_word' id='word_1_789' title='bbox 982 4772 1084 4827; x_wconf 65' lang='lat' dir='ltr'><strong>entem</strong></span> <span class='ocrx_word' id='word_1_790' title='bbox 1110 4772 1182 4824; x_wconf 74' lang='lat' dir='ltr'><strong>mist</strong></span> <span class='ocrx_word' id='word_1_791' title='bbox 1216 4767 1380 4823; x_wconf 83' lang='lat' dir='ltr'><strong>Ambrosius</strong></span> <span class='ocrx_word' id='word_1_792' title='bbox 1410 4768 1523 4837; x_wconf 91' lang='lat' dir='ltr'><strong>exponit</strong></span> <span class='ocrx_word' id='word_1_793' title='bbox 1543 4768 1579 4822; x_wconf 91' lang='lat' dir='ltr'><strong>de</strong></span> <span class='ocrx_word' id='word_1_794' title='bbox 1604 4768 1662 4824; x_wconf 89' lang='lat' dir='ltr'><strong>vita</strong></span> <span class='ocrx_word' id='word_1_795' title='bbox 1679 4770 1844 4841; x_wconf 77' lang='lat' dir='ltr'><strong>praesente:</strong></span> <span class='ocrx_word' id='word_1_796' title='bbox 1866 4773 1942 4825; x_wconf 79' lang='lat' dir='ltr'><strong>Tunc</strong></span> 
     </span>
     <span class='ocr_line' id='line_1_54' title="bbox 249 4853 1942 4925; baseline 0.002 -17"><span class='ocrx_word' id='word_1_797' title='bbox 249 4855 446 4911; x_wconf 78' lang='lat' dir='ltr'><strong>concernentia</strong></span> <span class='ocrx_word' id='word_1_798' title='bbox 468 4853 564 4908; x_wconf 75' lang='lat' dir='ltr'><strong>statim</strong></span> <span class='ocrx_word' id='word_1_799' title='bbox 590 4858 633 4908; x_wconf 83' lang='lat' dir='ltr'><strong>ad</strong></span> <span class='ocrx_word' id='word_1_800' title='bbox 656 4857 780 4910; x_wconf 80' lang='lat' dir='ltr'><strong>tribunal</strong></span> <span class='ocrx_word' id='word_1_801' title='bbox 807 4859 968 4912; x_wconf 82' lang='lat' dir='ltr'><strong>decurrant.</strong></span> <span class='ocrx_word' id='word_1_802' title='bbox 1008 4877 1034 4914; x_wconf 92' lang='lat' dir='ltr'><strong>v.</strong></span> <span class='ocrx_word' id='word_1_803' title='bbox 1054 4866 1084 4915; x_wconf 85' lang='lat'><strong>7:</strong></span> <span class='ocrx_word' id='word_1_804' title='bbox 1109 4858 1257 4925; x_wconf 72' lang='lat' dir='ltr'><strong>judicatote·</strong></span> <span class='ocrx_word' id='word_1_805' title='bbox 1274 4855 1394 4908; x_wconf 71' lang='lat' dir='ltr'><strong>mandris</strong></span> <span class='ocrx_word' id='word_1_806' title='bbox 1414 4855 1443 4907; x_wconf 79' lang='lat' dir='ltr'><strong>in</strong></span> <span class='ocrx_word' id='word_1_807' title='bbox 1459 4856 1550 4924; x_wconf 82' lang='lat' dir='ltr'><strong>uobis,</strong></span> <span class='ocrx_word' id='word_1_808' title='bbox 1569 4856 1596 4910; x_wconf 70' lang='grc' dir='ltr'><strong>εἰ</strong></span> <span class='ocrx_word' id='word_1_809' title='bbox 1614 4873 1684 4925; x_wconf 68' lang='lat' dir='ltr'><strong>opius</strong></span> <span class='ocrx_word' id='word_1_810' title='bbox 1698 4858 1876 4925; x_wconf 77' lang='lat' dir='ltr'><strong>perfidorum</strong></span> <span class='ocrx_word' id='word_1_811' title='bbox 1895 4859 1942 4911; x_wconf 82' lang='lat' dir='ltr'><strong>be·</strong></span> 
     </span>
     <span class='ocr_line' id='line_1_55' title="bbox 247 4940 1942 5018; baseline -0.002 -21"><span class='ocrx_word' id='word_1_812' title='bbox 247 4944 317 4997; x_wconf 60' lang='lat' dir='ltr'><strong>«lam</strong></span> <span class='ocrx_word' id='word_1_813' title='bbox 334 4942 446 5010; x_wconf 79' lang='lat' dir='ltr'><strong>quidem</strong></span> <span class='ocrx_word' id='word_1_814' title='bbox 464 4941 618 4995; x_wconf 80' lang='lat' dir='ltr'><strong>omninoe&#39;n</strong></span> <span class='ocrx_word' id='word_1_815' title='bbox 631 4944 708 4997; x_wconf 79' lang='lat' dir='ltr'><strong>vobis</strong></span> <span class='ocrx_word' id='word_1_816' title='bbox 721 4952 762 4997; x_wconf 84' lang='lat' dir='ltr'><strong>cst</strong></span> <span class='ocrx_word' id='word_1_817' title='bbox 780 4943 894 5018; x_wconf 78' lang='grc' dir='ltr'><em>ἥττημα,</em></span> <span class='ocrx_word' id='word_1_818' title='bbox 911 4946 988 5014; x_wconf 84' lang='lat' dir='ltr'><strong>qnod</strong></span> <span class='ocrx_word' id='word_1_819' title='bbox 1000 4945 1082 5012; x_wconf 83' lang='lat' dir='ltr'><strong>jndi-</strong></span> <span class='ocrx_word' id='word_1_820' title='bbox 1109 4946 1214 4997; x_wconf 81' lang='lat' dir='ltr'><strong>minam</strong></span> <span class='ocrx_word' id='word_1_821' title='bbox 1239 4958 1294 4994; x_wconf 88' lang='lat' dir='ltr'><strong>non</strong></span> <span class='ocrx_word' id='word_1_822' title='bbox 1316 4940 1475 4994; x_wconf 79' lang='lat' dir='ltr'><strong>inueniatur</strong></span> <span class='ocrx_word' id='word_1_823' title='bbox 1500 4941 1530 4994; x_wconf 82' lang='lat' dir='ltr'><strong>s’n</strong></span> <span class='ocrx_word' id='word_1_824' title='bbox 1553 4941 1638 4996; x_wconf 66' lang='lat' dir='ltr'><strong>nobb.</strong></span> <span class='ocrx_word' id='word_1_825' title='bbox 1686 4942 1786 4996; x_wconf 81' lang='lat' dir='ltr'><strong>Sancti</strong></span> <span class='ocrx_word' id='word_1_826' title='bbox 1810 4946 1942 4996; x_wconf 67' lang='lat' dir='ltr'><strong>masidam</strong></span> 
     </span>
     <span class='ocr_line' id='line_1_56' title="bbox 249 5027 1941 5108; baseline -0.001 -22"><span class='ocrx_word' id='word_1_827' title='bbox 249 5031 295 5083; x_wconf 76' lang='lat' dir='ltr'><strong>cia</strong></span> <span class='ocrx_word' id='word_1_828' title='bbox 311 5027 419 5083; x_wconf 76' lang='lat' dir='ltr'><strong>bebetis</strong></span> <span class='ocrx_word' id='word_1_829' title='bbox 436 5028 509 5080; x_wconf 71' lang='lat' dir='ltr'><strong>inter</strong></span> <span class='ocrx_word' id='word_1_830' title='bbox 526 5044 583 5084; x_wconf 78' lang='lat' dir='ltr'><strong>vos.</strong></span> <span class='ocrx_word' id='word_1_831' title='bbox 623 5028 748 5101; x_wconf 89' lang='lat' dir='ltr'><strong>Vulgata</strong></span> <span class='ocrx_word' id='word_1_832' title='bbox 765 5031 854 5087; x_wconf 86' lang='lat' dir='ltr'><strong>versio</strong></span> <span class='ocrx_word' id='word_1_833' title='bbox 872 5029 995 5108; x_wconf 85' lang='lat' dir='ltr'><strong>reddidit</strong></span> <span class='ocrx_word' id='word_1_834' title='bbox 1012 5032 1082 5084; x_wconf 79' lang='lat' dir='ltr'><strong>cleli-</strong></span> <span class='ocrx_word' id='word_1_835' title='bbox 1103 5029 1253 5100; x_wconf 80' lang='lat' dir='ltr'><strong>judicant,</strong></span> <span class='ocrx_word' id='word_1_836' title='bbox 1275 5028 1342 5097; x_wconf 79' lang='lat' dir='ltr'><strong>quia</strong></span> <span class='ocrx_word' id='word_1_837' title='bbox 1359 5045 1392 5081; x_wconf 81' lang='lat' dir='ltr'><strong>ca</strong></span> <span class='ocrx_word' id='word_1_838' title='bbox 1409 5029 1469 5083; x_wconf 85' lang='lat' dir='ltr'><strong>cito</strong></span> <span class='ocrx_word' id='word_1_839' title='bbox 1485 5037 1647 5084; x_wconf 73' lang='lat' dir='ltr'><strong>sancwram</strong></span> <span class='ocrx_word' id='word_1_840' title='bbox 1666 5039 1801 5100; x_wconf 84' lang='lat' dir='ltr'><strong>apparet,</strong></span> <span class='ocrx_word' id='word_1_841' title='bbox 1819 5031 1941 5085; x_wconf 80' lang='lat' dir='ltr'><strong>homines</strong></span> 
     </span>
     <span class='ocr_line' id='line_1_57' title="bbox 248 5112 1941 5189; baseline 0.001 -19"><span class='ocrx_word' id='word_1_842' title='bbox 248 5124 328 5179; x_wconf 70' lang='lat' dir='ltr'><strong>cmm,</strong></span> <span class='ocrx_word' id='word_1_843' title='bbox 348 5114 398 5170; x_wconf 86' lang='lat' dir='ltr'><strong>sed</strong></span> <span class='ocrx_word' id='word_1_844' title='bbox 414 5114 443 5168; x_wconf 91' lang='lat' dir='ltr'><strong>in</strong></span> <span class='ocrx_word' id='word_1_845' title='bbox 456 5112 564 5168; x_wconf 82' lang='lat' dir='ltr'><strong>Graeco</strong></span> <span class='ocrx_word' id='word_1_846' title='bbox 577 5116 888 5189; x_wconf 66' lang='lat' dir='ltr'><strong>nensestucpc&#39;nrnpc,</strong></span> <span class='ocrx_word' id='word_1_847' title='bbox 907 5117 956 5172; x_wconf 88' lang='lat' dir='ltr'><strong>sed</strong></span> <span class='ocrx_word' id='word_1_848' title='bbox 970 5116 1083 5186; x_wconf 80' lang='grc' dir='ltr'><em>ἥττημα,</em></span> <span class='ocrx_word' id='word_1_849' title='bbox 1109 5117 1266 5170; x_wconf 71' lang='lat' dir='ltr'><strong>succedanea</strong></span> <span class='ocrx_word' id='word_1_850' title='bbox 1301 5131 1400 5170; x_wconf 82' lang='lat' dir='ltr'><strong>errare</strong></span> <span class='ocrx_word' id='word_1_851' title='bbox 1426 5132 1462 5169; x_wconf 88' lang='lat' dir='ltr'><strong>ac</strong></span> <span class='ocrx_word' id='word_1_852' title='bbox 1493 5116 1637 5185; x_wconf 69' lang='lat' dir='ltr'><strong>desipere,</strong></span> <span class='ocrx_word' id='word_1_853' title='bbox 1667 5115 1843 5187; x_wconf 83' lang='lat' dir='ltr'><strong>Augustinus</strong></span> <span class='ocrx_word' id='word_1_854' title='bbox 1876 5135 1941 5173; x_wconf 91' lang='lat' dir='ltr'><strong>vero</strong></span> 
     </span>
     <span class='ocr_line' id='line_1_58' title="bbox 249 5198 1941 5274; baseline 0.002 -18"><span class='ocrx_word' id='word_1_855' title='bbox 249 5202 323 5274; x_wconf 88' lang='lat' dir='ltr'><strong>qnod</strong></span> <span class='ocrx_word' id='word_1_856' title='bbox 343 5206 471 5256; x_wconf 90' lang='lat' dir='ltr'><strong>monente</strong></span> <span class='ocrx_word' id='word_1_857' title='bbox 489 5198 664 5257; x_wconf 85' lang='lat' dir='ltr'><strong>Theodoreto</strong></span> <span class='ocrx_word' id='word_1_858' title='bbox 683 5204 778 5257; x_wconf 68' lang='lat' dir='ltr'><strong>ninias</strong></span> <span class='ocrx_word' id='word_1_859' title='bbox 793 5213 842 5268; x_wconf 87' lang='lat' dir='ltr'><strong>cst,</strong></span> <span class='ocrx_word' id='word_1_860' title='bbox 861 5203 999 5274; x_wconf 85' lang='lat' dir='ltr'><strong>significat</strong></span> <span class='ocrx_word' id='word_1_861' title='bbox 1010 5204 1082 5258; x_wconf 91' lang='lat' dir='ltr'><strong>enim</strong></span> <span class='ocrx_word' id='word_1_862' title='bbox 1108 5200 1193 5257; x_wconf 81' lang='lat' dir='ltr'><strong>refert</strong></span> <span class='ocrx_word' id='word_1_863' title='bbox 1211 5201 1248 5256; x_wconf 90' lang='lat' dir='ltr'><strong>ad</strong></span> <span class='ocrx_word' id='word_1_864' title='bbox 1269 5209 1421 5258; x_wconf 88' lang='lat' dir='ltr'><strong>extremum</strong></span> <span class='ocrx_word' id='word_1_865' title='bbox 1431 5200 1577 5272; x_wconf 89' lang='lat' dir='ltr'><strong>judicium,</strong></span> <span class='ocrx_word' id='word_1_866' title='bbox 1595 5203 1624 5257; x_wconf 90' lang='lat' dir='ltr'><strong>in</strong></span> <span class='ocrx_word' id='word_1_867' title='bbox 1641 5220 1696 5274; x_wconf 90' lang='lat' dir='ltr'><strong>qno</strong></span> <span class='ocrx_word' id='word_1_868' title='bbox 1709 5203 1798 5257; x_wconf 87' lang='lat' dir='ltr'><strong>sancti</strong></span> <span class='ocrx_word' id='word_1_869' title='bbox 1811 5206 1941 5259; x_wconf 63' lang='lat' dir='ltr'><strong>erasnm</strong></span> 
     </span>
     <span class='ocr_line' id='line_1_59' title="bbox 230 5286 1941 5370; baseline 0.004 -29"><span class='ocrx_word' id='word_1_870' title='bbox 230 5289 392 5356; x_wconf 79' lang='lat' dir='ltr'><strong>¹defectam</strong></span> <span class='ocrx_word' id='word_1_871' title='bbox 416 5303 450 5342; x_wconf 89' lang='lat' dir='ltr'><strong>ac</strong></span> <span class='ocrx_word' id='word_1_872' title='bbox 474 5286 694 5344; x_wconf 81' lang='lat' dir='ltr'><strong>imbecillitatem</strong></span> <span class='ocrx_word' id='word_1_873' title='bbox 715 5291 856 5361; x_wconf 84' lang='lat' dir='ltr'><strong>quandam</strong></span> <span class='ocrx_word' id='word_1_874' title='bbox 881 5288 917 5344; x_wconf 88' lang='lat' dir='ltr'><strong>ab</strong></span> <span class='ocrx_word' id='word_1_875' title='bbox 941 5289 1083 5359; x_wconf 77' lang='grc' dir='ltr'><em>ἡττᾶσθαι,</em></span> <span class='ocrx_word' id='word_1_876' title='bbox 1109 5289 1139 5342; x_wconf 80' lang='lat' dir='ltr'><strong>r&#39;n</strong></span> <span class='ocrx_word' id='word_1_877' title='bbox 1162 5288 1269 5343; x_wconf 79' lang='lat' dir='ltr'><strong>thronis</strong></span> <span class='ocrx_word' id='word_1_878' title='bbox 1293 5287 1395 5370; x_wconf 66' lang='lat' dir='ltr'><strong>mun</strong></span> <span class='ocrx_word' id='word_1_879' title='bbox 1412 5294 1457 5356; x_wconf 85' lang='grc'><strong>19,</strong></span> <span class='ocrx_word' id='word_1_880' title='bbox 1484 5306 1509 5344; x_wconf 88' lang='lat' dir='ltr'><strong>v.</strong></span> <span class='ocrx_word' id='word_1_881' title='bbox 1528 5293 1570 5344; x_wconf 79' lang='lat' dir='ltr'><strong>ie.</strong></span> <span class='ocrx_word' id='word_1_882' title='bbox 1595 5293 1680 5359; x_wconf 89' lang='lat' dir='ltr'><strong>atque</strong></span> <span class='ocrx_word' id='word_1_883' title='bbox 1707 5290 1776 5345; x_wconf 90' lang='lat' dir='ltr'><strong>haec</strong></span> <span class='ocrx_word' id='word_1_884' title='bbox 1795 5291 1941 5362; x_wconf 86' lang='lat' dir='ltr'><strong>explicatio</strong></span> 
     </span>
     <span class='ocr_line' id='line_1_60' title="bbox 249 5374 1942 5451; baseline 0.001 -19"><span class='ocrx_word' id='word_1_885' title='bbox 249 5376 324 5448; x_wconf 90' lang='lat' dir='ltr'><strong>qnod</strong></span> <span class='ocrx_word' id='word_1_886' title='bbox 343 5380 386 5430; x_wconf 91' lang='lat' dir='ltr'><strong>est</strong></span> <span class='ocrx_word' id='word_1_887' title='bbox 402 5374 429 5428; x_wconf 86' lang='lat' dir='ltr'><strong>in</strong></span> <span class='ocrx_word' id='word_1_888' title='bbox 443 5390 539 5446; x_wconf 87' lang='lat' dir='ltr'><strong>pugna</strong></span> <span class='ocrx_word' id='word_1_889' title='bbox 552 5374 734 5433; x_wconf 89' lang='lat' dir='ltr'><strong>succumbere</strong></span> <span class='ocrx_word' id='word_1_890' title='bbox 746 5394 779 5435; x_wconf 91' lang='lat' dir='ltr'><strong>ac</strong></span> <span class='ocrx_word' id='word_1_891' title='bbox 791 5377 873 5446; x_wconf 87' lang='lat' dir='ltr'><strong>vinci,</strong></span> <span class='ocrx_word' id='word_1_892' title='bbox 891 5375 1004 5447; x_wconf 87' lang='lat' dir='ltr'><strong>respicit</strong></span> <span class='ocrx_word' id='word_1_893' title='bbox 1017 5394 1083 5451; x_wconf 86' lang='lat' dir='ltr'><strong>ergo</strong></span> <span class='ocrx_word' id='word_1_894' title='bbox 1111 5374 1200 5446; x_wconf 84' lang='lat' dir='ltr'><strong>magis</strong></span> <span class='ocrx_word' id='word_1_895' title='bbox 1217 5377 1348 5432; x_wconf 82' lang='lat' dir='ltr'><strong>convenit</strong></span> <span class='ocrx_word' id='word_1_896' title='bbox 1367 5393 1431 5431; x_wconf 74' lang='lat' dir='ltr'><strong>crem</strong></span> <span class='ocrx_word' id='word_1_897' title='bbox 1446 5391 1522 5447; x_wconf 89' lang='lat' dir='ltr'><strong>seqq.</strong></span> <span class='ocrx_word' id='word_1_898' title='bbox 1536 5391 1623 5432; x_wconf 79' lang='lat' dir='ltr'><strong>rere:</strong></span> <span class='ocrx_word' id='word_1_899' title='bbox 1641 5378 1688 5431; x_wconf 82' lang='lat' dir='ltr'><strong>An</strong></span> <span class='ocrx_word' id='word_1_900' title='bbox 1699 5378 1846 5448; x_wconf 73' lang='lat' dir='ltr'><strong>ignoratis,</strong></span> <span class='ocrx_word' id='word_1_901' title='bbox 1865 5382 1942 5448; x_wconf 82' lang='lat' dir='ltr'><strong>qaod</strong></span> 
     </span>
    </p>
   </div>
   <div class='ocr_carea' id='block_1_3' title="bbox 251 5460 1941 5535">
    <p class='ocr_par' dir='ltr' id='par_1_4' title="bbox 251 5460 1941 5535">
     <span class='ocr_line' id='line_1_61' title="bbox 251 5460 1941 5535; baseline 0.001 -16"><span class='ocrx_word' id='word_1_902' title='bbox 251 5461 407 5519; x_wconf 76' lang='lat' dir='ltr'><strong>scincum</strong></span> <span class='ocrx_word' id='word_1_903' title='bbox 427 5460 539 5533; x_wconf 87' lang='lat' dir='ltr'><strong>spiritus</strong></span> <span class='ocrx_word' id='word_1_904' title='bbox 559 5466 587 5514; x_wconf 91' lang='lat' dir='ltr'><strong>et</strong></span> <span class='ocrx_word' id='word_1_905' title='bbox 606 5461 696 5515; x_wconf 73' lang='lat' dir='ltr'><strong>cunis</strong></span> <span class='ocrx_word' id='word_1_906' title='bbox 715 5463 744 5517; x_wconf 89' lang='lat' dir='ltr'><strong>in</strong></span> <span class='ocrx_word' id='word_1_907' title='bbox 756 5464 859 5520; x_wconf 81' lang='lat' dir='ltr'><strong>renatis</strong></span> <span class='ocrx_word' id='word_1_908' title='bbox 870 5461 933 5519; x_wconf 81' lang='lat' dir='ltr'><strong>Gal.</strong></span> <span class='ocrx_word' id='word_1_909' title='bbox 946 5469 970 5532; x_wconf 85' lang='lat'><strong>5,</strong></span> <span class='ocrx_word' id='word_1_910' title='bbox 992 5480 1017 5521; x_wconf 83' lang='lat' dir='ltr'><strong>v.</strong></span> <span class='ocrx_word' id='word_1_911' title='bbox 1043 5471 1081 5521; x_wconf 82' lang='lat' dir='ltr'><strong>it.</strong></span> <span class='ocrx_word' id='word_1_912' title='bbox 1111 5463 1225 5531; x_wconf 80' lang='lat' dir='ltr'><strong>anpelos</strong></span> <span class='ocrx_word' id='word_1_913' title='bbox 1237 5463 1447 5535; x_wconf 75' lang='lat' dir='ltr'><strong>judicabimus,</strong></span> <span class='ocrx_word' id='word_1_914' title='bbox 1470 5471 1575 5532; x_wconf 80' lang='lat' dir='ltr'><strong>quanto</strong></span> <span class='ocrx_word' id='word_1_915' title='bbox 1593 5465 1684 5532; x_wconf 75' lang='lat' dir='ltr'><strong>napis</strong></span> <span class='ocrx_word' id='word_1_916' title='bbox 1701 5464 1734 5518; x_wconf 84' lang='grc' dir='ltr'><strong>τὰ</strong></span> <span class='ocrx_word' id='word_1_917' title='bbox 1754 5465 1889 5534; x_wconf 62' lang='lat' dir='ltr'><strong>barrad?</strong></span> <span class='ocrx_word' id='word_1_918' title='bbox 1912 5466 1941 5521; x_wconf 89' lang='lat' dir='ltr'><strong>in</strong></span> 
     </span>
    </p>
   </div>
   <div class='ocr_carea' id='block_1_4' title="bbox 0 0 2021 6004">
    <p class='ocr_par' dir='ltr' id='par_1_5' title="bbox 0 0 2021 6004">
     <span class='ocr_line' id='line_1_62' title="bbox 0 0 2021 6004; baseline 0 0"><span class='ocrx_word' id='word_1_919' title='bbox 0 0 2021 6004; x_wconf 95' lang='lat' dir='ltr'><strong> </strong></span> 
     </span>
    </p>
   </div>
  </div>
 </body>
</html>
