4020 6014
250 289 289 347 84
828 275 952 336 LOCUS
970 273 1175 336 menemus
1192 275 1356 338 TERTIUS

249 434 320 491 ticos
349 439 379 491 et
406 433 572 506 apostolicos
602 434 688 490 libros
717 432 888 504 caminata,
917 433 993 507 quod
1018 432 1082 504 jure
1114 420 1386 504 diumtuamfipere
1404 434 1550 499 statueris,
1568 432 1788 501 directisque
1806 432 1949 502 episcopo,

250 521 449 593 reprehendat,
466 521 596 593 nuspiam
614 521 749 592 inveniat,
774 521 964 594 quaestionem
985 520 1020 576 da
1037 537 1083 576 vo·
1111 540 1165 592 quo
1185 523 1255 592 loco,
1273 540 1328 593 quo
1339 529 1462 592 tempore
1480 522 1522 575 ad
1533 521 1761 590 praedicandum
1779 519 1882 573 missus
1900 517 1950 586 sis,

111 614 236 662 uetita
252 607 360 665 catione
379 607 432 679 ipsi
446 614 547 679 movet,
565 625 651 681 quare
669 607 779 663 scilicet
795 623 865 679 opus
882 594 1084 663 reformationii
1111 609 1208 678 siqilla
1237 616 1262 664 et
1293 610 1391 664 literas
1417 616 1480 662 tuae
1509 607 1614 671 calibe,
1638 607 1872 676 quemadmodum
1898 606 1951 658 boc

251 695 382 767 coeperit,
401 712 465 750 cum
484 713 540 750 non
559 689 595 751 sit
612 693 749 766 propheta
768 695 813 750 rel
832 694 973 765 apostolus
991 693 1085 748 imme·
1111 697 1171 766 ipse
1204 714 1223 750 a
1254 696 1333 751 nobis
1365 695 1538 766 subreptitiis
1568 693 1728 747 doctoribus
1754 709 1862 746 summo
1880 692 1952 761 jure

253 782 330 838 dista
346 781 491 838 vocatione
508 787 537 836 st
554 781 702 852 conjuncto
720 781 767 835 isti
785 779 924 836 vocationi
942 779 1085 834 miraculo·
1107 784 1298 854 flapitandum
1316 784 1443 837 docuisti.
1478 782 1518 835 At
1538 781 1589 834 tibi
1606 781 1706 834 itemm
1725 779 1770 832 tic
1787 797 1864 848 aqua
1884 779 1950 832 bae·

252 885 313 924 rum
339 867 508 923 edendorum
534 866 790 932 concinnamus,
824 867 853 921 in
872 883 927 938 qua
951 851 1167 937 potestatelret,
1186 878 1230 924 sat
1248 871 1315 924 scio.
1349 886 1413 941 pag.
1434 875 1497 926 att:
1520 855 1618 935 Neque
1637 867 1672 920 ab
1691 866 1825 930 ecclesia,
1857 865 1952 918 idest

251 954 394 1028 negotium
418 961 476 1010 tam
505 954 621 1009 arduum
646 953 781 1024 coeperit,
815 959 844 1008 et
867 953 929 1024 quis
950 951 991 1006 illi
1016 952 1087 1007 hanc
1113 957 1259 1027 apopulo
1278 964 1443 1011 amoenata
1468 953 1681 1023 Witeberpensi,
1700 953 1854 1006 Lutberum
1871 951 1952 1005 insti·

252 1047 417 1115 potestatem
434 1041 562 1097 dederit?
582 1041 628 1096 Sic
645 1037 832 1097 enimaeribit
844 1039 1027 1096 Bellarminus
1037 1038 1086 1095 lib.
1113 1051 1200 1098 tutum
1220 1061 1288 1112 esse,
1308 1050 1358 1097 aut
1374 1044 1476 1098 saltem
1494 1041 1605 1096 institui
1616 1041 1745 1110 potuisse
1759 1057 1793 1094 ac
1813 1039 1952 1108 miudes,

253 1136 278 1186 t.
297 1129 332 1185 de
349 1127 422 1184 notis
441 1127 574 1184 ecclesiae
593 1145 616 1187 c.
639 1134 683 1185 tt:
704 1127 760 1191 Qui
770 1128 897 1191 mittitur,
910 1129 1087 1182 debetosten·
1113 1131 1192 1185 baud
1223 1131 1344 1201 difficile
1374 1137 1413 1183 est
1438 1129 1569 1199 probatu.
1624 1128 1700 1181 Nam
1728 1127 1848 1197 primum
1879 1126 1954 1180 nebel

253 1219 319 1271 dere
338 1217 495 1271 testimonio
514 1217 590 1286 ejus,
608 1233 626 1268 o
644 1233 698 1285 quo
716 1215 849 1284 mittitur,
867 1233 948 1269 mam
966 1216 1087 1268 auctori-
1113 1217 1255 1287 ejusmodi
1276 1224 1340 1270 acta
1363 1216 1454 1286 ipsius
1487 1222 1714 1279 commemorant,
1745 1230 1816 1283 quae
1840 1215 1952 1283 meent,

252 1313 354 1375 tatem,
379 1303 490 1374 alioqui
515 1321 594 1358 nemo
618 1311 725 1358 tenetur
748 1321 809 1357 eum
829 1304 953 1373 recepere
959 1324 970 1374 ,·
999 1303 1088 1358 omnis
1109 1304 1206 1374 potius
1224 1305 1384 1357 inconsulta
1401 1320 1462 1357 eum
1481 1303 1643 1367 temeritate,
1662 1300 1780 1369 leuitate,
1800 1298 1953 1353 ambitione

252 1399 359 1456 autem,
382 1391 432 1460 qui
449 1391 567 1444 mittitur
587 1392 629 1444 ad
640 1391 884 1460 praedicandum,
906 1391 951 1445 uel
968 1391 1087 1444 mittitur
1114 1398 1195 1460 atque
1223 1390 1289 1444 odio
1315 1392 1452 1443 adversus
1478 1388 1623 1455 familiam
1651 1388 1836 1440 diaconorum
1865 1403 1954 1454 quam

254 1495 273 1533 a
292 1479 357 1533 Deo
371 1494 425 1549 per
445 1478 609 1531 ordinarios
621 1479 778 1548 praelatos,
798 1479 842 1533 vel
862 1478 1088 1533 extraordinarie
1112 1478 1194 1546 jussu
1213 1477 1336 1545 alicrtp‘us
1354 1484 1403 1530 aut
1421 1477 1515 1545 officii
1525 1476 1666 1530 commissi
1677 1476 1788 1528 ratione
1800 1475 1842 1527 ad
1857 1456 1953 1526 indui·

255 1582 274 1620 a
290 1565 351 1620 solo
364 1565 437 1619 Deo.
473 1564 638 1634 thuidem
652 1565 702 1634 qui
712 1565 830 1619 mittitur
840 1582 895 1634 per
908 1565 1088 1619 ordinarium
1113 1565 1224 1633 pontias
1242 1566 1448 1635 oppupnandas
1465 1564 1580 1617 emisse.
1610 1563 1688 1617 Idem
1706 1561 1808 1631 repetit
1824 1561 1954 1616 Becanm

250 1652 429 1724 praelatum,
455 1651 535 1705 debet
563 1653 708 1706 ostendere
733 1652 918 1706 testimonium
945 1652 1089 1707 ordinarii
1114 1652 1143 1705 in
1161 1651 1231 1722 disp.
1249 1650 1282 1705 ds
1300 1652 1445 1707 vocatione
1462 1651 1657 1715 ministrorum,
1675 1649 1800 1705 Viennae
1819 1665 1855 1702 an
1877 1654 1954 1704 1616.

251 1738 378 1810 pastoris
390 1737 527 1807 praelati,
544 1738 675 1792 nimirum
696 1739 796 1793 literas
809 1740 871 1808 ejus
887 1739 983 1808 sipillo
1001 1739 1088 1793 muni·
1114 1738 1254 1806 instituta,
1286 1738 1314 1791 in
1343 1754 1399 1808 qua
1432 1737 1619 1792 demonstrare
1642 1743 1771 1803 conatur,
1798 1734 1954 1790 Lutherum

256 1835 318 1895 tas,·
344 1824 395 1894 qui
410 1839 476 1877 uero
498 1825 615 1878 mittitur
636 1842 654 1878 a
670 1825 732 1879 solo
752 1828 824 1893 Deo,
845 1827 924 1879 debet
943 1827 1087 1880 ostendere
1114 1843 1170 1880 non
1196 1825 1281 1880 inisse
1300 1824 1424 1896 legitime
1449 1841 1467 1878 a
1485 1824 1545 1879 Deo
1565 1828 1701 1878 vocatum.
1737 1824 1877 1876 Lutlterus
1900 1822 1954 1888 (in-

255 1911 380 1980 sipillum
399 1910 466 1974 Dei,
485 1911 562 1979 quod
577 1911 649 1965 nibil
662 1911 797 1965 estaliud
814 1930 897 1981 mam
914 1912 1086 1967 miraculum.
1115 1912 1182 1983 quit
1201 1911 1239 1966 th.
1260 1917 1310 1976 18.)
1331 1930 1388 1965 non
1407 1910 1464 1975 feeit
1484 1910 1632 1964 ordinarie
1655 1916 1769 1963 uocatus
1792 1917 1818 1962 ct
1842 1909 1954 1976 mesum,

255 1998 296 2051 Ex
320 2014 375 2069 quo
399 2002 496 2067 postea
521 1996 675 2066 concludit,
703 1998 854 2053 Latiarum
878 1999 954 2052 omni
978 2000 1088 2052 omnino
1115 2000 1182 2068 quia
1201 2015 1257 2051 non
1275 1998 1333 2070 ipsi
1348 1997 1455 2050 collata
1463 2004 1589 2066 potestas
1604 2003 1629 2049 ct
1637 1996 1810 2064 jrcrisdictio.
1841 1997 1954 2048 Tamet-

255 2084 385 2138 missione
397 2086 585 2138 acoocationc
597 2100 702 2153 carere,
721 2101 783 2137 cum
794 2101 845 2138 nec
862 2086 1088 2139 extraordinarie
1114 2087 1142 2140 si
1158 2087 1230 2139 enim
1243 2103 1262 2138 a
1279 2085 1418 2138 catholico
1437 2085 1566 2153 episcopo
1584 2084 1720 2136 sacerdot
1737 2098 1787 2135 seu
1801 2082 1955 2152 presbyter

256 2190 278 2226 a
292 2171 353 2224 solo
371 2172 444 2233 Deo,
463 2186 513 2223 nec
533 2171 680 2224 ordinaris
697 2187 751 2240 per
765 2172 914 2244 praelatos
932 2173 968 2226 sit
979 2173 1088 2226 missus.
1116 2174 1263 2226 ordinatus
1281 2172 1318 2224 sit
1336 2189 1370 2225 ac
1384 2172 1509 2240 proinde
1530 2171 1565 2223 ab
1578 2186 1610 2223 eo
1630 2170 1770 2239 acceperit
1785 2176 1955 2238 potestatem

255 2257 337 2313 Prius
361 2257 463 2327 probat
485 2257 514 2311 in
544 2256 591 2311 illo
618 2258 678 2328 ipso
700 2259 792 2329 capite
818 2256 845 2331 ξ.
869 2259 1016 2326 danastri,
1041 2259 1087 2313 ubi
1115 2259 1299 2315 consecrandi
1316 2258 1532 2327 eucharistiam
1552 2275 1605 2309 non
1625 2265 1716 2310 tamen
1738 2256 1847 2325 accepit
1863 2257 1899 2308 al
1920 2272 1954 2308 eo

256 2343 365 2410 scribit,
401 2344 554 2398 Latiarum
583 2346 624 2398 bis
660 2354 779 2400 tentasse
811 2347 952 2400 miracula
983 2348 1089 2412 facere,
1111 2353 1277 2416 potestatem
1296 2354 1322 2399 et
1336 2345 1570 2415 jurisdictionem
1587 2344 1769 2406 reformandi
1787 2343 1954 2410 relipionem

256 2432 370 2500 qnando
388 2431 495 2485 scilicet
514 2430 625 2484 dioboli
641 2451 660 2484 a
679 2434 803 2501 prodam
827 2433 925 2501 puella
952 2432 1089 2501 repulsio-
1116 2442 1141 2487 et
1158 2441 1259 2487 statum
1276 2431 1410 2486 ecclesiae
1430 2432 1460 2483 in
1480 2439 1538 2484 tota
1559 2430 1685 2483 Sassula
1708 2437 1735 2482 et
1760 2430 1860 2483 uicinis
1882 2448 1954 2501 par-

255 2535 316 2570 nem
338 2534 372 2571 ac
399 2517 501 2571 Niseni
525 2518 554 2570 in
578 2518 649 2572 Albi
671 2518 805 2588 suffocati
831 2518 1023 2573 recitationem
1051 2528 1089 2572 est
1116 2521 1195 2585 tibus,
1213 2536 1262 2572 nec
1283 2518 1469 2588 oppupnandi
1490 2517 1649 2570 doctrinam
1670 2516 1878 2571 Catltolioorum
1898 2522 1951 2577 ete.

256 2621 420 2675 appressus,
450 2612 596 2674 utrumque
621 2620 687 2657 uero
713 2623 839 2659 successu
864 2607 947 2659 irrita
975 2624 1010 2659 ac
1027 2608 1089 2670 fru-
1116 2607 1235 2674 necsuit
1250 2607 1441 2660 immediatea
1454 2607 1517 2658 Dco
1534 2611 1647 2658 vocatus
1665 2613 1692 2657 et
1711 2605 1822 2673 missus,
1839 2609 1863 2660 1.
1882 2604 1953 2672 quoia
1968 2625 2000 2668 η]

256 2699 388 2757 emoneo,-
407 2691 543 2762 posterius
559 2690 677 2762 probare
694 2699 810 2748 conatur
829 2692 875 2748 lib,
898 2700 919 2748 1.
938 2693 973 2748 de
984 2693 1091 2748 clericis
1117 2711 1173 2747 non
1195 2693 1289 2762 potuit
1315 2693 1374 2745 ullo
1399 2691 1521 2745 euidenti
1542 2692 1623 2760 sipno
1650 2692 1693 2744 uel
1718 2691 1854 2744 miraculo
1871 2707 1953 2744 amm

257 2795 281 2835 o.
301 2783 330 2834 3:
353 2780 419 2834 Non
433 2786 496 2833 sunt
513 2780 573 2833 ocri
587 2786 719 2849 pastores
742 2777 863 2850 (inquit),
884 2781 933 2848 aui
952 2798 1007 2834 non
1026 2789 1091 2834 sunt
1118 2781 1290 2834 vocationem
1314 2780 1450 2849 probare,
1477 2778 1517 2833 th.
1546 2784 1588 2834 55.
1624 2781 1650 2832 2.
1675 2779 1763 2832 multo
1793 2777 1952 2847 mendacia,

254 2884 309 2938 per
324 2866 668 2935 maausimpositionema
687 2867 762 2921 veris
778 2868 940 2936 pastoribus
957 2869 1092 2926 ordinati.
1119 2885 1230 2922 errores
1265 2875 1289 2920 et
1320 2866 1466 2932 falsitates
1499 2867 1610 2936 populo
1641 2866 1804 2935 proposuit,
1839 2864 1879 2919 th.
1910 2870 1953 2921 61.

259 2953 399 3007 Lutlrerus
416 2953 547 3020 nonfuit
561 2970 616 3025 per
634 2971 734 3007 manus
752 2954 956 3022 impositionem
980 2973 999 3008 a
1019 2955 1092 3008 verm
1118 2959 1144 3009 3.
1164 2954 1323 3008 doctrinam
1341 2971 1422 3007 tuum
1441 2955 1476 3006 de
1499 2954 1665 3020 obrepanda
1691 2952 1777 3005 missa
1799 2970 1818 3005 a
1838 2952 1954 3006 diabolo

255 3039 419 3110 pastoribus
436 3038 593 3104 ordinatus,
613 3056 668 3092 non
686 3057 705 3091 a
722 3040 788 3108 mis,
807 3041 867 3109 ipse
885 3041 957 3094 enim
975 3049 1015 3095 eet
1028 3043 1091 3112 pri·
1119 3040 1239 3111 occepit,
1271 3038 1310 3094 th.
1333 3044 1375 3096 66.
1412 3043 1436 3095 l.
1461 3040 1591 3110 nuspiam
1616 3040 1752 3108 scrsptum
1778 3047 1818 3092 est
1842 3039 1872 3092 in
1895 3040 1957 3093 Dei

260 3145 329 3196 mets,
346 3140 432 3194 neque
451 3133 515 3179 ante
528 3127 683 3194 eumfuere
696 3127 865 3191 lutherani,
883 3144 933 3181 nco
952 3146 969 3181 a
982 3129 1093 3193 nostris,
1119 3129 1208 3193 uerbo,
1225 3127 1378 3181 Lutlserum
1396 3129 1438 3180 ad
1454 3128 1669 3194 reformandum
1689 3125 1834 3179 carmeiam
1853 3144 1871 3179 a
1889 3128 1954 3180 Deo

259 3213 399 3286 eiauidem
423 3212 454 3265 in
482 3211 599 3266 ecclesia
619 3210 766 3265 Catltolica
790 3214 920 3279 nonfuit
939 3215 1093 3286 episcopus,
1120 3216 1247 3283 missum,
1264 3214 1330 3283 jam
1349 3230 1413 3266 vero
1432 3215 1547 3282 ipsemet
1566 3213 1648 3281 dicit,
1672 3213 1744 3266 nibil
1763 3228 1822 3266 esse
1841 3215 1954 3266 creden

260 3304 312 3358 sed
325 3299 483 3371 presbyter,
493 3299 560 3369 jam
577 3316 642 3354 uero
656 3301 818 3369 presbyteri
832 3317 887 3353 non
904 3301 1004 3354 babent
1018 3302 1093 3354 ordi·
1120 3304 1204 3369 dum,
1237 3301 1295 3354 nisi
1317 3300 1394 3369 quod
1418 3300 1448 3352 in
1471 3300 1552 3353 uerbo
1577 3300 1637 3352 Dei
1662 3300 1813 3370 scriptum,
1846 3299 1886 3354 th.
1912 3306 1953 3356 77.

261 3389 353 3443 madi
365 3394 539 3458 potestatem.
567 3386 609 3441 Ex
622 3404 676 3457 quo
688 3391 778 3457 putat,
798 3391 992 3458 argumentum
1011 3388 1093 3441 indis·
1121 3391 1148 3444 1.
1168 3388 1225 3452 fuit
1240 3386 1358 3456 publica
1378 3386 1503 3455 infamia
1520 3393 1649 3450 notatus,
1675 3387 1742 3456 quia
1760 3386 1874 3456 nuptias
1893 3404 1954 3441 cum

260 3475 377 3532 solubile
397 3474 505 3530 contexi
521 3490 617 3545 posse,
645 3473 721 3546 quod
734 3474 811 3546 apud
828 3491 946 3528 noanon
964 3475 1020 3528 sint
1038 3475 1095 3529 veri
1120 3475 1240 3528 moniali
1256 3475 1389 3538 instituit,
1415 3473 1453 3528 th.
1473 3478 1514 3529 68.
1554 3471 1780 3544 Ungersdorffius
1808 3472 1837 3528 in
1860 3482 1954 3545 gratu·

260 3568 385 3635 pastores
398 3578 430 3617 ac
443 3578 492 3631 per
508 3577 679 3632 consequens
692 3577 744 3616 nec
762 3577 828 3615 vera
848 3559 970 3616 eeclesia.
997 3560 1094 3615 Tribo·
1121 3561 1223 3617 latione
1244 3560 1281 3614 ad
1306 3564 1394 3615 status
1419 3559 1547 3614 Austriae
1574 3558 1602 3613 in
1625 3559 1716 3630 prima
1733 3559 1793 3614 acie
1811 3557 1955 3614 cons'tituit

260 3650 361 3704 manus
379 3647 491 3703 Cassius
510 3647 713 3703 aSeesterrurt
724 3646 753 3701 in
765 3645 995 3718 pseudojubilaeo
1010 3647 1096 3703 Wite-
1120 3649 1173 3704 hoe
1193 3654 1387 3719 argumentum
1404 3663 1468 3718 pag.
1493 3653 1549 3703 140.
1569 3646 1644 3717 quod
1663 3646 1801 3699 Lutberus
1817 3664 1873 3700 non
1885 3648 1955 3715 fise-

261 3732 389 3804 bergensi
420 3732 582 3804 Moguntiae
617 3733 691 3790 edito
719 3748 791 3788 anno
826 3738 899 3790 1603.
933 3749 998 3805 pag.
1032 3739 1095 3790 280:
1121 3733 1158 3785 rit
1176 3734 1277 3786 missus
1295 3751 1314 3786 a
1334 3734 1405 3797 Deo,
1427 3735 1569 3802 quodnam
1584 3733 1790 3801 possitdiccre,
1808 3749 1860 3800 per
1879 3735 1955 3802 quod

261 3821 338 3874 Jura
358 3818 500 3874 Caesarea
531 3819 673 3885 sanciunt,
704 3821 838 3874 neminem
857 3822 993 3874 mandene
1011 3821 1095 3891 impe·
1121 3820 1219 3873 ostium
1237 3819 1362 3884 intrarit,
1379 3820 1412 3872 id
1430 3825 1470 3873 est
1487 3836 1504 3873 a
1522 3836 1577 3890 quo
1595 3826 1623 3873 et
1643 3835 1698 3890 qua
1715 3819 1822 3873 ratione
1840 3825 1954 3874 vocatus

261 3906 372 3960 rotaria
391 3905 578 3975 qualicunque
597 3905 736 3973 dipnitate
744 3909 974 3976 praetendentem
993 3909 1094 3962 aclmit·
1121 3893 1260 3976 sit,'‹1uod
1278 3909 1361 3960 modo
1373 3908 1415 3960 ad
1426 3906 1623 3974 immediatam,
1641 3906 1723 3960 modo
1742 3907 1784 3958 ad
1800 3907 1954 3960 mediatam

261 3993 375 4047 lendum
393 4008 466 4061 esse,
493 3992 551 4045 nisi
574 3992 751 4062 imperatoris
771 3994 870 4047 literas
890 3995 919 4047 in
937 3995 1095 4049 testimonia
1120 3995 1290 4049 uocationem
1304 4001 1446 4062 prouocet.

262 4078 398 4143 celibrat,
416 4078 436 4132 l.
453 4078 526 4132 unic.
546 4079 577 4136 (l.
596 4078 630 4134 de
656 4079 778 4134 mandat.
803 4079 919 4152 princip.
938 4087 966 4136 et
991 4081 1007 4135 1
1033 4099 1093 4152 pro·
1160 4086 1213 4138 119.
1234 4080 1393 4152 Antequam
1412 4095 1479 4134 vero
1498 4095 1531 4134 ex
1549 4077 1672 4149 professo
1691 4077 1726 4131 de
1738 4077 1854 4134 Lutheri
1873 4095 1953 4135 voca·

259 4165 378 4222 bibitum
403 4164 498 4221 estro.
526 4165 560 4222 de
587 4167 652 4236 jure
683 4165 753 4226 fisci.
797 4168 864 4238 Ipse
891 4184 956 4222 sero
986 4170 1093 4239 seritis,
1121 4169 1195 4224 tione
1207 4185 1330 4240 agamus,
1341 4168 1397 4223 duo
1407 4165 1614 4239 praemonenda
1626 4182 1686 4220 esse
1698 4165 1838 4220 ducimus:
1865 4167 1952 4239 primo

261 4256 355 4308 Deum
385 4253 598 4323 quotiescunque
630 4253 808 4308 ordinarium
837 4262 945 4309 mutare
983 4259 1093 4309 modum
1123 4256 1196 4326 quod
1215 4255 1243 4309 in
1261 4255 1397 4325 principio
1415 4251 1616 4310 reformationis
1635 4256 1663 4307 et
1678 4254 1859 4308 certaminum
1872 4270 1953 4310 nemo

261 4340 340 4405 uelit,
370 4355 478 4407 semper
514 4339 651 4393 miracula
683 4341 809 4410 adjicere
842 4341 941 4396 solere.
990 4341 1094 4397 Scribit
1121 4343 1164 4396 vel
1185 4340 1400 4411 Pontificiorum,
1419 4340 1463 4396 vel
1483 4339 1710 4395 clanculariorum
1730 4341 1953 4412 concionatorum

261 4425 383 4480 Aetates
401 4433 463 4479 tuus
481 4425 649 4496 Philippus,
682 4445 823 4498 nunquam
847 4428 877 4481 in
895 4429 1005 4496 mapnis
1021 4436 1092 4483 tens·
1122 4428 1368 4498 Anabaptistarum
1388 4433 1416 4482 et
1435 4424 1677 4480 Enthusiastarum
1701 4428 1891 4498 quaestionem
1918 4427 1952 4482 de

262 4513 320 4567 bris
337 4513 534 4566 Deum-nouos
550 4528 651 4566 vocare
668 4514 808 4584 doctores,
834 4516 901 4584 quin
922 4530 1030 4585 semper
1054 4516 1094 4569 eis
1120 4514 1264 4569 vocatione
1279 4513 1334 4585 ipsi
1353 4529 1474 4584 unquam
1501 4513 1629 4580 movent,
1660 4514 1689 4568 id
1714 4514 1787 4586 quod
1809 4515 1954 4570 manifeste

261 4601 351 4654 addat
365 4600 548 4655 testimonium
559 4599 768 4656 miraculorum.
796 4604 858 4670 Ape
873 4620 946 4671 erpo,
960 4604 1094 4669 faenunc
1122 4602 1222 4674 arguit,
1241 4602 1316 4673 ipsos
1330 4618 1385 4655 non
1401 4599 1545 4670 habuisse,
1565 4602 1639 4673 quod
1656 4602 1684 4656 in
1706 4619 1739 4657 oa
1757 4601 1952 4671 desiderarent,

261 4688 356 4756 sipno,
384 4696 415 4742 ut
433 4706 451 4742 a
469 4690 533 4742 Deo
552 4693 577 4740 te
596 4687 711 4742 missum
730 4690 890 4744 sentiamus.
926 4691 965 4744 Et
978 4691 1094 4761 flapitat
1121 4688 1256 4761 siquidem
1275 4688 1402 4743 omnibus
1422 4690 1581 4757 constabat,
1606 4689 1759 4745 Luthcrum
1778 4689 1814 4742 ad
1832 4688 1952 4744 ministe-

261 4774 423 4844 neceesitas,
450 4783 551 4846 arpent
568 4775 668 4844 tostas,
687 4777 813 4845 postulat
833 4777 940 4832 Christi
955 4779 1050 4846 ploria
1070 4786 1094 4830 et
1121 4777 1191 4830 rium
1209 4774 1361 4830 ecclesiasti
1379 4792 1425 4829 um
1445 4781 1472 4830 et
1492 4775 1690 4847 professionem
1715 4776 1902 4831 academicam
1920 4792 1952 4830 ae

262 4861 411 4915 multorum
423 4863 563 4917 lominum
575 4863 663 4932 solus,
682 4863 733 4932 qui
743 4863 777 4916 de
794 4864 937 4917 vocatione
949 4873 998 4918 tuo
1016 4863 1097 4917 dubii
1121 4863 1235 4933 proinde
1256 4792 1454 4918 adtendentem
1473 4880 1540 4919 voce
1557 4870 1585 4919 et
1597 4862 1705 4932 scriptis
1722 4864 1952 4935 propugnandam

262 4947 434 5015 euanpelium
451 4955 527 5003 tuum
541 4950 665 5014 fraudes
685 4956 709 5002 et
727 4948 895 5022 imposturas
919 4967 1013 5004 meras
1036 4965 1093 5002 esse
1121 4949 1245 5020 legitime
1265 4955 1392 5003 vocatum
1413 4967 1479 5007 esse.
1524 4950 1651 5007 Secundo
1678 4947 1752 5019 quod
1772 4949 1954 5006 discernenda

261 5035 388 5091 seruiunt.
423 5051 489 5106 pag.
515 5041 578 5092 250:
611 5035 721 5099 Quaero
750 5051 782 5090 ee
813 5043 839 5090 te
868 5038 1003 5106 luthere,
1033 5054 1094 5090 cum
1122 5035 1234 5091 omnino
1258 5035 1294 5090 sit
1316 5036 1440 5107 quaestio
1466 5038 1501 5092 de
1523 5036 1647 5108 legitima
1675 5035 1818 5092 vocatione
1841 5037 1877 5092 ab
1897 5038 1954 5107 illa,

260 5120 491 5176 eetraordinaria
512 5130 538 5176 st
557 5123 720 5177 immediata
738 5122 799 5176 Dei
813 5122 955 5177 uoluntate
973 5121 1097 5192 plo-riori
1123 5139 1195 5194 quae
1215 5123 1248 5178 de
1267 5123 1408 5180 doctrinae
1425 5124 1542 5180 veritate
1566 5120 1727 5177 instituitur.
1763 5121 1861 5195 Neque
1881 5125 1954 5181 enim

261 5227 315 5264 non
328 5208 437 5278 possis,
461 5214 554 5262 utrum
571 5212 654 5279 forte
673 5210 726 5264 leae
752 5210 876 5265 mediata
901 5217 927 5264 ct
944 5210 1095 5264 ordinaria
1123 5214 1165 5265 est
1183 5208 1342 5265 immediata
1360 5217 1388 5266 et
1402 5216 1537 5285 perpetua
1548 5209 1681 5263 connexio
1694 5209 1766 5265 inter
1782 5213 1953 5268 vocationem

261 5297 302 5351 ad
322 5297 536 5361 reformandum
560 5297 683 5366 ueneris,
712 5304 742 5351 ut
767 5297 853 5353 bonos
870 5297 1026 5352 minatoria
1046 5305 1094 5350 tuo
1120 5295 1273 5368 legitimam
1294 5302 1322 5352 et
1340 5298 1492 5354 doctrinam
1507 5295 1651 5350 sinceram.
1687 5296 1783 5352 Potest
1800 5299 1860 5369 quis
1873 5315 1954 5355 voea-

261 5390 374 5450 constet,
399 5399 487 5454 neque
505 5401 524 5436 a
541 5383 621 5437 malm
639 5384 783 5453 impostor,
800 5384 955 5450 falsarius,
972 5385 1096 5453 pseudo·
1121 5382 1224 5439 tionem
1239 5384 1341 5441 habere
1358 5386 1509 5458 legitimam
1527 5387 1610 5452 atque
1630 5382 1738 5437 interim
1756 5382 1828 5437 falsa
1846 5391 1874 5439 et
1890 5386 1954 5441 hae·

256 5472 415 5540 propbeta,
446 5469 496 5541 qui
511 5476 541 5524 ut
560 5471 639 5540 apud
657 5471 826 5540 proplietam
847 5479 903 5541 est,
932 5471 1095 5540 cucurrerit,
1121 5471 1209 5526 retica
1229 5471 1342 5542 docere,
1372 5479 1403 5526 ut
1420 5472 1537 5541 apparet
1561 5467 1588 5521 in
1606 5468 1674 5535 illis,
1704 5470 1752 5541 qui
1775 5461 1899 5542 legitime
1919 5472 1953 5527 ad

261 5563 410 5627 antequam
430 5562 590 5622 uocaretur,
615 5556 743 5611 taleme.
782 5558 863 5622 Quod
881 5559 909 5613 si
924 5557 970 5613 bic
983 5559 1094 5629 praesi-
1123 5557 1304 5614 ministerium
1321 5555 1412 5612 vocati
1423 5553 1453 5617 in
1465 5552 1591 5611 haeresin
1609 5555 1799 5626 prolabuntur.
1824 5556 1954 5614 Vicissim
