4020 6014
208 213 244 270 14
634 238 637 245 ·
785 202 907 261 LOCUS
925 201 1129 262 VIOESIMUS
1147 202 1312 262 TERTIUS

204 374 287 414 sensu
306 364 456 430 quaerrmt,
473 375 511 414 an
527 357 564 414 sit
581 357 723 428 propheta
759 357 815 414 Sed
835 360 980 429 quaerunt.
999 370 1036 409 an
1063 357 1197 414 ecclosias
1213 357 1395 415 iundmento
1415 356 1566 431 prophetae
1581 356 1616 413 V.
1628 356 1660 413 T.
1680 359 1898 430 conjunguntur,

204 442 241 499 sit
257 442 333 498 Elias
350 443 402 500 hoc
419 460 517 507 sensu,
540 460 577 498 an
598 443 635 499 sit
652 443 730 498 Elias
749 441 796 496 ille
814 440 971 511 Thesbites,
989 439 1037 512 qui
1062 459 1118 514 qna
1137 443 1172 497 de
1188 461 1219 499 re
1237 444 1304 500 alibi
1321 445 1438 517 plenius.

204 545 287 584 curru
305 530 387 601 igneo
404 530 433 585 in
451 529 559 587 coelum
575 537 679 594 vectus,
697 530 777 600 cujus
792 528 912 583 reditum
929 527 958 581 iu
975 543 1036 597 per-
1098 534 1139 585 11.
1166 535 1191 585 4.
1211 529 1354 586 Ueitstum
1375 531 1458 585 etiarn
1483 529 1511 583 in
1529 530 1564 585 V.
1586 528 1620 586 T.
1638 528 1786 600 prophetas
1803 530 1898 584 vocari
1912 529 1963 569 ¹1¹·

205 632 273 670 sona
289 617 403 687 propria
423 615 622 688 exspectabant
639 632 673 671 ex
687 615 816 671 vaticinio
837 613 903 670 Mal.
922 620 947 682 4,
967 631 994 667 v.
1010 620 1035 671 5.
1062 614 1193 670 videntes.
1237 622 1259 672 1.
1280 616 1352 673 Sam.
1373 622 1403 680 9,
1427 633 1453 673 v.
1471 622 1500 671 a:
1525 616 1663 669 71111111
1680 631 1777 668 eomas
1798 617 1839 669 ad
1857 617 1898 668 si·
1912 588 1968 680 if

204 701 276 756 mule
295 702 443 758 intellecto.
479 702 554 774 Ergo
574 702 662 758 'stiam
681 707 832 773 quaerunt,
856 716 894 755 an
921 700 1037 768 111111-
1064 700 1187 770 1111111111,
1205 701 1254 770 qai
1271 702 1344 754 enim
1365 702 1448 755 hodie
1459 700 1627 770 prophetam
1645 700 1763 768 dicitur,
1786 702 1811 753 is
1829 702 1898 756 olim

204 786 289 860 pheta
310 786 363 844 hoc
380 804 475 854 sensu,
503 805 548 842 au¹
567 787 605 841 sit
621 805 693 842 unus
711 805 745 852 ex
762 786 901 842 veteribus
920 783 1037 855 prophe·
1063 787 1214 840 secabatur
1234 772 1456 860 11ξῆ1111111.
1487 786 1551 842 Eae.
1565 792 1607 852 30,
1621 802 1648 842 v.
1668 792 1712 842 10:
1736 787 1789 850 Qui
1801 788 1898 840 dicuat

204 875 241 928 tis
267 873 359 929 divino
377 873 510 930 miraculo
529 875 565 929 ad
584 872 655 929 hanc
671 874 756 928 vitam
773 880 933 936 revocatus,
963 870 1038 941 quod
1063 856 1188 945 iassab,
1209 874 1403 940 adsidentes,
1422 871 1601 924 resideatis.
1631 871 1755 942 'largum
1772 858 1899 945 Nffiqb,

204 960 295 1033 ipsum
304 959 455 1015 clarissime
463 960 602 1032 colligitur
615 976 648 1015 ex
661 959 827 1015 verbishnc.
836 975 859 1013 c.
870 964 894 1023 9,
903 975 928 1012 v.
937 963 960 1011 1.
968 960 1038 1012 1181
1063 960 1105 1011 ad
1118 959 1290 1030 prophetas;
1319 964 1377 1010 turn
1405 957 1470 1027 quia
1494 956 1655 1026 prophetiae
1672 974 1722 1029 per
1741 958 1899 1028 spirituales

206 1046 324 1100 Audiuit
340 1045 472 1100 Herodes
491 1047 633 1100 tetrarcha
651 1047 755 1111 omnia,
784 1062 856 1114 orsae
884 1044 988 1110 fiebant
1019 1060 1038 1096 a
1064 1044 1182 1098 visiones
1197 1044 1423 1099 acrevelationes
1436 1041 1496 1099 fieri
1509 1043 1647 1107 solebant,
1666 1043 1766 1099 Erech.
1790 1053 1812 1101 1.
1827 1063 1852 1098 v.
1869 1053 1899 1100 l:

207 1129 327 1203 Christo,
350 1141 375 1185 et
394 1132 558 1195 haesitabat,
583 1148 614 1186 eo
635 1134 713 1201 cited
731 1132 871 1185 diceretur
890 1148 908 1182 a
927 1129 1038 1198 111111-
1071 1129 1136 1184 Vidi
1153 1130 1273 1183 visiones
1289 1129 1355 1183 Dei.
1394 1127 1465 1184 Joel.
1487 1134 1518 1192 2,
1546 1146 1571 1182 v.
1592 1134 1638 1186 28:
1667 1130 1790 1184 Jaoerrea
1813 1129 1903 1184 vestri

205 1219 281 1281 dam,
298 1208 425 1271 Joarsaer
434 1217 731 1286 sarresitamortaia;
749 1216 945 1285 aptandam
964 1231 1037 1277 oero,
1063 1217 1182 1271 11111111
1208 1217 1360 1283 sideham
1387 1222 1446 1270 tum
1473 1215 1539 1287 quia
1566 1215 1718 1287 prophetae
1750 1216 1900 1270 illuminati

207 1303 291 1355 Elias
309 1303 457 1374 apparat·
481 1303 517 1354 ab
535 1301 604 1355 aliis
626 1309 727 1371 autern,
744 1302 888 1373 propbeta
910 1318 982 1354 auae
1003 1301 1038 1352 dc
1064 1301 1170 1373 Spiritu
1189 1301 1217 1357 S.
1233 1302 1328 1357 futura
1344 1309 1372 1357 et
1388 1301 1516 1356 absentia
1528 1318 1543 1356 1
1556 1300 1707 1374 longinquo
1721 1302 1900 1372 positsvide·

205 1388 329 1456 antiquis
350 1389 480 1443 11111111.
521 1386 759 1451 Quemadmodum
788 1387 874 1458 igitur
897 1383 1037 1440 Johannea
1063 1389 1148 1451 bant,
1173 1405 1256 1460 quam
1285 1387 1478 1458 appellationis
1501 1387 1634 1443 rationem
1655 1389 1741 1443 tradit
1760 1389 1901 1443 Lutherus

204 1473 280 1544 prins
298 1479 465 1544 negaverat,
484 1490 514 1527 se
531 1488 591 1527 esse
607 1471 706 1536 Elium,
725 1490 808 1528 sensu
830 1471 889 1527 scil.
911 1487 958 1535 ec,
983 1485 1037 1542 quo
1063 1475 1091 1529 in
1109 1475 1205 1545 explic.
1226 1492 1249 1528 c.
1275 1480 1297 1533 1.
1324 1472 1430 1527 Habac.
1456 1474 1522 1528 iude
1546 1474 1614 1529 Saul
1637 1474 1751 1529 amissas
1776 1477 1901 1547 parentis

204 1559 288 1631 legati
316 1561 523 1631 quaesiverant,
552 1575 588 1612 an
618 1559 655 1613 sit
678 1559 753 1613 Elias
780 1559 809 1612 in
831 1574 951 1630 persona
975 1573 1037 1626 pro
1063 1562 1107 1616 sui
1136 1561 1228 1615 asinas
1248 1560 1389 1632 requirens
1414 1557 1473 1613 abit
1490 1559 1526 1613 sd
1557 1560 1713 1615 Samuelem
1735 1561 1899 1631 prophetam

204 1645 278 1716 pria,
312 1662 375 1699 cum
400 1650 492 1699 mmen
516 1642 552 1698 ab
578 1643 678 1716 angelo
704 1643 773 1699 Luc.
801 1652 831 1712 1,
861 1663 887 1697 v.
916 1649 956 1698 11.
974 1648 1003 1696 et
1021 1658 1040 1695 a
1064 1664 1182 1718 eumque
1208 1655 1301 1717 rogat,
1328 1655 1358 1699 at
1384 1646 1489 1699 indicet
1514 1647 1569 1698 sibi
1594 1649 1682 1713 viam,
1720 1648 1765 1700 cni
1795 1647 1901 1703 scilicet

206 1729 314 1785 Christo
339 1730 400 1800 ipso
426 1728 524 1786 Matth.
555 1735 602 1798 11,
631 1748 656 1784 v.
686 1736 724 1785 11.
753 1729 807 1784 ulio
826 1745 908 1784 sensu
930 1728 1038 1782 dicatur
1063 1733 1190 1788 insistere
1214 1733 1329 1796 debeat,
1362 1738 1394 1785 ut
1424 1731 1515 1786 asinas
1546 1733 1682 1799 inveniat,
1717 1741 1738 1790 1.
1772 1736 1846 1788 Sam.
1875 1740 1901 1800 9,

206 1815 296 1884 Elias,
326 1816 456 1870 nimirum
489 1815 555 1886 quis
587 1815 616 1869 iu
649 1814 748 1886 spiritu
779 1821 808 1870 et
833 1814 935 1868 virtute
959 1814 1038 1868 Eliae
1064 1836 1087 1873 v.
1116 1824 1139 1874 6.
1172 1817 1313 1873 Dicuntur
1338 1817 1421 1872 etiam
1451 1808 1553 1881 511111
1584 1836 1602 1872 1
1633 1820 1691 1875 rad.
1725 1821 1787 1870 mvn
1821 1819 1901 1886 vidit,

206 1901 336 1956 Messium
361 1902 525 1972 praecessit3
544 1899 585 1956 ita
607 1918 717 1973 quoque
740 1908 880 1971 negatae
899 1916 958 1955 esse
976 1917 1038 1972 pro·
1064 1903 1215 1974 praevidit,
1248 1903 1394 1959 consuluit.
1439 1904 1543 1979 *1111111
1578 1905 1649 1957 vidit
1676 1922 1726 1975 per
1756 1904 1900 1958 revelatio-

205 1986 325 2058 phetam,
344 2004 426 2042 sensu
443 1987 500 2042 scil
515 2004 562 2058 eo,
581 2004 636 2058 quo
661 1986 747 2057 legati
771 1985 978 2057 quaesiverant,
1002 2001 1037 2038 an
1064 2006 1127 2044 nem
1152 1990 1283 2045 divinitus
1300 1990 1414 2059 factam,
1437 1991 1501 2046 inde
1524 1992 1589 2046 Am.
1612 1998 1640 2058 1,
1667 2009 1691 2045 v.
1721 1997 1758 2047 11.
1785 1998 1901 2047 vocatus

206 2075 242 2128 sit
259 2073 403 2145 propheta,
420 2073 438 2127 i.
458 2091 481 2129 1.
500 2072 612 2144 quidam
632 2089 665 2128 ex
678 2071 822 2145 prophetis
839 2070 978 2128 veteribus
996 2089 1037 2126 re·
1065 2064 1129 2149 trgi]
1158 2082 1186 2130 et
1210 2076 1271 2146 quis
1295 2075 1366 2131 alius
1393 2075 1528 2149 propheta
1558 2075 1622 2131 olim
1651 2076 1692 2129 ita
1720 2075 1809 2130 dictus
1835 2075 1900 2143 fuit,

206 2159 323 2223 divisus,
342 2176 405 2214 cum
422 2166 515 2213 tamen
533 2157 587 2214 alio
606 2175 690 2213 sensu
708 2173 773 2212 vere
793 2157 879 2213 fuerit
894 2156 1038 2228 propheta,
1067 2168 1088 2217 1.
1109 2163 1181 2218 Sam.
1202 2167 1232 2230 9,
1260 2179 1287 2218 v.
1311 2169 1334 2218 9.
1358 2169 1387 2217 et
1410 2163 1606 2233 prophetarum
1631 2160 1744 2216 oracula
1767 2162 1900 2217 dicuntur

205 2244 333 2300 nimirum
356 2244 542 2316 poenitentiae
568 2260 600 2298 ac
627 2243 754 2315 justitiae
781 2259 896 2315 praeco,
920 2242 1039 2298 Messias
1065 2237 1180 2322 111εῆ1111,
1199 2246 1271 2302 Joel.
1291 2253 1314 2316 1,
1339 2265 1364 2302 v.
1384 2252 1426 2304 18.
1446 2246 1521 2303 Esai.
1544 2256 1570 2316 1,
1596 2265 1622 2300 v.
1643 2254 1663 2301 1.
1704 2252 1727 2302 1.
1748 2246 1850 2305 Chron.
1873 2259 1898 2315 11,

205 2347 380 2404 praecursor,
412 2329 448 2386 N·
474 2331 508 2386 T·
537 2329 660 2386 minister
691 2339 743 2387 etc.
778 2336 805 2385 3.
836 2329 1040 2399 (1111111111-
1065 2352 1090 2388 v.
1115 2331 1420 2399 1111111111.11
1456 2332 1520 2388 Esa
1539 2338 1580 2396 ao,
1600 2350 1625 2388 v.
1649 2339 1695 2388 10:
1727 2331 1900 2394 1111111111

200 2418 350 2491 piratarum
388 2417 499 2470 nomiae
536 2417 649 2470 oeoiaot
685 2418 715 2470 ia
751 2418 833 2471 dictas
869 2415 1039 2488 apostolicis.
1066 2402 1197 2480 Ε11111ξ,
1216 2419 1413 2484 adsidentes,
1435 2436 1469 2471 rsa
1492 2420 1614 2472 videatis
1648 2418 1735 2474 11111.
1771 2417 1898 2488 Targum

191 2484 229 2560 Ι1.
250 2503 312 2559 Cor.
331 2508 371 2572 11,
388 2521 413 2558 v.
432 2507 479 2558 28:
506 2503 647 2566 Quosdam
667 2505 779 2572 quidem
792 2503 889 2573 posuit
907 2504 989 2555 Deus
1009 2501 1038 2553 ia
1067 2488 1219 2580 1121111111,
1242 2507 1283 2557 od
1309 2507 1454 2574 doctores,
1482 2504 1548 2576 quia
1571 2504 1723 2574 prophetae
1751 2505 1780 2557 in
1806 2505 1900 2558 causis

205 2589 324 2643 ecclesia
339 2587 464 2658 primam
483 2589 642 2658 apostolos,
660 2590 782 2643 secando
798 2589 964 2660 prophetas,
985 2597 1039 2641 ter·
1066 2590 1204 2660 perplexis
1224 2588 1350 2645 solebant
1366 2589 1482 2654 consuli,
1500 2607 1533 2644 ac
1547 2606 1598 2660 per
1614 2589 1684 2657 iilos,
1702 2595 1734 2642 ut
1752 2589 1900 2661 Scriptura

205 2677 244 2731 tio
258 2678 395 2743 doctores,
409 2676 512 2728 ddade
529 2675 652 2742 virtutes,
665 2676 765 2730 saiada
778 2676 950 2729 charismata
958 2691 1039 2727 caro·
1067 2677 1197 2749 loquitur,
1216 2695 1247 2731 os
1258 2678 1378 2731 Domini
1386 2678 1568 2748 iuterroyari,
1586 2675 1640 2747 ipsi
1659 2674 1733 2731 euim
1751 2693 1800 2746 per
1818 2677 1901 2730 visio-

205 2763 320 2829 tiorsam,
337 2761 550 2833 opitulationes,
567 2762 789 2829 scienotiam,
808 2778 913 2828 seuero
930 2761 1041 2828 tiraso-
1067 2781 1117 2817 ues
1142 2779 1304 2834 responsum
1328 2780 1345 2818 a
1370 2762 1432 2817 Deo
1457 2762 1640 2834 accipiebant.
1683 2761 1800 2832 Insuper
1824 2763 1902 2832 quod

205 2867 277 2903 rum.
314 2845 388 2918 Eph.
408 2853 439 2911 1,
457 2864 481 2900 v.
502 2852 548 2901 ii:
578 2847 741 2918 [perdedit
769 2848 905 2915 pmsdom
928 2847 1041 2916 quidem
1069 2850 1141 2904 oculi
1157 2855 1222 2904 sunt
1240 2848 1269 2904 in
1287 2866 1402 2920 corpore
1420 2849 1549 2917 humano,
1569 2848 1598 2903 id
1617 2848 1768 2918 prophetae
1783 2865 1818 2903 ac
1837 2848 1903 2903 doc·

206 2934 358 3005 apostolos,
377 2934 513 3003 amasiam
532 2941 625 2986 amem
639 2933 802 3002 prophetas,
822 2933 957 3001 quosdam
976 2948 1042 2986 vero
1069 2941 1141 2991 tores
1158 2943 1224 2991 sunt
1240 2935 1269 2990 in
1281 2935 1406 2999 ccclesia,
1423 2936 1520 2990 merito
1536 2951 1602 3006 ergo
1615 2933 1740 2990 videntes
1757 2939 1903 2991 vocentur.

207 3019 407 3088 1119111111,
439 3019 576 3087 quosdam
605 3035 670 3072 vero
698 3020 826 3071 doctum
855 3025 881 3071 et
904 3025 1042 3090 pastores.
1069 3021 1132 3078 Huc
1149 3021 1288 3094 pertinent
1310 3022 1441 3076 vaticinia
1465 3021 1661 3092 prophetarum
1682 3029 1710 3074 et
1726 3021 1904 3091 apocalypsis

206 3105 429 3177 Respondemus:
441 3101 618 3159 manifestum
627 3109 670 3157 est
681 3120 714 3159 ex
725 3103 1045 3169 textuscircumstantiis,
1068 3107 1222 3172 Johannea,
1241 3108 1270 3162 in
1289 3107 1390 3179 quibus
1408 3107 1522 3162 videndi
1539 3107 1654 3162 verbum
1671 3123 1722 3177 pro
1742 3105 1843 3160 divinia
1861 3124 1903 3161 re·

207 3192 310 3248 nonde
329 3190 472 3262 prophetis
489 3188 523 3245 V.
544 3188 577 3242 T.
598 3190 647 3265 sed
666 3189 700 3243 de
720 3195 796 3244 certo
817 3190 936 3261 quodam
954 3189 1044 3262 gradu
1069 3194 1252 3250 velationibus
1277 3212 1327 3264 per
1345 3192 1478 3248 mentales
1509 3193 1552 3247 vel
1579 3192 1663 3247 etiam
1681 3199 1807 3248 externas
1837 3193 1903 3247 visi-

208 3287 293 3349 atque
314 3276 410 3332 ordine
437 3275 623 3330 ministrorum
654 3275 689 3332 N.
712 3274 745 3331 T.
777 3276 932 3348 apostolum
958 3275 1042 3346 loqui,
1070 3298 1136 3336 ones
1174 3279 1256 3335 iactis
1287 3279 1446 3351 saepissime
1480 3279 1608 3333 occurrit.
1663 3277 1903 3343 Quemadmodum

208 3382 271 3421 cum
291 3364 326 3420 de
345 3362 456 3418 Christo
477 3362 514 3419 ad
534 3362 659 3417 dextram
675 3361 768 3418 Patris
786 3362 905 3419 exaltato
925 3362 1043 3433 dicatur,
1069 3367 1189 3422 visiones
1219 3373 1348 3422 externae
1378 3365 1406 3420 in
1437 3365 1520 3420 rebus
1556 3364 1728 3419 naturalibus
1757 3366 1904 3437 requirunt

208 3451 283 3525 qnod
312 3449 445 3506 ecclesiae
478 3465 544 3504 suae
580 3449 672 3503 mittat
698 3451 856 3521 apostolos,
883 3449 1043 3520 prophetas,
1069 3454 1158 3507 lucem
1179 3453 1315 3524 aliquam,
1341 3452 1407 3523 quia
1429 3450 1487 3506 sine
1509 3451 1573 3505 luce
1597 3450 1666 3505 nihil
1684 3458 1777 3522 potest
1794 3451 1903 3522 videri,

209 3538 403 3609 coonustatur,
411 3544 541 3607 pastores
553 3543 579 3589 11
598 3537 732 3592 doctores.
771 3534 949 3590 Manifestum
961 3536 1043 3590 etiam
1070 3540 1109 3594 ita
1128 3556 1239 3610 quoque
1259 3538 1442 3594 revelationes
1467 3537 1530 3592 illae
1547 3536 1726 3608 propheticae
1743 3536 1902 3594 interiorem

209 3624 279 3680 illud
298 3641 331 3679 ex
348 3628 440 3678 textus
459 3622 685 3691 circumstantiis,
707 3621 859 3694 prophetae
879 3621 1042 3693 appellatio·
1070 3627 1210 3697 quandam
1228 3624 1456 3680 illuminationem
1468 3623 1587 3695 Spiritus
1598 3621 1901 3694 habentconjuuctam.

211 3728 273 3765 nem
293 3709 396 3765 ibidem
416 3725 472 3762 non
491 3707 578 3778 accipi
598 3696 765 3778 generaliter
778 3726 828 3780 pro
841 3707 937 3779 quovis
956 3707 1042 3763 eccle·
1070 3711 1388 3775 ”Dicunturoideutea
1402 3709 1469 3783 quia
1480 3709 1601 3764 muneris
1616 3726 1708 3765 eorum
1722 3716 1782 3763 erat
1795 3709 1901 3774 videre,

209 3798 265 3851 siae
292 3793 417 3849 ministro
441 3810 474 3848 ac
499 3791 691 3848 vaticiniorum
719 3794 941 3864 propheticorum
960 3793 1046 3849 inter-'
1069 3816 1105 3854 ns
1128 3798 1248 3869 populus
1279 3797 1435 3853 detrimenti
1461 3796 1528 3868 quid
1556 3799 1674 3866 caperet.
1716 3793 1760 3850 Ob
1784 3795 1901 3851 candem

208 3890 293 3955 prete,
318 3898 383 3935 cum
400 3880 550 3951 prophetae
570 3879 762 3937 edoctoribus
781 3887 809 3937 11
825 3879 983 3953 pastoribus
1004 3879 1044 3933 di·
1070 3902 1182 3940 oausam
1200 3883 1336 3955 propheta
1356 3883 1438 3938 etiam
1459 3881 1604 3937 dicebatur
1626 3869 1700 3955 11111,
1730 3881 1900 3951 speculator,

209 3969 403 4038 atinguantur3
429 3970 516 4021 restat
533 3965 628 4038 igitur,
654 3972 686 4021 ut
712 3967 822 4021 nomine
846 3965 1044 4038 prophetarum
1069 3968 1514 4038 uzech.a,v.1t.Jer.s,1t.ersnt
1525 3965 1756 4036 euimprophetae
1767 3966 1900 4023 divinitus

210 4053 379 4126 accipiamus
408 4068 469 4118 eos,
503 4052 551 4123 qui
588 4051 616 4106 in
654 4052 766 4108 exordio
795 4051 829 4110 N.
859 4052 891 4110 T.
927 4053 1044 4125 prophe·
1070 4056 1149 4129 quasi
1177 4056 1206 4111 in
1225 4055 1339 4127 specula
1355 4053 1496 4110 constituti
1515 4060 1544 4109 et
1562 4052 1696 4119 collocati,
1716 4061 1748 4107 ut
1769 4052 1901 4109 excubias

210 4142 266 4196 tiae
294 4139 366 4193 dono
403 4138 531 4192 instructi
555 4137 651 4192 futura
679 4138 896 4208 praedicebant,
921 4139 1044 4211 viguisse
1068 4139 1900 4215 egerentprocommunitotiuspopuIisalute.chrysostomus

210 4228 283 4283 enim
303 4233 363 4281 tum
381 4223 512 4295 temporis
530 4226 613 4279 etiam
633 4224 685 4279 hoc
703 4224 839 4280 charisma
864 4225 893 4280 in
917 4224 1043 4306 eccisus,
1068 4230 1098 4282 in
1115 4244 1175 4298 cap.
1196 4233 1218 4282 1.
1236 4227 1309 4282 Esai.
1328 4233 1393 4284 tom.
1415 4233 1438 4283 1.
1457 4226 1509 4283 col.
1534 4229 1592 4280 118.
1613 4225 1683 4279 duas
1697 4224 1900 4297 111111111111,

209 4313 348 4384 colligitur
363 4327 396 4365 ex
415 4311 478 4366 Act.
499 4317 538 4378 11,
556 4328 581 4365 v.
600 4316 641 4366 11.
669 4310 788 4384 Quidam
800 4315 893 4368 tamen
905 4317 1043 4380 statuunt,
1069 4328 1155 4385 quare
1165 4313 1317 4384 prophetae
1329 4313 1398 4367 dicti
1409 4312 1513 4367 inerint
1523 4311 1658 4378 videntes,
1677 4327 1793 4383 quarum
1810 4312 1902 4381 prims

208 4417 258 4472 per
276 4396 425 4469 prophetas
438 4397 466 4450 in
484 4395 538 4450 illis
552 4397 620 4451 locis
632 4395 759 4467 intelligi,
778 4396 827 4470 qui
844 4397 1043 4468 prophetarum
1069 4407 1123 4464 est,
1150 4399 1216 4471 quia
1244 4398 1388 4463 videbant,
1420 4414 1491 4470 quae
1516 4403 1608 4452 essent
1634 4402 1781 4461 eventum
1804 4396 1901 4468 altera,

208 4483 311 4556 scripta
347 4500 379 4537 ex
406 4482 541 4553 singulari
571 4481 691 4554 quadam
726 4481 892 4539 revelatione
923 4483 1042 4555 Spiritus
1068 4485 1184 4557 quises
1207 4501 1278 4555 quae
1306 4483 1525 4556 prophetabant,
1545 4489 1602 4538 tam
1620 4488 1696 4539 certa
1713 4489 1806 4551 erant,
1824 4483 1900 4539 acsi

208 4571 298 4626 sancti
319 4569 452 4642 ἀσφαλῶς
465 4577 493 4623 11
507 4567 692 4623 infallibiliter
703 4568 877 4639 interpretari
892 4571 1041 4640 potuerint,
1068 4589 1161 4628 coram
1176 4573 1236 4641 jam
1248 4570 1424 4627 vidissent.”

209 4674 240 4711 ac
271 4661 361 4728 potest
392 4660 510 4726 utraque
542 4653 733 4725 interpretatio
764 4654 840 4709 haud
868 4654 1041 4710 incommode
1102 4663 1143 4714 11.
1181 4664 1204 4712 5.
1221 4656 1377 4727 Prophetae
1388 4656 1470 4712 etiam
1482 4656 1594 4712 iuenrnt
1613 4654 1747 4726 appellati
1765 4656 1824 4710 oiri
1832 4655 1901 4724 Dei,
1914 4668 1968 4711 av

209 4742 349 4814 conjungi.
385 4740 483 4812 Neque
503 4747 596 4796 tamen
615 4758 648 4796 ex
665 4757 697 4796 eo
713 4739 808 4796 inferri
820 4738 912 4810 debet,
932 4739 1002 4814 Eph.
1016 4746 1041 4808 1,
1067 4744 1133 4816 qnia
1151 4743 1208 4798 scil.
1227 4748 1293 4797 sunt
1312 4744 1424 4798 divinae
1442 4743 1591 4799 voluntatis
1612 4741 1791 4811 interpretes,
1814 4741 1901 4814 legati
1915 4721 1965 4762 Μ

209 4849 233 4883 v.
250 4836 290 4885 20.
307 4829 512 4900 prophetaram
529 4828 722 4897 appellatione
734 4827 834 4881 itidem
847 4846 903 4883 soa
926 4829 1178 4896 Veteris,iDcmini
1210 4835 1240 4884 et
1274 4828 1425 4885 ministerio
1463 4829 1516 4885 Dei
1550 4827 1727 4900 peculiariter
1761 4827 1901 4883 destinati.

208 4917 259 4969 sed
284 4915 359 4969 Novi
386 4914 458 4970 Test.
482 4914 638 4984 prophetas
662 4914 730 4967 istos
759 4912 896 4983 iutelliyi,
923 4918 955 4968 ut
981 4910 1090 4972 vultll,
1115 4917 1189 4972 Sam,
1214 4920 1244 4984 1,
1270 4932 1295 4968 v.
1321 4921 1369 4971 27:
1405 4915 1483 4970 Vertit
1510 4916 1554 4969 sir
1576 4915 1648 4980 Dei,
1674 4898 1802 4989 ΕἮἙᾉἸ
1826 4900 1900 4977 uta.

210 5001 326 5055 Socinus
352 5000 381 5053 in
401 4997 501 5069 explic.
519 4999 574 5052 loci
593 4997 690 5054 Matth.
718 5004 756 5055 16.
780 5016 807 5069 p.
835 5003 877 5055 16.
904 5005 947 5053 est
965 4998 1039 5052 enim
1066 5001 1189 5072 Targum
1208 5003 1256 5074 ΓΠ,
1272 5001 1372 5077 Νξὲιξ,
1384 4997 1775 5070 prophetoDomirri,LXXd
1789 4997 1901 5072 ἅνθρω-

210 5080 303 5155 disrra'r
321 5084 483 5141 rstioiilius
503 5083 602 5140 locist
621 5084 746 5140 aliorum
777 5083 912 5140 Doctrina
931 5091 1041 5156 sposto-
1067 5106 1118 5147 πος
1135 5090 1213 5142 θεοῦ.
1243 5086 1345 5141 Rabini
1364 5093 1484 5152 monent,
1504 5087 1599 5141 decem
1617 5077 1703 5140 fuisse
1719 5083 1771 5140 hoc
1790 5086 1901 5141 nomine

209 5172 261 5227 lica
280 5172 314 5226 de
332 5171 441 5226 Christo
458 5169 634 5225 constituitur
654 5170 693 5225 ibi
719 5170 930 5226 fundamentum
957 5170 1042 5226 eccle-
1066 5171 1594 5243 1111111111,11111111111111,
1607 5168 1724 5235 Elissae,
1736 5169 1901 5237 Samuelem,

209 5259 274 5327 sies,
289 5256 339 5311 1111
347 5256 413 5329 quia
421 5271 485 5310 cum
492 5253 654 5326 prophetica
663 5264 759 5311 exacte
768 5257 909 5328 congruit,
924 5258 987 5315 Act.
999 5262 1041 5323 16,
1066 5257 1212 5321 Davidem,
1227 5255 1375 5327 Samaiam,
1391 5258 1472 5327 ludo,
1489 5256 1589 5327 Ellam,
1607 5257 1756 5326 Eliseeum,
1769 5254 1900 5321 llichem,

209 5360 234 5399 1.
253 5348 293 5398 ti.
325 5342 405 5397 Rom.
431 5345 456 5406 1,
471 5357 497 5395 v.
519 5346 560 5397 11.
580 5340 643 5396 ideo
661 5342 793 5413 apostolis
812 5343 841 5398 in
859 5341 1043 5400 describendo
1067 5344 1171 5413 Amen
1185 5342 1235 5398 sed
1247 5344 1396 5400 ostendunt
1410 5342 1545 5414 exempla,
1557 5341 1642 5397 fuisso
1658 5358 1758 5399 nomen
1768 5342 1901 5416 31111111
