4020 6014
704 140 757 198 DE
776 135 1028 200 nnmerum
1045 136 1234 196 romuleo.
1759 143 1821 202 328

124 306 227 364 regem
252 293 281 348 Is
300 301 427 363 praeerat
443 295 549 351 cohorti
564 294 671 367 regiae,
692 312 763 366 quae
783 312 817 352 ex
836 293 956 350 selectis-
984 291 1166 360 indicabatur
1183 292 1219 349 de
1235 292 1333 360 aaa
1353 307 1427 365 quas
1436 289 1696 362 sliquidhsbsbsut
1712 297 1821 348 coutro-

124 378 210 445 simis,
228 377 516 451 fidelissimisregique
530 379 712 449 amicissimis,
730 379 868 435 nobilibus
886 377 958 432 scili·
985 378 1106 461 versiaffi
1133 395 1167 433 ac
1185 380 1242 434 tale
1259 379 1409 449 synedriou
1426 395 1543 449 parvum
1563 377 1670 433 eratin
1691 376 1818 448 quelibet

125 470 170 517 cet
196 470 225 517 et
250 464 394 533 dynastis,
421 466 468 536 qui
496 483 559 519 cum
583 482 650 535 rege
673 465 769 520 nutriti
795 472 824 520 et
849 462 958 519 educati
985 462 1099 518 civitate
1115 464 1211 533 israbl,
1231 482 1302 535 quae
1321 465 1444 519 habebat
1464 470 1512 519 120
1530 464 1644 518 incolas.
1679 464 1818 529 Maesone

124 548 243 613 inerant,
263 550 425 619 constabat,
448 553 522 605 uude
546 558 606 606 erat
628 553 711 620 quasi
730 554 788 605 ane
806 560 832 603 et
848 551 958 618 primus
984 549 1130 604 constabat
1153 550 1331 621 septuaginta
1350 550 1507 619 judicibus,
1532 550 1581 621 qui
1596 548 1763 619 judicabant
1781 548 1816 603 de

123 636 196 687 inter
222 636 306 688 calae
331 638 438 690 nobiles
463 647 487 690 et
518 640 594 705 repis
617 639 731 691 amicos.
774 636 918 693 Coroebus
941 652 958 688 e
984 624 1097 689 summis
1108 636 1210 702 causis,
1228 653 1260 690 ac
1276 637 1332 691 tale
1347 637 1485 706 judicium
1498 644 1655 692 eratuuum
1674 638 1817 704 amares,

123 720 222 790 Lapid.
241 721 268 773 iu
289 739 386 778 comni
405 739 428 775 c.
448 729 489 778 26.
510 722 578 778 Gen.
600 722 670 778 Gen.
688 729 730 786 41,
750 740 774 774 v.
794 729 835 777 to.
854 721 955 775 Pselm.
984 721 1142 791 etquidem
1161 722 1367 792 Hierosolymis.
1406 723 1488 778 Dcut
1510 730 1555 786 16,
1580 741 1607 779 v.
1629 729 1666 778 18.
1681 725 1817 793 jubentur

127 811 190 872 105,
224 824 250 858 v.
287 813 328 862 21.
384 808 523 877 Josephus
554 809 729 862 constituitur
763 825 782 862 a
813 808 957 862 Pharaone
984 805 1113 860 constitui
1146 796 1287 882 152Ἷηῖ111,
1309 799 1432 883 0³be
1450 809 1560 876 judices
1583 815 1612 863 ct
1633 809 1767 878 praefecti
1784 810 1818 863 in

124 892 249 962 Aegypti
269 909 335 962 rege
357 892 513 961 praefectus
531 895 628 948 domus
646 904 674 949 et
691 894 777 948 totius
795 894 881 964 regni.
915 893 958 945 Tu
984 889 1110 944 omnibus
1141 893 1228 961 portis
1251 893 1295 947 vel
1320 895 1492 962 civitatibus,
1527 896 1562 949 do
1585 912 1702 966 qnorum
1721 895 1816 950 distin·

125 978 182 1029 eris
201 977 314 1048 (inquit)
334 996 420 1047 super
451 982 564 1033 domam
588 998 691 1047 meane,
726 990 752 1034 et
776 983 816 1034 ad
835 982 877 1033 tei
899 981 957 1034 orie
983 977 1076 1032 ctione
1099 978 1166 1032 haec
1195 980 1311 1034 uadunt
1329 979 1446 1035 Rabinit
1475 980 1636 1050 Schoptltim
1662 982 1816 1053 (inquiunt)

124 1064 271 1132 imperium
303 1073 416 1118 cunctus
447 1067 572 1134 popalus
603 1067 723 1132 obediet,
758 1085 814 1119 ano
851 1073 957 1118 tantam
984 1072 1047 1116 sant
1058 1064 1182 1131 judices,
1197 1066 1247 1133 qni
1258 1066 1444 1118 deterruissent
1459 1084 1573 1120 coruom
1587 1067 1646 1121 sebe
1658 1069 1816 1137 judiciam,-

123 1149 206 1215 repni
231 1151 303 1224 solip
331 1157 357 1202 te
383 1154 563 1219 praecedam,
592 1170 619 1205 v.
651 1159 694 1206 41.
735 1154 808 1206 Ecce
828 1152 957 1204 constitue
984 1149 1117 1202 echotrim
1140 1159 1212 1219 eard,
1236 1151 1286 1219 qni
1305 1153 1486 1206 dominch
1498 1153 1606 1224 populo
1627 1161 1652 1207 st
1671 1171 1818 1224 meerm-

125 1242 151 1286 te
177 1252 261 1302 merser
287 1236 444 1289 anismam
470 1246 575 1291 terram
601 1239 728 1307 Aepypts',
760 1256 786 1292 v.
813 1243 855 1293 45.
883 1237 958 1290 unde
985 1242 1030 1287 tnr
1047 1237 1184 1288 mandato
1201 1253 1296 1289 eoram
1315 1256 1375 1290 cum
1400 1239 1482 1306 sirpo
1507 1245 1534 1292 ct
1548 1239 1676 1307 flapcllo.
1714 1239 1818 1295 Viden·

125 1319 235 1373 vocavit
242 1336 304 1374 eum
311 1323 522 1377 amatissimam
531 1325 723 1378 canitici-iem
733 1323 821 1378 Exod.
834 1328 872 1390 18,
882 1339 906 1377 v.
917 1327 957 1376 21.
984 1327 1030 1373 tur
1051 1320 1136 1390 igitur
1162 1322 1293 1376 schotrim
1311 1323 1402 1393 potius
1419 1323 1505 1377 inisse
1529 1322 1662 1378 officiales
1688 1331 1717 1378 et
1733 1341 1817 1396 apps-

125 1404 222 1459 Jethro
239 1405 331 1476 Moysi
350 1424 453 1477 genero
472 1426 522 1463 suo
539 1410 649 1471 suadet,
676 1416 708 1463 ut
726 1410 875 1464 constituat
895 1409 957 1461 mii·
984 1405 1082 1460 ritores
1102 1423 1186 1476 quam
1211 1407 1404 1478 magistratus,
1431 1408 1499 1479 quin
1523 1409 1732 1479 magistratibus
1755 1426 1818 1480 pro·

125 1491 285 1560 tenerioris,
295 1495 477 1560 centwiones,
488 1495 957 1562 quinquepenoriosetdccnrioner,
985 1493 1044 1561 prie
1070 1494 1204 1562 competit
1232 1501 1291 1547 turn
1316 1495 1474 1564 jurisdictio
1502 1502 1531 1549 et
1560 1511 1661 1550 cauam
1687 1496 1817 1567 cognitio,

125 1577 176 1642 qai
188 1579 327 1644 papatem
340 1579 473 1646 judicent
497 1598 524 1635 v.
544 1585 584 1634 22.
604 1579 740 1650 quidquid
757 1581 847 1650 majus
866 1580 957 1647 fuerit,
985 1582 1044 1630 tum
1063 1584 1185 1647 potestas
1202 1579 1353 1633 mandandi
1373 1580 1543 1635 exsecutioni
1560 1583 1738 1651 contendam
1768 1582 1817 1637 sad

125 1662 160 1714 ad
180 1662 296 1732 Moysen
314 1664 436 1720 referant
460 1672 488 1719 et
514 1667 567 1735 ipsi
585 1666 774 1720 tantummodo
794 1665 899 1720 minora
912 1667 957 1735 ju·
984 1661 1117 1717 officiales
1143 1673 1208 1720 suut
1234 1666 1352 1720 ministri
1380 1666 1607 1738 magistratuum,
1638 1667 1738 1738 quibus
1759 1669 1818 1723 sols

125 1747 225 1803 dicent.
266 1750 298 1804 In
325 1750 410 1805 Hebr.
439 1758 481 1807 est
511 1742 614 1824 Ε’Ἶὶὓ,
639 1752 792 1820 principes.
833 1751 958 1805 Fuerunt
984 1766 1076 1803 rerum
1098 1750 1287 1819 judicatarum
1320 1752 1460 1807 exsecutio
1492 1753 1688 1819 demandatur,
1720 1754 1817 1824 quales

124 1841 217 1888 autem
243 1835 270 1888 in
297 1837 401 1905 populo
420 1836 575 1892 Israilitico
594 1838 648 1891 tria
665 1836 837 1906 potissimum
855 1853 957 1908 genera
984 1834 1088 1889 Romae
1106 1844 1186 1890 eraut
1203 1837 1268 1891 olim
1286 1838 1414 1892 viatores.
1442 1837 1540 1892 Refert
1556 1839 1630 1892 euim
1648 1837 1773 1894 Schiudl.
1786 1840 1816 1894 in

124 1920 294 1988 principum,
322 1921 452 1976 videlicet
481 1924 630 1992 princs'pes
653 1925 788 1985 tribuum,
814 1924 957 1991 principes
984 1918 1050 1974 Lex.
1074 1919 1103 1973 iu
1128 1939 1196 1977 voce
1215 1923 1294 1984 bno,
1309 1925 1383 1992 quod
1406 1923 1476 1977 tales
1496 1912 1623 1999 :wtq'ttt'
1645 1927 1704 1982 sive
1727 1942 1816 1997 cppe-

122 2006 303 2068 familiarum
324 2015 349 2059 et
364 2009 512 2078 principes
525 2009 644 2062 urbiam.
675 2010 823 2078 Principes
837 2010 958 2062 tabenna
983 2007 1086 2059 ritoree
1106 2013 1255 2062 sententias
1271 2008 1398 2077 judicum
1423 2011 1593 2065 exsecutioni
1617 2011 1745 2067 dederint
1768 2013 1816 2068 ha·

124 2081 275 2165 :nundin
300 2082 364 2164 *fue
385 2093 509 2164 singulae
533 2094 623 2149 tribua
650 2096 795 2150 duxerunt
832 2095 873 2151 Ut
890 2112 957 2165 ergo
983 2090 1080 2144 bcutes
1103 2092 1233 2146 baculum
1259 2100 1288 2148 et
1309 2094 1398 2147 lorum
1423 2102 1451 2148 et
1475 2096 1678 2152 circumeuntes
1696 2097 1726 2152 in
1746 2097 1816 2153 urbs

123 2178 270 2232 duodecim
289 2177 391 2245 tribus,
417 2178 457 2232 ita
481 2180 627 2234 duodecim
646 2198 739 2235 esrum
759 2182 836 2235 fuere
857 2182 957 2251 princi·
983 2192 1016 2229 te
1033 2176 1134 2246 plateis
1153 2178 1213 2247 ejus
1230 2179 1265 2231 sd
1284 2179 1477 2250 cordgendum
1499 2197 1630 2249 pravum,
1658 2183 1694 2236 ad
1713 2181 1815 2238 iacien-

124 2280 191 2330 pes,
210 2263 258 2333 qui
276 2263 393 2332 singulis
411 2263 539 2318 tribubus
555 2266 602 2334 jus
621 2265 808 2322 reddiderunt.
842 2266 955 2320 Princi-
982 2261 1048 2315 dum
1063 2264 1155 2331 justas
1172 2280 1315 2318 mensurae
1333 2269 1362 2319 et
1379 2264 1517 2333 pondera,
1537 2265 1622 2335 idque
1639 2283 1720 2321 omne
1735 2270 1817 2338 juxta

118 2365 171 2415 pes
193 2349 380 2415 familiarem
409 2340 542 2426 minatum
564 2342 630 2423 Ἴης
661 2357 809 2420 praeerant
834 2350 954 2418 familiia,
982 2348 1114 2402 mandata
1130 2348 1258 2418 judicum
1276 2350 1349 2405 sicut
1367 2351 1441 2419 apud
1465 2351 1571 2405 Turcas
1596 2355 1725 2407 custodes
1749 2355 1814 2408 ciri·

121 2433 249 2504 singulae
269 2435 341 2489 enim
360 2434 449 2489 tribus
473 2437 579 2491 divisae
602 2442 682 2492 mant
710 2437 849 2492 incertas
874 2437 954 2491 sarni·
982 2434 1066 2500 tatis,
1095 2442 1145 2489 aut
1162 2433 1296 2489 officiuim
1312 2443 1424 2505 gestant
1442 2435 1566 2499 barilion
1586 2437 1687 2506 quibus
1704 2438 1815 2510 litigat·

122 2521 181 2585 lias,
197 2519 294 2574 harum
309 2521 451 2591 principee
463 2520 581 2576 familias
591 2523 783 2577 convocabant
794 2529 822 2579 et
838 2524 868 2577 in
880 2523 954 2579 bello
981 2526 1024 2573 tes
1047 2529 1096 2574 aut
1118 2520 1200 2575 alteri
1218 2520 1348 2590 injuriam
1368 2520 1501 2576 iacientes
1525 2522 1652 2592 puniunt.
1692 2523 1752 2580 Jos.
1773 2531 1815 2591 2³,

122 2622 218 2659 aarum
237 2607 322 2661 duces
348 2613 434 2661 erant
466 2608 616 2676 Principes
642 2610 752 2661 arbium
771 2609 866 2682 0³7²}
889 2602 955 2682 22112
983 2623 1008 2658 v.
1027 2612 1056 2661 2:
1080 2607 1195 2660 Vocccs't
1214 2607 1304 2661 Josce
1322 2624 1428 2661 omnem
1440 2608 1585 2671 Incedere,
1604 2610 1728 2677 micres
1748 2620 1816 2666 aaa

122 2692 239 2746 urbibus
258 2699 413 2762 praeerant.
451 2693 587 2748 Familiae
605 2695 678 2749 enim
698 2700 779 2749 erant
792 2695 956 2751 distributae
983 2699 1009 2743 ei
1022 2693 1169 2760 principe-⁹
1195 2694 1348 2761 etjadices
1368 2703 1394 2746 ti
1408 2695 1590 2762 pratftssim,
1617 2710 1650 2749 0¹
1678 2712 1734 2765 quo
1754 2695 1815 2753 loco

123 2779 151 2831 iu
173 2777 269 2841 urbes,
292 2767 408 2848 quarum
429 2779 568 2849 principes
588 2785 667 2834 erant
687 2781 855 2851 complures,
873 2782 955 2837 videl.
983 2776 1137 2847 colligitur,
1156 2776 1242 2832 fuisse
1262 2785 1381 2848 quatuor
1398 2779 1503 2848 gradm
1522 2778 1676 2833 officiorum
1693 2780 1815 2836 civilium

124 2849 238 2936 ΕἸξξδξ
265 2855 330 2934 ἾἿΦΪ
352 2865 540 2928 chiliarchae,
571 2865 709 2934 principes
733 2866 956 2932 millenariorum,
983 2863 1011 2916 in
1038 2861 1163 2932 qualibet
1187 2861 1313 2916 civitaiet
1341 2868 1363 2917 l,
1386 2863 1486 2938 0³22}
1518 2881 1598 2918 senes
1620 2867 1663 2919 vel
1686 2875 1814 2931 sandes,-

122 2941 207 3013 4114421,
229 2941 292 3023 ’Ἥ
317 2950 559 3017 hecatontarchae,
579 2950 717 3018 principes
729 2953 956 3016 centenariorum,
983 2938 1097 3019 2111344,
1121 2935 1210 3019 iiiiii,
1231 2948 1327 3016 capita
1341 2956 1472 3017 patrem,
1495 2950 1667 3020 singularum
1691 2951 1814 3007 tribuum

122 3024 253 3096 tidini]
278 3026 342 3106 'w'
360 3035 506 3102 principes
520 3036 668 3103 quinorum
686 3036 730 3090 vel
747 3037 954 3109 quinquagena,-
982 3037 1122 3100 primates,
1135 3031 1216 3100 primi
1235 3039 1265 3086 et
1275 3032 1468 3087 eminentiores
1486 3035 1515 3088 in
1527 3035 1610 3102 urb03
1631 3042 1655 3092 3.
1678 3024 1813 3112 &Um

121 3123 164 3188 rii,
180 3110 294 3194 uiuitis,
313 3111 377 3192 27113
395 3122 539 3191 principes
557 3124 694 3174 decoram
716 3121 761 3175 vel
786 3122 954 3179 decuriones,
981 3118 1105 3184 judices,
1130 3117 1177 3186 qui
1203 3119 1250 3186 jue
1272 3126 1406 3172 noverant
1430 3135 1463 3172 ac
1481 3119 1624 3190 dicebant3
1649 3130 1673 3177 4.
1690 3110 1814 3198 2:³qu

121 3207 265 3278 Coujuuge
287 3212 312 3262 2.
329 3206 420 3261 Paral.
444 3212 470 3275 1,
488 3224 512 3259 v.
540 3213 563 3261 2.
598 3206 680 3261 Num.
700 3213 745 3274 11,
770 3225 795 3262 v.
817 3214 857 3262 16.
876 3207 956 3279 eligit
982 3205 1179 3273 apparitores,
1209 3204 1257 3275 qui
1284 3221 1329 3259 res
1351 3205 1492 3275 judicatas
1528 3208 1750 3279 exsequebantur
1780 3225 1814 3265 sc

122 3293 234 3363 Moyses
252 3292 305 3348 Dei
325 3292 456 3346 mandato
474 3293 653 3361 septrropinto
671 3293 807 3361 seniores,
834 3293 881 3363 qui
898 3311 956 3349 una
981 3289 1082 3344 baculo
1106 3296 1134 3344 et
1158 3290 1216 3345 loro
1240 3290 1379 3361 cogebant
1395 3293 1529 3361 populum
1554 3293 1590 3346 ad
1609 3295 1813 3351 observantiam

122 3395 184 3432 cum
204 3382 265 3449 ipso
283 3395 351 3433 onus
369 3377 578 3448 gubernationis
599 3380 761 3433 sustineant.
798 3380 845 3433 Ad
863 3379 953 3435 imito-
981 3384 1201 3445 praeceptorum.
1238 3376 1305 3431 Jud.
1325 3382 1354 3444 2,
1382 3379 1591 3433 clementio
1622 3377 1655 3432 lit
1676 3381 1813 3451 Judicum,

122 3465 223 3518 nonem
241 3465 338 3519 horum
358 3471 391 3519 to
410 3463 548 3518 seniorum
571 3463 729 3518 institutum
747 3464 801 3518 fuit
818 3465 870 3519 hoc
889 3484 952 3520 son·
981 3462 1029 3533 qui
1049 3463 1278 3514 onaaordinoria
1296 3479 1315 3514 n
1333 3461 1392 3515 Deo
1411 3462 1604 3517 excitabantur
1621 3473 1653 3518 ut
1670 3466 1814 3536 populum,

121 3552 231 3604 heilrirn
250 3568 299 3605 eeu
317 3550 476 3619 synedrion,
495 3550 569 3620 quod
588 3555 648 3603 erat
666 3567 802 3604 summum
820 3553 952 3607 consisto·
981 3548 1093 3619 quando
1109 3547 1286 3628 premebatur
1301 3546 1336 3600 ab
1349 3546 1486 3615 hostibus,
1504 3548 1654 3604 liberarent
1672 3556 1701 3605 et
1716 3551 1745 3605 iu
1756 3553 1813 3622 pri·

121 3637 192 3690 rium
219 3638 246 3689 in
269 3635 372 3706 populo
397 3635 517 3691 Judaico
534 3644 663 3690 constans
689 3637 756 3690 viris
776 3639 954 3709 septuaginta
980 3635 1082 3691 stiuam
1099 3633 1254 3689 libertatem
1273 3632 1466 3701 vendicaraut3
1484 3634 1553 3689 tales
1566 3635 1677 3704 judices
1691 3644 1814 3709 tempore

121 3723 271 3798 sapientia,
300 3723 412 3791 virtute,
438 3721 577 3784 doctrina,
603 3724 770 3778 auctoritate
788 3732 816 3777 et
834 3723 954 3793 Spiritus
982 3722 1047 3776 belli
1068 3719 1234 3775 auctoritate
1251 3719 1393 3785 valebant,
1418 3720 1467 3784 sed
1485 3727 1550 3790 post
1567 3720 1694 3776 dimissos
1712 3723 1840 3780 milites.

121 3811 211 3864 sancti
231 3809 311 3863 donis
331 3808 545 3880 praestantibus,
566 3809 614 3878 qui
634 3825 666 3862 ex
684 3808 882 3877 sacerdotibus,
903 3811 954 3865 Le-
981 3808 1149 3880 quaudoque
1166 3805 1295 3875 privatim
1314 3804 1460 3871 vivebant,
1488 3807 1655 3878 quandoque
1672 3826 1737 3865 vero
1756 3827 1812 3866 ms·

121 3896 185 3948 vitis
213 3901 241 3949 et
264 3895 378 3967 reliquis
404 3892 532 3948 tribubus
557 3893 745 3964 eligebantur,
774 3911 860 3964 penes
884 3913 953 3966 quos
981 3896 1127 3966 gistratum
1157 3891 1307 3963 gerebant,
1340 3892 1389 3946 sed
1419 3909 1474 3946 non
1501 3892 1555 3947 fuit
1579 3893 1623 3949 hic
1643 3895 1814 3967 principatus

121 3987 182 4036 erat
200 4000 307 4045 summa
326 3987 447 4051 potestas
460 3980 631 4050 dijudicandi
651 3981 858 4046 controversias,
879 3999 953 4038 exer·
981 3980 1170 4046 hereditarius,
1188 3978 1262 4032 unde
1280 3994 1332 4032 nec
1349 3994 1456 4049 semper
1469 3978 1498 4033 in
1516 3979 1614 4034 eadem
1630 3979 1744 4047 familia,
1762 3999 1814 4039 uec

122 4069 203 4124 cendi
221 4069 329 4139 judicia
347 4067 467 4137 publica,
485 4066 552 4138 quin
571 4075 598 4120 et
618 4083 698 4138 roges
715 4068 836 4138 eligendi
854 4086 887 4123 ac
905 4071 954 4123 de·
981 4067 1056 4121 tribu
1074 4064 1181 4120 mansit.
1203 4070 1226 4119 2.
1246 4063 1317 4134 ch.
1330 4070 1354 4131 4,
1373 4081 1397 4116 v.
1421 4069 1459 4118 13.
1472 4065 1574 4119 mentio
1593 4063 1625 4119 lit
1644 4069 1743 4141 ⁸³1²ss
1764 4060 1814 4132 uie

122 4155 252 4223 ponendi,
271 4155 345 4207 unde
359 4153 586 4207 aThalmndistis
599 4162 714 4207 vocatur
732 4156 831 4208 domas
847 4157 957 4224 judicii
981 4155 1113 4227 principis
1133 4152 1267 4207 militaris.
1310 4152 1357 4204 An
1376 4160 1416 4205 est
1433 4152 1602 4220 loquendinec
1619 4157 1656 4208 de
1674 4159 1754 4211 tead
1769 4175 1813 4212 rc·

121 4257 238 4305 acaprio,
272 4239 419 4306 callepium
454 4240 560 4307 sceptri
589 4248 615 4291 et
639 4240 773 4308 publicae
798 4244 953 4312 potestates.
980 4262 1040 4311 pem
1058 4243 1100 4296 oei
1117 4242 1158 4293 od
1171 4238 1330 4309 prinoipem
1346 4237 1486 4292 miiitiae!
1514 4237 1592 4293 Talis
1617 4241 1746 4313 princeps
1764 4244 1814 4298 mi-

120 4325 255 4378 Praeerat
273 4323 326 4377 illis
348 4341 419 4378 uuus
438 4323 564 4378 Hannaei
582 4325 674 4378 dictus
692 4325 750 4379 sive
769 4325 845 4394 Nasi,
863 4327 893 4379 id
913 4339 955 4382 est
980 4330 1056 4383 litiae
1080 4332 1145 4396 post
1167 4340 1261 4395 regom
1283 4339 1417 4377 summam
1444 4323 1471 4377 iu
1497 4324 1595 4379 castris
1620 4325 1719 4381 habuit
1736 4335 1813 4398 pote-

119 4410 274 4480 praelatus,
299 4414 327 4460 ct
344 4408 472 4478 Mupbla,
495 4409 523 4463 id
543 4415 586 4463 est
604 4410 748 4477 excellens,
774 4412 822 4481 qui
840 4420 954 4467 vocatur
980 4423 1080 4470 satem
1099 4419 1184 4480 atque
1202 4417 1262 4464 eret
1277 4408 1420 4477 emeretis
1438 4411 1495 4462 duc
1508 4427 1555 4465 seu
1569 4409 1719 4480 imperator
1736 4412 1812 4482 belli,

114 4498 208 4564 jader
233 4495 314 4549 Dent.
346 4501 387 4566 11,
415 4512 442 4550 r.
474 4501 513 4550 12.
535 4498 578 4551 cui
604 4513 726 4550 summus
750 4498 878 4550 sacados
898 4495 1024 4576 fuitlcui
1044 4499 1181 4569 parebant
1199 4494 1372 4562 chiliarchae,
1390 4494 1621 4551 hecatontarchae
1639 4504 1691 4552 etc.

120 4583 283 4652 adjunctus,
314 4587 345 4633 ut
364 4580 405 4633 sic
431 4580 580 4651 collegium
599 4581 668 4634 illud
695 4582 722 4634 in
742 4583 900 4638 universum
919 4591 951 4640 ’42
1017 4591 1073 4640 itt.
1096 4581 1178 4636 InN.
1192 4581 1225 4637 T.
1241 4580 1343 4636 mentio
1361 4578 1394 4634 fit
1412 4582 1538 4634 connis
1550 4580 1648 4635 Matth.
1672 4587 1712 4651 22,
1731 4601 1754 4639 v.
1768 4563 1940 4642 amm·

121 4668 275 4723 senioribus
299 4665 460 4720 constiterit.
501 4666 606 4721 Paulus
632 4667 736 4738 liegius
755 4668 784 4721 in
803 4668 889 4725 Dent.
913 4677 951 4725 lb.
979 4679 1044 4726 Luc.
1066 4677 1090 4733 2,
1108 4686 1134 4723 v.
1159 4674 1181 4722 1.
1200 4667 1276 4734 repis
1298 4676 1317 4721 1.
1337 4666 1411 4721 Patr.
1432 4672 1456 4735 2,
1475 4685 1501 4720 v.
1524 4672 1562 4721 13.
1581 4666 1678 4722 Matth.
1698 4674 1722 4738 2,
1740 4688 1766 4725 v.
1789 4679 1811 4731 1,

121 4760 324 4815 commemorat,
342 4751 493 4806 triafuisse
514 4753 589 4822 apud
611 4753 753 4808 Israblitas
768 4755 884 4826 judicia,
902 4759 952 4811 nni
980 4761 1082 4811 decern
1099 4774 1125 4810 v.
1146 4761 1186 4813 14.
1205 4754 1299 4822 repuli
1317 4753 1380 4808 Joh.
1400 4759 1424 4814 4,
1443 4770 1468 4808 v.
1489 4759 1530 4807 47.
1548 4769 1629 4823 quern
1650 4752 1811 4823 chrysosto-

120 4843 237 4908 nimnra,
258 4856 379 4907 porcam
405 4846 432 4890 et
456 4854 592 4904 moenam.
634 4842 783 4893 Minimum
808 4843 954 4899 consmbat
980 4862 1041 4898 mus
1059 4848 1141 4912 putat
1158 4840 1264 4894 dictum
1281 4837 1425 4907 βασιλικόν
1443 4855 1476 4892 ex
1495 4854 1541 4905 eo,
1567 4839 1640 4907 quod
1659 4839 1744 4894 suerit
1764 4855 1810 4910 ge·

121 4927 209 4981 tribus
233 4924 378 4994 judicibus
405 4929 434 4978 et
455 4922 608 4977 vocabatur
630 4926 769 4992 judiciem
793 4928 877 4980 triam
904 4946 952 4983 seu
979 4930 1052 4984 neris
1074 4927 1158 4999 regii,
1187 4926 1259 4980 horn.
1284 4931 1326 4980 34.
1345 4923 1373 4976 in
1391 4921 1455 4977 Joh.
1475 4923 1524 4978 sed
1547 4924 1649 4978 rectius
1665 4925 1702 4980 ab
1720 4924 1812 4980 officio

122 5016 220 5065 donnas
233 5011 345 5080 judicii
368 5008 570 5072 triumuiralis,
598 5011 626 5063 in
650 5012 698 5066 illo
722 5013 953 5082 pronuntiabatur
979 5015 1020 5069 sic
1046 5013 1201 5086 appellatus
1223 5017 1365 5077 censetur,
1392 5010 1466 5079 qnod
1485 5008 1571 5063 fuerit
1593 5012 1671 5081 regio
1691 5010 1811 5081 quodam

123 5098 160 5151 de
178 5098 276 5159 causis,
294 5112 366 5166 quae
384 5101 464 5150 eraut
483 5094 620 5148 manifesti
634 5096 719 5164 juris,
744 5097 800 5151 tale
816 5098 953 5167 judicium
980 5116 1093 5154 munero
1109 5092 1280 5170 perfunctul.
1313 5094 1401 5164 Syrus
1425 5095 1549 5164 appellet
1562 5113 1624 5150 eum
1644 5080 1818 5169 Νξξῖἓηξ,

122 5191 181 5239 erat
200 5185 227 5237 in
246 5183 370 5254 quelibet
389 5182 511 5243 civitate,
531 5197 601 5250 quae
625 5186 672 5235 1211
698 5183 801 5238 incolas
825 5201 880 5238 nou
905 5183 953 5238 ha·
981 5187 1138 5240 ministrem
1165 5184 1281 5252 reptem.
1324 5180 1511 5250 Hieronymus
1537 5182 1566 5234 in
1593 5198 1652 5251 cap.
1681 5188 1723 5236 45.
1752 5180 1817 5236 Era.

121 5271 213 5326 bebat.
247 5272 370 5325 Parvum
390 5269 514 5324 habebat
529 5268 638 5338 judices
655 5274 696 5330 23,
719 5286 790 5339 quae
811 5270 954 5325 dicebatur
980 5277 1065 5327 vocat
1078 5272 1248 5340 palatinam.
1269 5268 1336 5321 Luc.
1356 5271 1380 5330 8,
1400 5285 1425 5320 v.
1448 5273 1472 5322 3.
1515 5266 1610 5321 chana
1626 5273 1742 5322 vocatur
1758 5269 1817 5322 int-

121 5361 220 5412 domes
241 5357 352 5426 judicii
370 5375 466 5427 paroc
490 5365 514 5408 et
541 5355 694 5422 synedrion
717 5346 821 5419 minus,
853 5357 882 5410 iu
905 5357 952 5413 illo
983 5378 1089 5428 sponoe,
1114 5362 1294 5424 procmctor,
1324 5355 1455 5407 Herodis.
1501 5353 1552 5408 Est
1578 5354 1651 5407 euim
1668 5352 1824 5426 ἐπίτροπος,

1407 5457 1465 5512 21¹

1829 964 1886 1007 rna
1899 964 1945 1009 ³1⁷.
