4020 6014
216 282 256 340 26
800 276 921 333 Locus
939 274 1143 331 vlcusaffls
1159 273 1323 332 TERTIUS
1368 300 1371 308 ⁴

216 429 291 482 mino
314 436 339 481 et
359 429 436 481 aaa
453 431 496 481 ad
511 432 605 484 Deam
623 432 660 483 sit
679 431 847 496 translatae,
871 446 943 498 quae
967 425 1049 500 perri·
1078 427 1152 497 quod
1166 429 1193 481 in
1204 428 1264 482 loco
1276 428 1386 484 divinae
1404 428 1586 498 apparitionis
1605 430 1714 482 alteria
1734 430 1921 484 exstruxerint

216 521 294 573 tener
312 512 433 569 debebat
451 531 511 569 asse
532 516 685 584 cuempiam
700 515 888 583 poenitentioe
914 513 949 566 ob
976 512 1050 565 testi·
1078 523 1103 566 et
1131 515 1288 567 invaserint
1319 516 1348 569 in
1375 516 1485 568 nomine
1503 515 1624 569 Domini
1647 514 1717 569 Gen.
1744 520 1793 582 26,
1822 534 1849 571 v.
1876 521 1919 571 25.

216 600 339 653 monium
369 598 483 653 evidens
512 602 626 655 alterius
658 601 732 654 vitae
760 607 788 653 et
801 597 901 668 judicii
928 595 1050 651 secuturi
1078 615 1101 653 4.
1121 604 1162 667 33,
1182 617 1208 651 v.
1227 606 1268 654 211.
1293 617 1315 653 4.
1336 606 1384 668 35,
1403 618 1427 653 v.
1448 607 1472 655 7.
1489 600 1542 654 hoc
1561 608 1603 654 eat
1621 601 1696 670 quod
1714 600 1860 670 pubhcum
1878 601 1919 655 di·

216 683 334 750 81111,
358 702 383 747 v,
405 690 441 739 16.
463 685 537 756 quod
557 692 648 740 autem
675 702 731 739 non
753 683 841 737 solum
859 684 932 738 vitae
951 681 1050 737 seneti-
1078 685 1134 738 vini
1152 685 1243 738 cultus
1264 686 1423 740 exercitium
1442 686 1612 740 instituerint
1631 703 1664 740 ac
1684 686 1818 740 familiam
1838 703 1917 742 auam

216 774 274 824 tate
292 774 321 824 et
337 769 452 839 publica
471 771 513 824 sui
532 771 726 838 translations,
744 770 793 824 sed
813 770 896 824 etiam
913 767 1050 823 concioni·
1079 787 1181 841 eosque
1200 787 1303 830 ornnes.
1324 770 1372 840 qui
1385 788 1415 825 se
1432 770 1473 824 illi
1493 773 1703 840 conjunxerunt,
1723 772 1758 825 114
1778 771 1824 825 via
1845 770 1919 825 salu·

216 854 268 908 bus
287 853 412 909 hominen
432 856 476 910 sui
495 857 626 926 temporis
646 856 682 910 ad
701 855 900 925 poenitentiam
920 859 948 907 41
964 852 1050 924 pieta·
1077 855 1121 921 tis,
1141 855 1176 911 de
1197 857 1376 926 promissione
1388 857 1500 911 seminis
1518 857 1658 912 benedicti
1670 864 1722 912 414.
1738 857 1918 921 instituerint,

216 945 271 993 tem
289 939 374 994 fuerit
391 940 566 1002 cohortatus,
594 942 675 996 docet
697 942 816 1011 epistola
840 940 932 996 dudae
956 957 981 991 v.
1004 944 1050 993 14:
1078 940 1216 996 sacrificia
1243 942 1394 997 obtulerint
1421 960 1454 996 ac
1480 943 1514 997 de
1539 960 1603 997 vero
1633 943 1691 998 fine
1717 943 1917 997 sacrificiorum

216 1026 402 1095 Prophetooit
421 1036 512 1080 antem
532 1030 567 1079 de
586 1028 629 1079 his
641 1026 776 1096 septimas
791 1028 824 1080 ab
845 1027 940 1079 Adam
954 1025 1051 1078 Enoch
1078 1026 1200 1081 homines
1212 1026 1368 1082 erudierint.
1391 1027 1917 1098 DeJoaephodacohifilioPsalm.105,

217 1112 331 1164 dicens:
351 1113 425 1165 Ecce
442 1113 514 1164 uenit
535 1114 673 1166 Dominus
686 1114 715 1165 in
735 1113 840 1165 sanctia
857 1112 981 1164 miliriaco
992 1111 1051 1162 sais
1077 1130 1103 1164 v.
1125 1113 1300 1181 1141411111,
1329 1116 1407 1181 quod
1430 1115 1566 1166 erudierit
1587 1115 1734 1183 princepsa
1760 1115 1917 1182 Aegyptios

215 1197 312 1256 facere
338 1197 481 1263 judiciem
512 1207 612 1251 contra
636 1215 730 1251 coenes
760 1205 785 1250 et
813 1213 932 1264 orauere
959 1212 1051 1248 omnes
1079 1215 1112 1250 oc
1124 1199 1247 1250 cerciores
1260 1200 1386 1252 docuerit
1405 1200 1584 1268 sapientiem,
1602 1216 1695 1254 varam
1715 1199 1822 1253 scilicet
1839 1199 1917 1253 illam

215 1282 317 1349 impios
347 1284 382 1334 de
411 1283 535 1335 omnihus
565 1284 696 1352 operihru
723 1299 792 1336 41141
819 1282 972 1352 impietatis
999 1286 1051 1334 414.
1078 1283 1250 1352 sapientiam,
1270 1301 1353 1353 quam
1372 1301 1405 1338 er
1426 1284 1510 1339 verbo
1529 1292 1557 1338 et
1576 1284 1793 1339 revelationibus
1812 1283 1915 1338 divinis

216 1365 356 1421 cedrenus
375 1367 410 1422 de
424 1367 473 1422 illo
494 1368 576 1422 dicit:
594 1357 674 1429 οὗτος
692 1371 801 1443 πρῶτος
812 1367 964 1441 γράμματα
981 1363 1050 1438 μάν·
1063 1343 1066 1427 i
1079 1369 1192 1438 petitam
1211 1370 1278 1439 ipsis
1296 1370 1445 1439 proposuit.

215 1451 350 1506 1111111111
367 1451 491 1507 διδάσκει
509 1457 554 1506 snt
573 1461 658 1508 θείων
674 1461 833 1521 μυστηρίων
851 1430 1066 1519 disrationari
1112 1461 1155 1510 40.
1174 1455 1242 1509 Cum
1256 1473 1320 1509 vero
1333 1455 1768 1524 11441411114411411111141114111
1781 1454 1960 1544 Aegyptogg

215 1538 345 1600 ἀξιοῦται.
396 1539 439 1593 Ι)4
470 1539 586 1595 Noacho
620 1541 716 1595 eadem
754 1540 861 1611 phrasis
893 1545 1051 1608 usurpatur,
1078 1539 1326 1610 multiplicarentur
1344 1549 1406 1594 eta
1431 1557 1496 1611 rege
1515 1542 1659 1610 tyrannice
1685 1540 1918 1610 opprimerentur,

215 1628 292 1693 quod
313 1644 374 1679 cum
398 1629 462 1680 Deo
486 1627 671 1680 ambulaverit
691 1626 761 1681 Gen.
787 1634 817 1693 e,
846 1643 871 1679 v.
896 1633 920 1681 9.
948 1624 993 1678 vel
1020 1631 1052 1677 ut
1078 1643 1196 1695 cumque
1223 1629 1329 1694 puritas
1357 1628 1499 1680 doctrinae
1528 1627 1654 1680 coelestis
1681 1627 1708 1679 in
1734 1627 1837 1695 populo
1861 1626 1917 1680 Dei

216 1710 362 1766 Hebraeus
381 1716 472 1765 textus
491 1712 645 1782 emphatice
664 1712 798 1782 loquitur,
826 1713 894 1775 fecit
911 1727 941 1764 se
958 1710 1051 1762 ambu-
1078 1730 1127 1781 per
1149 1712 1332 1766 idololatriam
1364 1713 1568 1783 Aegyptiacam
1599 1719 1729 1781 corrupta
1751 1711 1852 1766 Erech.
1874 1717 1918 1776 20,

215 1796 291 1856 lere.
318 1794 371 1850 hoe
389 1803 432 1851 est
460 1797 559 1851 sectari
587 1805 614 1850 et
644 1797 754 1865 imitari,
780 1799 871 1866 ipsum
889 1797 1050 1861 Dominam,
1077 1815 1102 1850 v.
1125 1804 1146 1851 Β.
1166 1815 1199 1850 14
1218 1795 1295 1851 verbi
1315 1796 1495 1851 ministerium
1513 1796 1571 1853 fere
1591 1797 1744 1868 collapsum
1763 1804 1849 1862 esset,
1872 1815 1917 1852 ex-

215 1882 282 1952 quia
301 1882 406 1936 scilicet
419 1883 589 1937 voluntatem
603 1884 655 1937 Dei
673 1885 702 1936 in
719 1884 804 1938 verbo
822 1899 979 1952 expressam
998 1880 1050 1935 sibi
1077 1882 1173 1936 citavit
1192 1882 1268 1936 Deus
1286 1883 1401 1952 Moysen
1420 1899 1530 1937 servum
1548 1899 1642 1951 suam,
1672 1900 1722 1951 per
1749 1900 1832 1953 quem
1859 1901 1918 1938 non

215 1968 296 2021 unice
319 1974 451 2039 tanquam
473 1969 599 2038 justitiae
624 1975 653 2023 et
675 1968 773 2023 salutis
801 1969 873 2022 viam
898 1967 1051 2037 proposuit,
1077 1968 1165 2021 solum
1183 1984 1216 2022 ex
1235 1969 1412 2039 Aegyptiace
1428 1970 1561 2023 servitute
1577 1969 1711 2038 populum
1728 1970 1917 2024 Isra'e'liticum

215 2070 266 2108 nec
283 2054 319 2107 ad
338 2055 472 2119 dextram,
497 2073 547 2109 nec
566 2056 602 2110 ad
628 2055 765 2109 sinistram
785 2055 821 2108 ab
841 2071 875 2108 ea
893 2053 1051 2120 deflectens,
1078 2054 1181 2119 eduxit,
1201 2055 1352 2109 sedetiam
1377 2056 1482 2109 cultum
1502 2055 1657 2109 Leviticum
1676 2055 1795 2109 instituit
1811 2054 1918 2110 honora

216 2140 388 2210 eandemque
413 2142 474 2195 aliis
500 2142 652 2211 proposuit.
688 2141 747 2196 Nec
772 2141 889 2194 dubium
912 2156 972 2194 esse
994 2137 1050 2193 cui-
1078 2141 1176 2193 summi
1194 2141 1340 2195 sacerdotii
1368 2143 1403 2194 ad
1429 2144 1567 2194 Aaronem
1591 2142 1683 2196 delato
1701 2157 1733 2194 ae
1751 2141 1857 2195 Levitis
1879 2141 1918 2196 ad

216 2242 299 2296 quam
316 2233 421 2296 potest,
449 2245 512 2282 cum
528 2227 658 2283 Noachus
677 2244 770 2281 arcam
788 2228 841 2281 Dei
858 2227 988 2281 mandato
1006 2244 1050 2280 ex·
1078 2241 1155 2279 sacre
1179 2226 1331 2280 ministeria
1354 2233 1381 2279 in
1409 2227 1589 2281 tabernaculo
1612 2227 1741 2281 obeunda
1769 2225 1916 2295 separatis.

216 2312 362 2380 sanxerit,
390 2313 457 2382 quin
482 2330 593 2367 causam
616 2315 699 2385 hujus
724 2321 878 2368 structurae
896 2313 1052 2383 exposuerit
1078 2312 1122 2367 Sic
1135 2329 1201 2382 ergo
1216 2329 1282 2366 cura
1298 2329 1437 2366 sacrorum
1456 2319 1484 2367 et
1496 2314 1677 2367 ministerium
1696 2313 1917 2368 ecclesiasticum

217 2413 249 2451 ac
267 2397 302 2450 'de
319 2396 424 2450 diluvio
446 2406 557 2469 propter
575 2399 1052 2469 peccataimmittendovaticinatus
1078 2397 1216 2451 ordinarie
1243 2397 1298 2451 fuit
1327 2416 1412 2467 penes
1443 2400 1599 2453 sacerdotes
1627 2416 1660 2453 ex
1685 2399 1760 2454 tribu
1788 2398 1918 2453 Levitico

215 2483 307 2546 fueris,
326 2484 399 2538 unde
417 2484 518 2539 Petrus
537 2486 627 2554 ipsum
645 2492 727 2542 vocat
744 2485 849 2557 κήρυκα
868 2484 1052 2553 δικαιοσύνης,
1080 2484 1231 2554 eligendos,
1244 2483 1345 2554 quibus
1357 2502 1428 2538 unus
1440 2485 1542 2554 aliquis
1555 2485 1676 2553 praeluit
1687 2503 1809 2539 suminus
1821 2502 1917 2538 secer-

210 2571 341 2638 justitioe
355 2587 540 2640 praeconem,
570 2578 594 2626 2.
614 2572 695 2642 epist.
717 2579 745 2639 1,
771 2589 797 2626 v.
818 2581 841 2628 5.
860 2573 927 2642 quia
946 2571 1052 2625 scilicet
1079 2573 1131 2622 1144
1144 2570 1187 2623 vel
1204 2570 1333 2640 princeps
1351 2572 1525 2624 sacerdotum
1544 2588 1577 2625 ex
1596 2588 1627 2625 eo
1645 2577 1767 2624 vocatus.
1793 2570 1877 2625 Num.
1893 2578 1917 2639 l,

210 2656 344 2725 justitiae
357 2674 411 2726 per
428 2658 513 2721 tidem
531 2658 694 2712 comtitatua
710 2660 790 2712 heres
810 2658 895 2714 Hebr.
913 2665 959 2725 11,
982 2677 1007 2712 v.
1027 2643 1050 2712 7¹.
1077 2673 1102 2708 v.
1125 2662 1152 2709 5:
1172 2658 1293 2709 Locutus
1312 2665 1352 2707 est
1371 2657 1510 2709 Dominus
1529 2659 1569 2709 1111
1581 2657 1700 2723 Moysen
1720 2656 1824 2719 dicens,
1843 2674 1869 2712 v.
1884 2661 1917 2711 6.·

217 2743 333 2798 eandem
358 2742 425 2797 fidei
451 2743 591 2813 justitiam
618 2744 791 2798 auditoribus
818 2743 876 2798 suis
892 2744 1051 2800 inculcarit,
1078 2742 1202 2811 Applice
1215 2742 1315 2794 tritum
1327 2744 1395 2795 Levi
1408 2743 1497 2809 etfac
1511 2751 1586 2796 stare
1606 2744 1634 2794 in
1654 2751 1800 2811 conspectu
1813 2745 1917 2796 Aaron

81 2817 156 2861 ΧΗ
170 2818 202 2861 ⁴⁰·
215 2828 284 2883 Post
301 2828 435 2883 diluvium
455 2829 603 2885 aNoacho
621 2847 709 2900 usque
727 2830 764 2883 ad
783 2829 972 2884 Abrahamum
988 2829 1051 2883 talis
1077 2834 1248 2899 sacerdotis,
1268 2839 1298 2882 nt
1315 2831 1472 2883 ministrent
1492 2832 1519 2882 ci
1536 2840 1562 2883 ct
1578 2832 1737 2884 custodiunt
1755 2830 1917 2883 custodiam

216 2913 269 2968 fuit
286 2914 504 2984 patriarcharum
529 2916 627 2971 series:
659 2916 736 2976 Sora,
770 2918 940 2985 Arphesed,
975 2916 1051 2985 Sele,
1078 2919 1138 2985 rjus
1163 2926 1188 2970 et
1214 2918 1369 2970 custodiam
1395 2918 1479 2971 tetius
1504 2924 1595 2970 4441111
1617 2934 1712 2969 coram
1731 2915 1917 2968 tabernaculo

215 3001 316 3060 Hae.
329 3001 538 3069 Pholegliepa,
559 3002 677 3065 Sorech,
699 3003 822 3071 Nacher,
838 3003 942 3071 There,
959 3004 1051 3056 Abra·
1078 3011 1223 3057 conmotus
1249 3012 1274 3055 et
1296 3005 1336 3055 od
1360 3003 1536 3055 seruiendum
1561 3003 1705 3055 seruitium
1728 3001 1917 3054 tabernaculi.

216 3086 289 3152 ham,
308 3085 409 3141 Genea.
427 3092 466 3142 11.
501 3086 545 3141 Ι)4
571 3086 653 3141 Samo
677 3087 820 3159 Thargum
839 3087 1004 3143 Jonathania
1024 3095 1051 3141 et
1077 3089 1197 3142 Duravit
1215 3087 1283 3144 haec
1298 3088 1387 3142 torma
1398 3087 1543 3143 ministerii
1561 3086 1740 3143 ecclesiastici
1754 3092 1782 3141 et
1794 3103 1916 3141 summo·

214 3171 494 3242 Hierosolymitenum
519 3174 646 3236 tradunt,
674 3173 748 3244 qaod
774 3174 810 3227 sit
833 3174 1050 3229 Melchisedecas
1077 3193 1137 3228 rum
1156 3175 1330 3229 sacerdotum
1342 3174 1480 3229 successio
1496 3191 1583 3245 usque
1595 3174 1632 3227 ad
1644 3171 1784 3228 Christum
1800 3172 1916 3226 unicum

214 3257 275 3321 ille,
301 3258 382 3327 cujus
401 3258 504 3312 menno
522 3257 557 3310 111
584 3257 683 3312 Genea.
705 3266 749 3322 14,
775 3277 801 3313 v.
828 3263 867 3316 18.
898 3260 951 3330 ipsi
978 3260 1050 3314 enim
1078 3263 1111 3319 N.
1139 3261 1174 3318 T.
1202 3257 1918 3328 ἀρχιερέα41441114111111411114411111ἀντίτυπον,

213 3350 346 3414 tanquam
364 3343 548 3416 primogenito
568 3361 586 3398 a
603 3352 682 3415 patre
704 3340 817 3400 Noecho
843 3362 942 3399 munus
960 3362 1050 3400 sacer·
1079 3348 1153 3402 unde
1179 3346 1352 3416 Nicephorus
1378 3346 1423 3402 lib.
1448 3354 1471 3400 2.
1489 3346 1551 3398 hist.
1570 3346 1668 3401 eccles.
1689 3361 1748 3413 cap.
1769 3352 1792 3399 4.
1814 3345 1916 3399 seriem

215 3430 306 3484 dotale
325 3430 502 3484 commissum
522 3431 620 3498 tuisse,
649 3430 723 3501 quod
751 3432 884 3485 manserit
911 3432 939 3484 in
964 3432 1050 3501 ipsius
1076 3431 1238 3502 pontificum
1258 3431 1448 3486 Hebraeorum
1467 3447 1554 3501 usque
1580 3431 1616 3484 ad
1639 3429 1777 3485 Jaeohum
1798 3429 1915 3484 fratrem

215 3515 321 3570 familie
338 3533 426 3586 usque
445 3517 482 3571 ad
500 3526 626 3586 tempora
643 3516 779 3583 Aceronia,
799 3518 879 3586 cujus
897 3517 1049 3572 sententiae
1077 3516 1189 3571 Domini
1209 3516 1327 3585 primurn
1347 3515 1630 3586 Hierosolymitanum
1649 3516 1808 3584 episcopum
1827 3515 1915 3571 dedu·

215 3601 297 3656 etiam
324 3600 511 3671 Hieronymus
531 3602 698 3656 mentionem
721 3601 790 3655 facit
813 3603 841 3655 in
866 3608 973 3672 quaest.
995 3604 1049 3657 He·
1076 3603 1121 3657 cit.
1163 3607 1260 3655 Aaron
1289 3602 1402 3672 (inquit)
1423 3603 1536 3669 primur
1557 3602 1688 3672 poruifeu
1706 3619 1724 3652 e
1746 3602 1845 3667 ,114414
1875 3609 1916 3654 est

215 3684 298 3739 braic.
319 3686 348 3740 in
367 3685 505 3750 Genesin,
526 3704 609 3756 quam
629 3704 662 3742 er
679 3687 859 3758 chronologia
875 3687 1049 3758 Epiphanius
1076 3696 1182 3756 1414114,
1200 3688 1272 3741 hunc
1290 3688 1417 3741 ordinem
1435 3688 1523 3740 secuti
1544 3694 1608 3740 sunt
1628 3687 1759 3752 Eiceser,
1778 3686 1916 3751 Pinehea,

214 3768 316 3824 11114111
335 3771 452 3837 14141111,
478 3789 540 3824 cum
561 3789 593 3824 cx
613 3773 727 3827 historia
744 3774 867 3827 Moesica
883 3778 988 3827 certum
1006 3775 1049 3842 ait,
1076 3775 1197 3836 Eh'eeer,
1216 3773 1334 3837 Boethi,
1355 3773 1412 3839 Osi,
1424 3773 1486 3840 Eli,
1504 3773 1630 3839 Achiteh,
1642 3771 1812 3836 Ahimclceh,
1825 3773 1915 3826 Abia·

215 3853 326 3909 Samum
344 3863 372 3910 et
390 3855 580 3910 Abrahamum
605 3857 690 3911 fuisse
714 3859 898 3931 eoyypo‘rom,
924 3876 957 3913 aa
984 3858 1049 3928 qaia
1076 3860 1149 3922 thor,
1171 3861 1280 3926 Sudor,
1300 3858 1915 3926 1141111444,Αιανίαε,.1414111,.14]ἀάω,
1941 3893 1942 3896 =

160 3979 165 3986 .
215 3940 433 3995 Melchisedecus
459 3941 580 3996 decimas
603 3959 622 3996 a
646 3943 803 4012 patriarcha
825 3943 985 3999 Abrahamo
1005 3963 1050 4000 ac·
1076 3946 1230 4012 Anionem,
1252 3945 1417 4011 Phodaeas,
1445 3944 1576 3997 dicaeus
1594 3943 1707 4011 Icelus,
1733 3943 1915 4010 Joethomus,

214 4025 283 4094 cipit
302 4027 382 4097 cique
402 4026 556 4093 benedicit,
583 4028 648 4082 inde
676 4028 783 4100 colligit
803 4031 921 4098 epistola
939 4032 975 4085 ed
992 4031 1048 4086 He·
1079 4032 1170 4093 error,
1185 4029 1264 4093 Neri,
1276 4031 1358 4096 ι14111,
1372 4030 1475 4096 Seium,
1497 4029 1633 4096 Chelcies,
1652 4029 1766 4091 Sernes,
1784 4028 1916 4096 Josedec,

215 4111 326 4178 braeoa,
354 4112 445 4183 ipsum
470 4112 556 4169 fuisse
577 4112 692 4168 Abraha
715 4115 958 4183 praestantiorem,
982 4133 1004 4171 4.
1026 4125 1048 4185 7,
1075 4117 1168 4183 Jesas,
1187 4117 1328 4175 ι1411411111,
1349 4115 1494 4183 illiercph,
1516 4115 1656 4176 Joachea,
1678 4114 1839 4182 Johannea,
1857 4115 1915 4168 Je-

216 4214 242 4250 v.
263 4203 286 4252 7.
309 4199 383 4267 quod
402 4200 492 4269 ipsum
511 4199 654 4254 confirmat
679 4201 759 4255 istam
776 4201 957 4269 sententiam,
982 4201 1048 4256 Mel·
1076 4204 1176 4268 decus,
1195 4200 1296 4264 Ouiae,
1322 4200 1433 4269 Simon,
1458 4200 1599 4267 Eleazar,
1623 4202 1789 4266 Manassae,
1816 4201 1915 4268 Ouiae,

216 4283 390 4339 chisedecum
417 4302 478 4340 ease
500 4286 590 4355 ipsum
616 4287 728 4341 Samum
752 4286 932 4356 patriarchali
960 4288 1048 4359 digni-
1078 4287 1183 4355 Sirnon,
1203 4288 1301 4353 Onies,
1322 4287 1407 4340 Jecur
1421 4296 1446 4339 ct
1460 4288 1548 4340 Ouios
1561 4287 1644 4352 alins,
1663 4287 1799 4353 Alcimus,
1813 4287 1913 4355 Ouios,

217 4375 274 4424 1114
292 4375 322 4425 41
339 4377 443 4438 aetate,
471 4374 629 4442 cumprimis
653 4389 717 4427 vero
743 4373 874 4443 peculiari
895 4374 949 4428 Dei
968 4391 1048 4429 roca·
1075 4375 1170 4428 lachis
1199 4373 1402 4435 almaniscas,
1430 4373 1587 4439 ι1411111111,
1616 4372 1727 4440 Simon,
1752 4373 1913 4438 Johonnes,

217 4458 293 4511 tione
320 4459 501 4528 conspicuam
532 4477 565 4513 ac
591 4461 778 4514 reverendum.
821 4461 865 4514 De
890 4460 1049 4515 Abrahamo
1077 4460 1262 4527 Aristolmins,
1281 4459 1437 4525 Jonneeas,
1450 4459 1610 4525 Hyrcanos,
1630 4458 1799 4526 Antiponae,
1817 4460 1913 4514 Anae·
1927 4487 1960 4528 11,

217 4542 287 4607 Gen,
308 4551 354 4613 18,
374 4564 399 4599 v.
422 4553 461 4601 ts.
482 4546 550 4600 dicit
569 4545 716 4599 Dominus:
744 4547 827 4614 Noui,
847 4549 1049 4617 9114ιί41411·-
1076 4547 1133 4614 ires,
1158 4546 1347 4613 Aristoteles,
1365 4545 1450 4596 Jesaa
1468 4543 1562 4595 Phehi
1575 4544 1670 4611 fitius,
1695 4546 1808 4607 81111411,
1834 4547 1915 4600 Mat·

115 4690 118 4692 v
213 4632 273 4697 piet
295 4632 366 4698 filiis
388 4633 447 4685 suis
471 4640 496 4684 et
516 4632 613 4683 domui
633 4649 701 4684 111114
722 4641 788 4702 post
804 4650 834 4686 se
851 4642 877 4685 et
895 4636 1049 4687 cratodicnt
1076 4633 1167 4687 tirius.
1193 4633 1347 4700 decentiae,
1374 4631 1512 4698 Joeerrss,
1536 4631 1708 4699 Eleazarus,
1734 4632 1819 4685 Jesae
1840 4630 1915 4688 Seue

215 4716 288 4766 viani
307 4717 427 4770 Domini
446 4720 488 4770 ad
501 4719 670 4781 faciendum
682 4718 825 4784 justitiam
850 4736 884 4771 ac
897 4720 1048 4788 judicium.
1070 4719 1158 4785 silius.
1180 4720 1297 4769 nisenus
1310 4718 1436 4785 Caiphae
1455 4734 1543 4777 411441,
1563 4718 1701 4771 [mancias
1721 4719 1797 4781 silias
1811 4717 1916 4784 Paeti,

216 4799 278 4856 Gen
315 4807 357 4866 20,
386 4821 411 4855 v.
444 4811 467 4859 1.
510 4803 586 4859 Deus
619 4805 678 4873 ipse
708 4803 824 4858 honorat
849 4821 912 4859 eum
938 4807 1048 4860 nomine
1075 4805 1232 4857 Eleazarus
1250 4805 1347 4858 Anani
1364 4804 1456 4871 silius,
1482 4805 1579 4857 Simon
1595 4804 1719 4857 Cornithi
1736 4803 1826 4870 filista,
1847 4802 1915 4858 Cei·

210 4887 375 4956 prophetae.
402 4887 1048 4959 (11411111,331111141111111114114111114111114
1072 4891 1145 4959 phas
1167 4892 1216 4959 oiri
1238 4898 1264 4943 st
1288 4891 1430 4959 Josephus
1460 4892 1569 4954 dietus,
1598 4893 1648 4943 suh
1674 4908 1726 4959 que
1754 4907 1807 4956 pro
1832 4890 1915 4944 nebia

214 4977 243 5025 in
263 4975 405 5027 Bersabee
423 4983 448 5026 ct
462 4976 644 5042 prisciliceoit
664 4976 704 5028 ibi
722 4976 752 5028 in
770 4978 881 5030 nomine
897 4980 958 5031 Dei
974 4995 1047 5030 secu-
1075 4978 1258 5040 salutiferam
1277 4985 1392 5029 mortem
1414 4979 1552 5030 Dominus
1574 4978 1648 5029 obiit
1685 4975 1758 5038 Quia
1774 4992 1841 5030 vero
1861 4976 1960 5033 Lerl’r*

214 5060 313 5111 iorum.
348 5059 479 5114 Abrahae
498 5075 530 5113 ex
557 5063 642 5116 t'ratre
668 5080 753 5131 nepos
779 5064 833 5117 fuit
851 5063 971 5130 Iaothus,
1000 5064 1047 5134 qui
1076 5063 1151 5116 vitici
1171 5062 1328 5116 sacerdotes
1352 5062 1381 5115 in
1404 5064 1595 5117 conservanda
1619 5060 1760 5116 doctrinae
1785 5061 1915 5116 coelestis
1927 5037 1960 5072 ω

214 5143 369 5198 Sodomitss
390 5144 462 5197 viam
484 5144 596 5199 Domini
621 5148 716 5201 docuit
736 5158 763 5202 et
789 5149 823 5202 de
841 5149 937 5217 poenis
956 5147 1049 5217 impie·
1076 5148 1196 5218 puritate
1223 5147 1332 5217 saepius
1359 5146 1472 5202 fuerunt
1499 5149 1671 5219 negligentes
1697 5154 1782 5218 atque
1811 5147 1914 5205 exinde

214 5229 279 5283 tatia
290 5246 339 5299 per
348 5230 507 5284 incendium
517 5232 705 5287 vendicandae
716 5250 761 5287 eos
771 5233 914 5288 admonuit
926 5233 996 5289 Gen.
1010 5241 1049 5302 19,
1076 5235 1167 5287 variae
1183 5234 1355 5302 corruptelae
1374 5234 1519 5302 orirentur,
1538 5233 1754 5288 extraordinarie
1767 5233 1845 5288 Deus
1863 5253 1912 5289 vo-

213 5332 239 5370 1.
263 5315 428 5369 teredini
447 5317 692 5385 animemjnstom
714 5321 842 5388 oper-ihus
867 5319 970 5387 iniquis
988 5338 1048 5371 crn-
1075 5318 1148 5373 cavit
1173 5319 1330 5388 prophetea,
1362 5321 1407 5392 qui
1440 5339 1457 5374 a
1486 5319 1649 5388 corruptelis
1680 5319 1733 5373 illis
1756 5320 1914 5376 doctrinam

213 5402 326 5454 einhart
346 5406 369 5455 2.
391 5401 464 5454 Petr.
485 5406 514 5463 2,
539 5419 565 5458 v.
586 5409 609 5457 1.
646 5403 689 5458 Ι)4
713 5404 810 5459 141144
838 5404 966 5458 Abrahae
991 5403 1049 5459 filio
1075 5415 1264 5474 repurgarent,
1277 5405 1312 5459 ad
1324 5405 1911 5476 poenitentiamcomminationepoenarum

213 5495 242 5542 et
259 5486 368 5542 Jacobo
385 5486 516 5543 Abrahae
532 5494 633 5560 nepote
653 5489 799 5558 ahquoties
812 5496 1048 5560 commemoratur,
1076 5496 1266 5545 secuturarum
1284 5493 1419 5562 populum
1438 5490 1648 5547 cohortarentur
1661 5498 1688 5547 et
1700 5492 1911 5562 promissionem
