4020 6014
207 131 268 190 sse
517 75 522 92 ί
787 103 1131 180 nocns'vrcusruus
1147 119 1315 180 maurus

204 280 292 335 verbs
319 283 397 336 recte
424 295 443 334 a
470 278 612 335 casabus
639 276 768 350 opposita
796 276 883 331 tunsa
907 275 1036 342 Tatiano,
1065 278 1129 330 Deo·
1151 285 1216 330 nint
1232 276 1385 329 institutas.
1419 273 1645 346 misenus
1666 278 1763 331 manet
1786 273 1901 330 interim

204 365 355 421 Enoratitis
373 369 402 420 et
419 363 605 431 Manichaeis,
630 364 736 418 sodex
760 378 792 417 eo
818 361 913 433 colligi
930 361 1036 432 nequit,
1063 363 1175 418 tertium
1198 361 1269 417 illud
1291 360 1519 433 comparationis,
1542 360 1618 432 quod
1640 360 1754 431 utrique
1771 361 1800 415 in
1818 366 1898 417 certo

206 470 262 507 non
287 468 368 523 posse
396 451 493 506 eadem
520 450 623 522 opponi
647 447 800 503 Pontificiis
823 448 983 519 conjugium
1007 446 1036 499 in
1063 450 1186 520 quodam
1209 449 1351 503 hominum
1374 463 1476 519 ςιιιιιι
1496 447 1532 502 ad
1553 445 1746 516 perfectiorem
1766 448 1901 503 sanenta·

206 538 330 609 personis
358 536 553 592 ecclesiasticis
579 533 791 602 damnantibus,
818 533 940 604 loquitur
963 532 1036 587 enim
1063 542 1119 592 tem
1143 535 1303 605 adspirante
1326 535 1439 604 nuptias
1462 532 1636 604 prohibeant.
1671 533 1716 588 Ac
1739 533 1764 587 si
1788 541 1903 589 vereat

206 624 349 695 apostulus
370 623 537 694 generaliter
555 621 590 675 de
604 620 731 676 omnihus
748 618 961 691 prohibentibus
980 634 1036 672 ma·
1064 640 1097 677 ex
1129 622 1221 676 animo
1251 618 1391 676 Pontifieii
1421 620 1569 674 laudarent
1597 619 1731 690 nuptias,
1766 624 1838 673 tunc
1870 618 1902 672 in

209 710 368 764 trimonium
388 710 445 763 sive
464 707 601 775 absolute,
620 707 677 760 sive
695 722 758 759 cum
776 706 942 773 conditione,
962 721 995 758 ac
1013 703 1037 756 si
1065 706 1258 763 ecelesiasticis
1288 708 1414 777 personis
1438 722 1484 762 aar
1502 705 1600 760 saltam
1617 705 1783 771 tolerarent,
1812 707 1838 758 si
1854 703 1903 759 vel

207 803 298 850 textus
324 794 468 865 apostolici
492 794 589 847 seriem
615 800 643 847 et
666 791 813 846 verborum
837 791 980 861 emphasin
997 789 1038 843 in-
1064 792 1181 848 maxime
1208 792 1237 846 in
1268 791 1323 846 illis
1351 792 1464 847 laudare
1495 791 1613 858 nollent;
1641 791 1763 862 pertinet
1786 790 1902 846 omnino

207 887 346 947 tueamur,
369 887 499 951 apparet,
519 879 630 933 omnino
650 878 734 933 etiam
754 878 845 933 notari
862 875 1037 931 Pontificiam
1064 880 1100 933 ad
1118 878 1230 953 laudem
1248 877 1389 949 conjugii,
1420 878 1495 948 quod
1511 877 1654 932 sanctitati
1673 891 1810 947 personae
1831 875 1904 930 nihil

206 967 330 1038 conjugii
357 964 576 1037 prohibitionem.
617 964 712 1019 Primo
740 964 812 1018 enim
841 962 982 1033 apostolus
1009 962 1038 1014 in
1065 965 1199 1036 deroget,
1242 964 1313 1018 hanc
1349 963 1460 1020 laudem
1496 963 1637 1018 Pontificii
1674 962 1717 1018 illi
1755 962 1904 1034 derogant,

206 1054 298 1124 capite
321 1052 503 1123 praecedente
527 1050 561 1105 de
589 1051 722 1104 uxoribus
740 1058 765 1104 st
783 1049 880 1103 liberis
897 1050 1038 1118 episeopo·
1064 1049 1131 1104 dum
1166 1048 1203 1104 ob
1239 1049 1350 1119 majoris
1390 1049 1543 1104 sanctitatis
1571 1040 1700 1103 'madium
1736 1055 1813 1103 certo
1853 1047 1903 1104 ho·

206 1157 269 1192 rum
290 1138 465 1204 disseruerat,
486 1153 572 1208 quare
589 1154 652 1191 cum
670 1136 722 1192 hoc
739 1136 800 1190 loco
817 1133 960 1205 praedicit,
979 1134 1037 1188 fore
1064 1135 1169 1190 minum
1199 1134 1295 1206 generi
1326 1134 1431 1204 nuptiis
1461 1133 1639 1188 interdicunt
1679 1139 1704 1189 t.
1728 1134 1903 1203 Apostolum

207 1224 255 1294 qui
277 1223 388 1293 nuptias
414 1221 592 1292 prohibeant,
616 1221 714 1292 utique
737 1221 820 1275 etiam
845 1220 1037 1291 episcoporum
1064 1221 1159 1274 dicere
1177 1239 1234 1274 non
1253 1223 1284 1274 in
1298 1221 1395 1275 diebus
1407 1221 1523 1284 ultimis,
1542 1219 1675 1290 ἐσχάτοις,
1692 1222 1746 1274 sed
1758 1221 1902 1290 posterio-

206 1310 318 1380 nnptias
336 1307 462 1363 includit.
502 1308 612 1362 Deinde
631 1308 791 1362 seductores
808 1307 871 1361 illos
889 1307 956 1361 dicit
973 1323 1037 1360 ven·
1062 1308 1148 1368 ribus,
1170 1306 1304 1380 ὑστέροις,
1329 1324 1385 1375 mm
1404 1308 1538 1376 temporis
1556 1308 1699 1360 mistione
1717 1314 1805 1359 totam
1823 1307 1901 1360 hanc

206 1400 281 1449 turos
309 1396 477 1463 temporibus
497 1395 716 1464 posterioribus,
746 1400 775 1447 at
792 1394 940 1459 Tutianus,
964 1391 1036 1447 Mur·
1063 1393 1189 1447 ultirnam
1213 1399 1331 1446 actuum
1353 1393 1493 1462 intellipat
1512 1410 1531 1446 a
1551 1390 1659 1446 Christi
1679 1393 1834 1446 ministerio
1852 1409 1899 1445 us-

205 1482 268 1536 cion
287 1488 314 1536 et
332 1481 430 1535 Manes
453 1481 576 1535 secundo
602 1497 636 1534 ac
656 1480 736 1534 tertio
753 1485 818 1550 post
833 1478 973 1534 Christum
988 1495 1036 1532 na·
1063 1496 1115 1549 que
1133 1481 1173 1533 ad
1192 1487 1341 1532 extremum
1353 1479 1511 1547 judicium,
1528 1495 1585 1532 non
1602 1486 1694 1531 erdem
1711 1485 1816 1530 certam
1834 1479 1901 1547 ejus

171 1632 176 1643 θ
205 1575 264 1640 tum
287 1567 382 1622 seculo
405 1567 507 1622 vixere.
542 1567 692 1621 Praeterea
717 1566 857 1636 apostolus
880 1581 936 1619 non
961 1564 1038 1633 dicit,
1058 1567 1233 1635 particulam
1257 1573 1436 1634 postremam.
1487 1564 1712 1635 Respondemus:
1741 1563 1812 1618 bene
1839 1570 1901 1632 est,

207 1653 269 1708 illos
289 1654 448 1708 seductores
469 1653 648 1707 damnaturos
666 1652 792 1723 nuptias,
817 1651 867 1706 sed
881 1652 1037 1718 prohibitu·
1063 1669 1131 1724 ergo
1147 1651 1288 1722 apostolus
1306 1651 1389 1705 etiam
1403 1649 1535 1722 intelligit
1546 1665 1649 1718 omnes,
1667 1650 1717 1720 qni
1734 1650 1901 1721 conjugium

206 1757 263 1804 ros,
284 1756 355 1809 qnae
375 1756 426 1793 vox
446 1744 525 1793 notat
544 1738 735 1793 auctoritatem
754 1736 951 1811 reperireris,
971 1753 1038 1808 qua-
1063 1737 1210 1808 prohibent
1235 1737 1292 1791 sive
1315 1736 1427 1807 primis,
1454 1737 1513 1790 sive
1535 1736 1639 1791 ultimis
1665 1744 1730 1806 post
1756 1736 1901 1792 Christum

207 1825 261 1880 lem
283 1824 362 1878 sibi
354 1842 383 1878 m
403 1824 519 1879 ecelesia
539 1824 614 1878 solus
633 1822 755 1893 pontifex
773 1831 899 1894 arrogat,
924 1840 957 1877 sc
975 1839 1037 1893 pro·
1064 1831 1160 1878 natum
1185 1822 1285 1878 seculis
1310 1823 1442 1890 vixerint,
1469 1824 1528 1877 sire
1550 1823 1599 1877 uni
1626 1829 1735 1877 tautum
1762 1824 1901 1879 ecclesiae

80 1910 347 1967 mtmhibitionis
373 1910 447 1964 illius
472 1927 584 1964 causam
609 1909 669 1964 fore
692 1909 761 1963 dicit
783 1910 959 1977 hypocrisin,
986 1908 1039 1963 hoc
1064 1910 1161 1976 ordini,
1180 1909 1237 1964 sive
1251 1908 1378 1979 pluribus
1389 1908 1532 1963 ordinibus
1545 1909 1706 1980 conjugium
1721 1909 1900 1980 prohibeant,

207 2003 250 2052 est
268 1994 408 2094 specimen
425 1996 538 2066 majoris
554 1996 722 2064 sanctitatis,
746 1995 798 2049 hoc
821 2003 895 2051 certe
916 1995 1038 2050 auimad·
1065 2012 1097 2050 ac
1115 2013 1165 2067 per
1182 2010 1353 2065 consequens
1365 1994 1449 2050 etiam
1466 1994 1610 2065 pontifices
1623 1995 1807 2065 prohibitione
1820 1995 1900 2050 illam

207 2082 324 2136 vertitur
354 2082 384 2135 in
413 2082 474 2153 lege
498 2082 547 2137 illa
568 2081 733 2146 coelibatus,
759 2083 796 2136 ad
820 2099 904 2152 qnam
923 2080 1071 2137 Siricius
1063 2099 1092 2134 m
1118 2081 1262 2136 ecclesiam
1288 2079 1495 2136 introducentes
1524 2081 1695 2151 perstringit
1740 2081 1899 2153 Perpetuus

206 2166 330 2239 pontifex
348 2167 537 2222 accommodat
559 2167 630 2222 illud
647 2167 700 2222 Dei
720 2175 913 2238 praeceptumr
940 2167 1039 2221 Sancti
1064 2167 1136 2221 enim
1150 2167 1273 2222 veritatis
1285 2161 1410 2221 suntllla
1422 2166 1600 2236 pronuntiata
1611 2173 1743 2236 veterum,
1762 2167 1899 2239 Hesychii

206 2262 302 2322 estote,
330 2254 398 2321 quia
422 2260 448 2305 et
474 2269 524 2322 epo
549 2262 662 2306 sanctus
679 2271 747 2307 sum.
785 2253 872 2307 Addit
888 2252 1037 2323 apostolus,
1063 2253 1092 2307 in
1110 2252 1193 2308 Gen:
1221 2253 1427 2308 Maledictione
1448 2254 1531 2322 dipni
1545 2260 1623 2319 runt,
1643 2256 1693 2322 qui
1708 2255 1813 2308 nutem
1829 2274 1898 2326 pro—

207 2339 406 2396 conscientiam
429 2338 527 2394 talium
552 2339 727 2395 seductorum
745 2339 804 2394 fore
820 2341 896 2395 velut
914 2341 1037 2393 cautemo
1063 2341 1163 2395 libent.
1202 2338 1344 2393 Ambrosii
1362 2339 1410 2396 lib.
1432 2344 1453 2394 l.
1478 2339 1514 2393 de
1531 2340 1618 2411 virg:
1644 2341 1769 2410 Nuptias
1788 2345 1898 2398 ruadw

205 2433 338 2489 notatam,
357 2425 387 2478 id
407 2429 449 2478 est
467 2424 498 2478 in
515 2425 684 2480 conscientia
702 2442 750 2479 eos
767 2425 826 2480 fore
845 2426 983 2480 convictos
1001 2426 1036 2479 de
1063 2435 1089 2479 et
1107 2443 1154 2480 sos
1165 2427 1277 2493 damno,
1298 2425 1349 2494 qui
1364 2427 1477 2495 nuptias
1488 2425 1692 2483 dissuaserunt.
1731 2426 1898 2500 Hieronymi

205 2511 385 2566 incommodis
411 2527 444 2566 ex
468 2509 522 2565 hac
550 2510 735 2578 prohibitione
761 2511 844 2576 ortis,
870 2528 921 2566 neo
944 2518 1036 2566 tamen
1062 2512 1091 2566 in
1111 2518 1133 2568 1.
1148 2510 1219 2567 Tim.
1238 2518 1269 2566 i:
1289 2512 1386 2565 Omnis
1403 2513 1452 2580 qui
1468 2513 1583 2581 nuptias
1600 2514 1725 2575 anat,
1744 2530 1801 2567 non
1818 2532 1897 2570 ama

205 2596 242 2652 ab
267 2596 363 2652 eodem
388 2596 589 2667 promulgando
619 2603 646 2652 et
671 2597 798 2668 urgendo
817 2597 979 2664 destitutos,
1007 2596 1036 2650 id
1062 2609 1120 2664 tor,
1144 2601 1196 2652 sed
1211 2599 1341 2651 inims'esss
1361 2607 1401 2651 est
1420 2599 1573 2662 emutatis,
1602 2599 1671 2667 quia
1696 2600 1897 2655 imantinentss

206 2683 281 2755 quod
304 2684 333 2737 in
357 2681 518 2736 Pontificios
548 2681 665 2737 maxime
687 2684 820 2753 quadrat,
847 2699 910 2738 cum
926 2684 1036 2738 Aeneas
1062 2686 1172 2739 suthria
1189 2686 1353 2754 nuptiarum
1370 2685 1494 2738 remedio
1511 2685 1713 2748 fornicationis
1730 2688 1805 2750 facit
1821 2689 1897 2742 inire

207 2768 317 2839 Sylvius
336 2776 433 2838 postea
450 2767 576 2837 pontifex
594 2766 662 2821 Pius
680 2767 718 2823 11.
737 2767 853 2823 dixerit:
877 2768 1036 2824 Sacerdoti·
1063 2772 1222 2839 discrimen,
1247 2770 1415 2825 Theodoreti
1434 2770 1464 2823 in
1486 2777 1509 2827 1.
1536 2769 1656 2827 'limoth
1683 2778 1715 2828 t:
1741 2774 1897 2844 Apostolus

115 2856 119 2861 '
207 2855 256 2908 bus
283 2854 351 2908 olim
378 2872 481 2922 mapna
506 2873 541 2908 ra
543 2855 618 2908 tione
641 2855 781 2908 ademtam
808 2871 867 2909 esse
894 2856 1035 2909 matrimo-
1061 2875 1117 2911 non
1136 2857 1277 2926 vituperat
1294 2857 1459 2910 coelibatum
1478 2864 1527 2910 aut
1544 2859 1751 2924 continentiam,
1768 2861 1821 2913 sed
1838 2877 1897 2930 eos,

206 2941 292 3010 nium,
308 2941 360 2993 sed
377 2941 484 3009 majori
501 2940 572 3007 ipss's
590 2956 649 2993 esse
665 2941 872 2996 restituendum.
904 2940 953 2995 Ad
969 2941 1037 2995 haec
1063 2945 1112 3013 qui
1130 2944 1189 3012 lege
1208 2944 1271 2997 iata
1291 2959 1325 2996 aa
1341 2944 1421 3011 ssent
1437 2943 1615 3011 compellunt.

207 3024 312 3081 ibidem
335 3026 449 3094 dicitur,
471 3025 545 3097 quod
569 3025 655 3080 iidem
685 3027 843 3083 seductores
866 3028 1039 3095 prohibituri
1098 3035 1157 3086 335.
1192 3035 1216 3085 t
1237 3029 1291 3083 lus
1310 3029 1435 3082 divinum
1456 3037 1483 3083 et
1506 3030 1631 3084 naturale
1649 3046 1706 3084 non
1722 3037 1814 3100 potest
1834 3033 1928 3088 tonia
1941 3039 1967 3080 m

207 3112 262 3164 sint
280 3112 370 3178 eibos,
396 3128 465 3181 quos
488 3110 566 3165 Dens
589 3113 694 3166 creavit
710 3114 747 3167 ad
765 3113 956 3183 accipiendum
974 3130 1037 3168 cum
1062 3119 1126 3189 lege
1144 3117 1272 3171 hnmana
1309 3113 1477 3186 conjugium
1496 3124 1538 3170 est
1554 3116 1671 3185 dejure
1690 3117 1785 3172 diuino
1803 3091 1964 3183 Gens-{121⁶

206 3197 359 3270 gratiarum
377 3197 501 3263 actione,
520 3195 590 3250 illud
608 3196 703 3251 itidem
721 3215 777 3252 non
796 3199 970 3269 simpliciter,
987 3200 1037 3256 sed
1063 3203 1150 3270 sisi,
1170 3221 1197 3257 s.
1215 3207 1256 3258 ts.
1283 3218 1317 3257 ac
1329 3203 1399 3271 jure
1416 3209 1550 3267 naturae,
1568 3208 1601 3255 ut
1616 3207 1696 3272 patet
1714 3219 1748 3257 ex
1768 3207 1967 3294 appetituum
1910 3200 1967 3234 ”⁸⁸¹¹

193 3283 276 3357 ,acri
302 3305 329 3337 rs
351 3289 480 3354 respectu
502 3291 639 3339 certorum
667 3289 819 3354 temporum
844 3302 878 3340 ac
901 3293 1037 3340 certorum
1062 3289 1270 3360 propagationis
1289 3287 1416 3343 omnibus
1431 3287 1523 3359 insito.
1558 3286 1633 3359 Ergo
1650 3305 1705 3342 non
1724 3296 1817 3359 potest
1834 3292 1895 3346 tolli

207 3367 332 3424 ciborum
347 3369 437 3440 accipi
456 3375 560 3438 potest,
587 3370 683 3427 eadem
701 3375 744 3425 est
760 3371 830 3425 ratio
847 3371 1038 3440 prohibitionis
1062 3376 1125 3447 legs
1148 3375 1276 3429 bumana.
1322 3373 1363 3430 Ut
1388 3389 1469 3428 nemo
1488 3378 1579 3442 potest
1605 3373 1723 3471 obligari
1747 3377 1792 3431 vel
1816 3393 1834 3430 a
1856 3394 1894 3446 se,

206 3455 343 3526 conjugii,
378 3462 410 3510 ut
432 3453 502 3509 nihil
526 3456 649 3510 dicamus
677 3456 712 3510 de
741 3471 788 3522 ιο,
820 3458 894 3528 quod
919 3475 953 3513 ex
976 3459 1038 3530 ipsa
1061 3460 1266 3518 velabaliosd
1280 3459 1555 3527 noncomedendnm,
1570 3459 1699 3530 quiahoc
1713 3469 1895 3520 essetcontra

207 3540 424 3611 praemonitione
438 3541 556 3611 apostoli
570 3548 627 3596 tam
639 3542 749 3597 solicita
765 3549 793 3598 et
809 3552 941 3600 accurata
951 3546 1037 3600 mani·
1063 3546 1215 3602 naturalem
1246 3546 1452 3601 inclinationem
1490 3546 1671 3600 conservandi
1704 3547 1894 3619 individuum,

206 3627 279 3682 feste
297 3632 440 3696 appareat,
459 3643 588 3698 magnam
605 3644 657 3698 per
674 3628 787 3698 spiritus
804 3629 865 3685 illos
879 3632 1036 3685 seductores
1062 3635 1102 3689 sic
1120 3651 1199 3689 nemo
1217 3638 1309 3704 potest
1327 3632 1446 3703 obligari
1463 3631 1509 3688 rel
1520 3648 1538 3687 a
1549 3649 1588 3700 se,
1606 3632 1650 3686 vel
1667 3632 1704 3686 ab
1721 3633 1777 3688 alio
1790 3634 1826 3688 ad
1837 3652 1894 3690 non

207 3711 340 3767 ecclesias
362 3712 470 3767 cladem
488 3713 676 3780 inferendam,
716 3715 764 3770 sed
790 3715 949 3773 Encratitae
975 3735 1037 3773 cum
1063 3720 1218 3775 ducendam
1237 3736 1362 3787 uxorem,
1385 3717 1452 3789 quia
1478 3716 1507 3770 id
1524 3723 1598 3772 esset
1626 3725 1722 3772 sonna
1739 3721 1967 3776 naturalemxm

207 3796 363 3852 Manichaei
382 3815 486 3868 paucos
507 3799 663 3855 habuerunt
679 3808 837 3867 sectatores,
856 3803 879 3857 si
895 3802 1036 3858 conferm-
1061 3805 1268 3860 inclinationem
1287 3803 1468 3859 conservandi
1493 3803 1620 3873 speciem.
1657 3802 1771 3874 Excipit
1789 3807 1894 3862 Bellar·

206 3891 252 3939 tur
275 3900 338 3938 cum
363 3885 410 3954 iis,
438 3885 486 3956 qui
508 3885 625 3940 vinculis
649 3888 757 3957 papalis
781 3888 973 3956 prohibitionis
989 3891 1036 3945 ob·
1062 3892 1166 3946 minus:
1194 3896 1216 3946 1.
1240 3891 1358 3945 Verbum
1375 3889 1507 3955 Domini,
1534 3890 1650 3943 cresmte
1671 3896 1697 3942 et
1725 3892 1893 3962 multiplica·

206 3969 294 4025 stricti
310 3980 448 4025 tenentur.
485 3970 614 4042 Denique
632 3989 684 4026 nec
702 3972 755 4041 ipsi
771 3973 941 4040 Manichaei,
968 3993 1037 4046 quos
1062 3978 1132 4031 mini
1155 3994 1210 4030 non
1235 3992 1337 4031 sonam
1357 3984 1554 4045 paeceptum,
1580 3976 1632 4028 sed
1648 3984 1766 4031 naturae
1784 3978 1894 4032 institu-

206 4055 346 4111 Pontificii
368 4055 420 4111 hoc
445 4056 519 4111 dicto
542 4056 692 4128 perstringi
717 4068 885 4130 agnoscunt,
910 4061 1038 4117 absolute
1061 4065 1164 4118 tmnem
1181 4063 1344 4131 capriatae,
1363 4077 1422 4114 cum
1444 4063 1527 4113 etiam
1548 4061 1638 4114 brutis
1657 4062 1762 4116 torsit
1779 4064 1893 4121 dictum.

206 4141 347 4206 omnihus,
375 4143 423 4198 sed
447 4148 557 4197 tantum
577 4144 671 4198 electis
690 4144 746 4198 suis
768 4145 970 4215 prohibuerunt
986 4167 1036 4204 nn·
1063 4147 1285 4220 Respondemus:
1303 4146 1488 4202 Bellarminus
1505 4147 1661 4216 ipsepaulo
1677 4156 1740 4217 post
1759 4151 1894 4220 agnoscit,

207 4228 280 4300 ptiss
307 4234 376 4283 teste
404 4228 563 4298 Augustino
586 4227 634 4282 lib.
659 4234 684 4286 2.
708 4230 743 4284 ds
770 4231 893 4287 moribus
918 4233 1037 4292 ldanich.
1059 4243 1243 4304 paeceptum
1267 4233 1401 4287 naturale
1427 4232 1462 4285 de
1485 4232 1617 4303 conjugio
1640 4233 1763 4288 ineundo
1785 4235 1815 4288 in
1838 4236 1894 4292 illis

208 4331 232 4370 c.
254 4320 293 4370 18.
322 4319 350 4369 ιι
371 4313 400 4368 in
424 4314 504 4384 epist
523 4320 564 4369 tt.
588 4314 624 4368 ad
645 4314 817 4375 Deuterium.
851 4319 973 4390 Aequis
991 4337 1038 4374 au·
1064 4319 1155 4375 verbis
1180 4319 1313 4390 proponi,
1339 4335 1389 4372 cur
1413 4316 1498 4387 igitur
1525 4323 1702 4387 praeceptum
1726 4324 1756 4374 et
1778 4327 1895 4377 naturae

208 4401 281 4457 diret
301 4417 380 4470 eum,
406 4400 454 4471 qui
475 4399 601 4455 absolute
620 4401 748 4457 omnibus
766 4402 929 4460 Christianis
947 4406 977 4460 in
994 4424 1038 4462 ec·
1063 4406 1265 4460 institutionem
1282 4403 1327 4458 hic
1345 4402 1482 4474 opponit?
1519 4402 1550 4458 Si
1568 4403 1732 4458 naturaDei
1751 4405 1895 4463 voluntate

206 4486 291 4544 alesia
304 4487 465 4558 conjugium
479 4484 658 4557 prohiberet?
682 4493 707 4545 3.
720 4488 835 4561 Regerit
845 4491 1038 4562 Bellarmiuus,
1063 4492 1104 4546 its
1121 4491 1248 4545 instituta
1268 4497 1317 4560 est,
1335 4495 1367 4544 ut
1383 4505 1434 4559 per
1451 4488 1612 4559 conjugium
1629 4492 1840 4561 propagandum
1859 4495 1897 4548 sit

207 4574 395 4628 Manichasos
422 4572 589 4643 simpliciter
616 4574 794 4628 intermisisse
820 4578 949 4646 nuptias,
974 4579 1039 4633 licet
1064 4594 1152 4649 genus
1175 4577 1341 4646 humanum,
1370 4575 1467 4644 utique
1493 4592 1562 4645 quos
1581 4572 1659 4629 Deus
1684 4582 1712 4630 ιι
1734 4585 1834 4633 natura
1857 4580 1895 4635 ad

207 4661 281 4714 enim
308 4659 486 4714 auditoribus
511 4659 570 4713 suis
592 4676 641 4714 eas
662 4660 870 4732 percuterent,
897 4672 988 4718 tamen
1005 4667 1039 4718 id
1063 4663 1345 4736 conjugiumvocsnt,
1363 4660 1404 4714 illi
1423 4660 1649 4715 abeononsunt
1664 4663 1785 4718 arcendi.
1817 4664 1896 4720 Deus

203 4747 322 4813 secuse,
340 4746 409 4815 quia
426 4764 483 4800 non
496 4753 632 4816 poterant
648 4746 732 4800 aliud
750 4747 887 4814 oblinam
920 4751 1038 4820 Pamifi·
1063 4757 1129 4804 ante
1153 4749 1261 4820 lapsum
1290 4747 1320 4801 in
1338 4745 1466 4817 paradiso
1486 4746 1647 4817 conjugium
1663 4748 1795 4818 instituit,
1818 4751 1895 4807 idem
1935 4746 1938 4751 ’

204 4832 263 4887 cios
282 4847 348 4886 uero
367 4849 422 4884 non
441 4830 498 4885 nisi
516 4849 579 4886 cam
596 4833 755 4886 conditime
770 4835 921 4902 prohibere
940 4839 1037 4890 matri·
1063 4852 1114 4907 per
1149 4835 1301 4906 legitimam
1337 4832 1420 4888 maris
1455 4848 1488 4887 ac
1518 4833 1638 4888 feminae
1671 4834 1896 4904 conjunctionem

204 4918 327 4975 monium
352 4934 387 4970 aa
413 4936 468 4972 non
493 4918 584 4972 solum
602 4919 724 4973 tolerare
745 4917 921 4975 Christianos
940 4923 1037 4991 conju
1063 4938 1152 4993 genus
1175 4921 1326 4975 humanum
1349 4928 1378 4974 et
1399 4919 1429 4972 in
1452 4934 1485 4974 eo
1504 4919 1648 4975 ecclesiam
1667 4918 1768 4976 Christi
1785 4938 1893 4978 conser-

204 5011 293 5073 patos,
312 5003 364 5057 scd
383 5003 467 5056 ctiam
480 5003 618 5074 laudare,·
639 5005 741 5058 deinde
755 5004 942 5070 Manichacus
954 5009 1036 5061 audi·
1063 5007 1121 5062 vari
1141 5023 1175 5061 ac
1192 5005 1341 5076 propagari
1367 5005 1468 5072 soluit,
1493 5011 1558 5075 post
1576 5006 1684 5076 lapsum
1703 5005 1777 5062 idem
1796 5008 1895 5064 confir-

203 5089 312 5144 toriInss
325 5089 384 5142 mis
395 5090 558 5157 permisisse
573 5092 686 5160 nuptias
698 5099 806 5145 tantum
818 5093 859 5145 ad
871 5093 1037 5161 explendam
1063 5093 1148 5148 mavit
1164 5101 1193 5147 et
1210 5092 1353 5147 mandavit
1370 5089 1471 5148 Genea.
1489 5096 1520 5159 8,
1539 5109 1565 5147 s.
1587 5097 1626 5146 17.
1644 5108 1669 5149 ι.
1689 5097 1719 5162 9,
1735 5109 1760 5148 v.
1781 5099 1804 5150 1.
1824 5093 1894 5150 haec

203 5175 366 5242 libidinem,
389 5191 445 5228 non
470 5183 562 5227 autam
579 5177 620 5230 ud
634 5178 860 5245 prancationam
876 5178 1036 5246 liberorum,
1062 5178 1198 5234 institutio
1223 5186 1252 5234 et
1277 5178 1412 5233 ordinatio
1430 5177 1485 5233 Dei
1510 5192 1604 5232 omnes
1628 5177 1750 5249 obligat,
1773 5179 1821 5251 qui
1837 5198 1893 5237 non

204 5263 282 5328 quad
300 5269 340 5314 est
357 5261 471 5328 nuptias
489 5262 641 5328 detectam
662 5264 826 5329 Pontificius
838 5281 903 5318 uero
919 5275 1036 5333 prepter
1063 5271 1129 5319 sunt
1144 5265 1276 5334 peculiari
1296 5265 1369 5319 dono
1389 5262 1504 5332 excepti.
1535 5261 1686 5316 Brutorum
1706 5273 1735 5320 et
1750 5265 1893 5324 hominum

203 5345 275 5399 tunc
296 5349 384 5414 finem
409 5363 458 5399 eas
478 5345 655 5414 podssimum
679 5347 817 5418 madere,
843 5351 885 5402 ad
910 5367 991 5418 quem
1015 5348 1114 5406 alhac
1139 5352 1167 5405 iu
1185 5357 1264 5421 parts
1281 5358 1325 5406 est
1342 5347 1526 5419 disparrstio,
1544 5344 1655 5403 illorum
1674 5350 1748 5406 enim
1763 5360 1893 5424 respectu
