4006 6022
673 323 726 380 nn
745 278 1000 383 memisse
1017 322 1206 383 remaneo.
1728 332 1789 393 sse

88 493 187 532 sensus
203 478 335 546 pentiurn.
372 477 442 533 Oete
465 480 660 549 interrogatus,
683 480 751 551 quid
775 485 848 535 esset
870 479 927 533 fee-
958 477 1057 533 Cultor
1075 480 1136 533 Dei
1148 480 1302 550 pecuniae,
1320 481 1348 533 si
1364 496 1448 549 psam
1466 479 1628 547 credidmit,
1645 496 1702 533 non
1717 480 1799 534 acci·
1903 519 1907 525 -

89 563 197 630 nerum,
216 564 292 617 idem
310 563 382 618 dixit
399 564 475 635 qued
493 565 631 619 hominem
653 567 789 620 occidere.
829 563 927 619 Cicero
952 566 1017 634 piat
1037 569 1169 632 usurum,
1199 574 1229 621 ut
1249 575 1276 620 et
1295 567 1456 631 beneficium
1476 566 1513 620 sit
1530 566 1684 629 incolume,
1711 567 1791 636 quod

89 649 176 706 liba.
195 647 339 705 offlevn.
359 649 498 720 philone.
517 656 559 707 95.
588 650 667 705 Idem
685 651 701 706 l
721 651 756 705 de
776 668 807 706 re
824 649 928 704 rustice
951 658 1100 705 'succurrat
1117 652 1285 722 necessitati,
1298 652 1474 706 etubstineat
1487 668 1610 722 prorsus
1622 651 1723 705 altene.
1753 652 1791 707 In

89 735 202 790 scribit:
223 736 356 821 Majorcs
373 737 465 790 nestri
483 737 524 790 sic
541 737 662 790 tabuere
675 737 755 790 etita
772 738 803 791 in
820 736 928 806 lapibus
953 738 1005 792 hoc
1031 738 1104 792 enim
1132 755 1231 806 penere
1258 739 1351 804 officii
1377 756 1428 793 suo
1455 739 1536 792 debet
1557 753 1618 792 esse
1638 744 1791 808 contentus,

85 838 216 892 posuere,
232 822 328 887 furem
346 822 435 891 duplo
453 825 703 892 condemnandum,
720 825 927 888 foeneratorem
953 840 1034 893 quem
1051 832 1160 894 opertet
1180 825 1256 879 aliae
1273 841 1308 878 ne
1322 825 1443 893 proprio
1461 824 1575 893 quidem
1590 839 1729 893 parcere,
1758 831 1791 879 est

90 908 260 978 quadruplo.
298 911 443 978 chrupus
465 925 481 964 e
505 913 567 964 teta
589 909 690 979 Sparta
714 909 813 964 foenus
839 914 928 964 exter·
954 909 1053 964 bonum
1065 909 1182 980 saciet,·
1196 910 1265 980 plus
1283 917 1376 963 autem
1394 909 1536 980 aocspere,
1564 926 1648 980 petam
1672 908 1791 976 aderet,

89 995 211 1049 minasse
230 994 346 1064 dicitur,
373 994 540 1050 Plutarchus
560 997 590 1050 in
610 995 680 1068 Lye.
718 997 791 1064 Apis
811 996 928 1051 Atheni·
954 995 1087 1064 injectum
1104 1004 1162 1061 est,-
1190 999 1268 1066 pund
1291 996 1341 1066 qui
1364 996 1455 1065 facit,
1482 994 1636 1050 insidiatur
1655 997 1791 1068 quedam·

90 1081 198 1137 ensium
217 1080 273 1135 dux
292 1080 362 1136 adeo
382 1097 494 1136 exosum
512 1080 612 1137 habuit
630 1081 737 1151 foenus,
755 1087 788 1137 ut
804 1081 928 1137 omnium
954 1084 1052 1150 modo,
1071 1091 1102 1137 ut
1120 1101 1153 1138 ee
1170 1085 1289 1138 alterius
1312 1083 1474 1138 necessitate
1487 1084 1655 1154 praedetur.
1691 1082 1790 1155 Augu·

58 1236 65 1245 ³
89 1166 294 1222 foeneratorum
327 1165 437 1222 tabulas
461 1167 527 1239 igne
552 1168 694 1239 supposito
721 1168 751 1222 in
774 1167 834 1223 iero
863 1184 929 1222 eon·
954 1168 1042 1224 atinus
1062 1169 1090 1224 in
1108 1170 1209 1225 Psalm.
1229 1175 1272 1226 36.
1292 1185 1370 1224 conc.
1390 1174 1420 1225 3:
1446 1170 1524 1225 Nolo
1547 1168 1609 1222 sits‘e
1626 1169 1789 1233 foenerato-

89 1253 236 1322 cremarit,
261 1269 316 1323 pue
333 1253 397 1321 ipne
413 1254 523 1307 nullum
540 1255 649 1308 clarius
667 1254 759 1308 lumen
775 1270 805 1307 se
822 1254 927 1307 uidisse
953 1273 1014 1323 res,
1047 1264 1073 1310 et
1098 1256 1163 1311 ideo
1185 1256 1266 1325 nelo,
1298 1255 1366 1325 quia
1385 1256 1467 1309 Deus
1490 1272 1547 1309 nen
1564 1254 1632 1309 esus.
1668 1255 1745 1308 Nam
1762 1254 1791 1309 ss'

90 1339 240 1412 Agesilaus
258 1338 327 1393 dixit
345 1339 505 1394 Alexander
524 1340 561 1395 ab
587 1339 740 1395 Alexandr.
766 1338 814 1394 lib.
837 1345 859 1397 l.
878 1356 926 1410 ge·
953 1356 1003 1408 epe
1022 1341 1088 1396 nolo
1105 1350 1132 1395 et
1148 1343 1229 1395 Deus
1251 1341 1324 1406 vult,
1352 1339 1443 1410 apite5
1470 1340 1498 1394 si
1515 1346 1609 1393 autem
1632 1341 1713 1394 Deus
1732 1357 1790 1395 non

90 1426 157 1481 nial.
177 1426 244 1481 dier.
262 1442 286 1483 c.
306 1432 331 1480 7.
365 1424 515 1481 Usurarios
535 1443 633 1481 manus
657 1425 848 1498 amputatione
868 1425 926 1495 ple·
953 1428 1020 1497 uuit,
1039 1428 1150 1481 etamsi
1167 1444 1218 1495 epo
1239 1427 1352 1493 uellem,
1368 1426 1444 1481 malo
1462 1442 1513 1479 sue
1531 1432 1633 1496 aperet,
1654 1426 1705 1495 qui
1723 1442 1789 1496 ape·

89 1512 185 1567 ctebat
206 1510 319 1580 Gallie,
353 1511 485 1582 Cujacius
508 1511 557 1567 lib.
578 1518 599 1566 7.
620 1511 728 1568 observ.
761 1518 800 1568 13.
840 1512 926 1566 Plato
952 1521 1003 1568 ret.
1044 1514 1122 1568 Unde
1147 1521 1287 1586 apparet,
1318 1515 1410 1567 Deum
1437 1513 1489 1566 hoc
1506 1512 1597 1581 nelle,
1624 1511 1730 1566 dimum
1748 1519 1790 1566 est

89 1597 230 1653 usmaries
254 1614 270 1653 e
294 1597 438 1668 republica
463 1597 686 1652 exterminandos
712 1597 811 1653 statuit
833 1596 882 1652 lib.
902 1603 926 1652 5.
952 1598 1012 1652 alie
1032 1599 1106 1654 loco:
1136 1599 1194 1662 Qui
1202 1599 1355 1669 pecuniam
1381 1615 1463 1651 suam
1488 1614 1545 1651 non
1562 1597 1644 1652 desid
1663 1599 1705 1652 ad
1723 1614 1789 1653 asu·

90 1684 127 1738 de
155 1683 274 1755 legibus.
325 1685 494 1738 Aristoteles
526 1684 682 1739 usurariam
714 1683 927 1756 acquisitionem
952 1703 1023 1742 rem.
1050 1685 1090 1739 Et
1107 1703 1192 1756 quam
1211 1676 1433 1753 munatium,
1450 1683 1684 1754 quamodiosum,
1703 1701 1790 1754 quam

88 1769 208 1826 maxime
236 1776 333 1826 eontra
359 1762 488 1826 naturam
512 1789 573 1826 esse
590 1771 701 1840 asserit,
729 1787 793 1825 cnm
808 1770 928 1841 pecunie
954 1773 1170 1840 macerandum,
1189 1779 1259 1840 puto
1277 1771 1345 1840 quia
1361 1779 1387 1825 et
1414 1769 1474 1841 ipsi
1493 1772 1692 1836 foeneratores
1709 1786 1789 1825 neue·

90 1856 129 1911 sit
151 1872 195 1912 res
221 1856 339 1926 sterilis,
368 1856 431 1914 libr.
457 1864 478 1913 l.
501 1857 605 1929 politic.
625 1872 686 1929 cap.
711 1863 736 1912 t.
754 1856 868 1911 Faenus
887 1864 928 1909 cst
952 1865 1027 1914 runt.
1062 1856 1241 1912 Bernhardus
1270 1857 1351 1929 epist.
1377 1862 1437 1914 322.
1463 1857 1539 1913 eirca
1568 1856 1615 1911 lin.
1648 1856 1700 1912 cel.
1724 1862 1791 1914 999:

90 1944 204 1997 animae
219 1943 324 2009 sunus,
352 1942 465 1998 dicebat
482 1943 643 2014 Alpheusus
670 1943 807 2000 referente
823 1941 927 1996 Panes·
955 1943 1052 1997 Sicuti
1079 1945 1179 2003 desum
1205 1943 1329 2006 ludaei,
1359 1944 1444 2013 pejus
1467 1942 1624 2012 judaizare
1663 1943 1790 1997 memus

90 2028 159 2083 mita
179 2029 214 2084 de
233 2028 299 2083 dict
320 2034 348 2083 et
366 2029 431 2084 fect.
450 2027 535 2099 Alph.
553 2028 572 2086 l.
593 2034 618 2084 9.
644 2046 704 2099 cap.
734 2035 775 2084 et.
816 2027 927 2081 Tollen·
954 2027 1131 2083 Christianos
1153 2029 1363 2099 torneatores,
1399 2031 1426 2084 si
1452 2037 1545 2084 temen
1568 2028 1745 2083 Ohrimiarsos
1764 2036 1791 2084 et

89 2118 157 2170 cium
172 2133 203 2169 ee
221 2115 422 2169 eim'tateiltud
436 2114 550 2169 urbibus
567 2122 645 2169 ectus
662 2115 795 2180 foenebm
813 2114 927 2177 mum,
953 2132 1009 2169 non
1033 2115 1124 2185 mepte
1147 2115 1304 2184 baptisatus
1326 2115 1455 2169 Judaeos
1487 2115 1613 2170 conuenit
1644 2114 1792 2184 appellari

88 2202 181 2273 inquit
198 2200 313 2255 Tacitus
330 2200 378 2255 lib.
398 2207 422 2259 6.
442 2201 534 2257 annal.
548 2217 613 2271 pag.
634 2206 691 2256 105.
711 2201 838 2272 ignotum
857 2198 926 2254 illud
954 2208 1007 2256 etc.
1042 2207 1068 2256 5.
1090 2202 1245 2272 Multiplee
1262 2202 1337 2274 quod
1359 2219 1394 2257 ex
1421 2201 1475 2256 illis
1499 2202 1623 2257 nascitur
1641 2202 1789 2258 incomme-

56 2288 60 2299 '
88 2287 145 2343 suit
158 2286 297 2342 veteribus
315 2285 472 2352 Germanis,
490 2286 525 2343 de
543 2286 648 2358 quibus
666 2285 738 2341 idem
756 2285 873 2341 Tacitus
891 2284 927 2340 de
953 2291 1030 2345 dum.
1069 2287 1178 2355 Usurae
1203 2293 1231 2343 et
1254 2287 1455 2359 accipientibus
1479 2293 1546 2342 sunt
1568 2288 1675 2346 noxiae.
1712 2288 1790 2344 Dan-

87 2390 155 2429 mer.
178 2372 272 2430 Germ.
297 2388 359 2444 cap.
384 2378 414 2429 8:
443 2374 557 2428 Faenus
582 2374 693 2442 epitere
718 2381 745 2427 et
770 2372 800 2426 in
824 2389 926 2426 neuros
952 2380 995 2429 tes
1013 2377 1153 2446 exsugunt
1171 2379 1255 2445 etque
1270 2373 1451 2440 exhauriunt,
1473 2374 1549 2430 unde
1566 2372 1673 2429 Beldus
1692 2373 1788 2432 consil.

87 2462 235 2514 extendere
255 2460 379 2528 ipnotum
392 2461 511 2530 ideoque
530 2461 623 2531 mapis
639 2467 776 2528 seruatur,
799 2461 928 2529 quamsi
953 2467 1013 2518 tte.
1035 2460 1090 2518 rol.
1118 2466 1142 2517 3.
1161 2466 1304 2532 comparat
1322 2477 1435 2517 usuram
1453 2461 1606 2516 eumicuio
1627 2460 1713 2531 lipni,
1740 2458 1789 2532 qai

86 2549 200 2601 uetitum
219 2554 297 2601 essct.
331 2546 457 2602 Bodinue
475 2563 532 2601 nen
543 2534 625 2602 medo
637 2546 754 2616 radices,
774 2546 825 2603 sed
842 2547 926 2602 etiam
952 2553 1030 2603 tactu
1048 2547 1119 2603 lenis
1139 2555 1263 2619 apparet,
1289 2548 1339 2603 sed
1359 2547 1456 2604 dentes
1475 2548 1562 2603 habet
1579 2545 1741 2603 durissimos
1757 2551 1787 2604 et

87 2633 175 2688 fibras
192 2632 278 2703 hujus
296 2633 363 2687 mali
381 2633 494 2703 penitus
510 2632 697 2703 amputandas
721 2649 783 2689 esee
800 2633 926 2703 disputat
953 2633 1105 2689 medullam
1134 2634 1203 2705 ligni
1233 2634 1275 2689 ita
1301 2634 1436 2701 corrodit,
1468 2639 1500 2689 ut
1524 2633 1684 2705 superficies
1709 2633 1789 2706 quasi

86 2720 136 2776 lib.
164 2728 190 2778 5.
212 2719 247 2774 de
273 2719 381 2790 republ
407 2736 432 2776 c.
457 2724 482 2777 2.
519 2723 544 2774 t.
568 2721 734 2774 Auctoritas
752 2728 870 2788 patrum
900 2726 926 2772 et
952 2720 1050 2776 illaesa
1076 2726 1219 2792 appareat.
1256 2721 1393 2777 Hebraeis
1423 2736 1508 2776 usura
1535 2720 1638 2775 dicitur
1670 2738 1690 2774 a
1714 2738 1789 2776 mor·

87 2806 283 2862 conciliorum.
335 2804 492 2862 Damnatae
522 2811 588 2862 sunt
620 2821 721 2873 usurae
750 2804 780 2860 in
808 2804 925 2861 concilio
953 2809 1047 2862 dendo
1071 2825 1106 2861 ac
1127 2808 1266 2864 rodendo.
1308 2807 1342 2861 Ut
1370 2807 1445 2861 enim
1468 2823 1583 2880 serpens
1606 2809 1739 2862 mordens
1758 2808 1790 2862 in

86 2892 213 2948 Nicaeae
233 2892 322 2963 primo
341 2907 400 2947 can.
425 2897 464 2948 18.
494 2890 666 2948 Eliberitane
686 2906 749 2948 ean.
768 2897 809 2947 20.
827 2890 925 2947 Arela-
952 2893 1065 2948 scientie
1085 2892 1212 2963 primum
1235 2911 1292 2947 non
1312 2893 1475 2962 percepitur
1504 2892 1548 2946 oei
1578 2893 1710 2962 sentiar,
1736 2895 1790 2948 sed
1900 2932 1906 2939 -

85 2978 160 3034 tensi
175 2995 237 3035 can.
258 2982 297 3033 lt.
335 2977 495 3034 Laodiceae
520 2995 581 3034 can.
608 2985 632 3034 5.
661 2975 876 3049 Carthaginensi
902 2982 925 3033 3.
947 2987 1051 3050 postea
1075 2980 1157 3034 homo
1184 2979 1303 3050 instetur
1331 2986 1358 3033 et
1381 2974 1555 3049 diffundriter
1577 2981 1689 3050 effeetus
1708 2978 1789 3033 iliius

87 3083 141 3121 cen
161 3070 202 3122 16.
220 3064 527 3132 Constantinopolitano
553 3071 577 3121 6.
602 3081 663 3121 can.
683 3069 723 3121 te.
741 3063 925 3136 Lugdunensi
952 3084 1062 3122 morsus
1076 3066 1166 3136 parui
1179 3083 1234 3136 per
1254 3072 1341 3120 tetum
1357 3083 1479 3136 cerpus,·
1497 3064 1540 3119 sic
1556 3082 1661 3119 usurae
1680 3067 1788 3139 malum

85 3169 147 3208 can.
171 3156 212 3208 16.
231 3155 282 3207 etc.
321 3149 363 3204 Ex
391 3150 518 3222 patribus
547 3150 636 3205 multa
661 3150 716 3205 huc
744 3149 838 3204 efferri
862 3165 925 3221 pes-
952 3155 982 3208 in
996 3153 1143 3224 principio
1160 3152 1367 3221 consentitur,
1392 3153 1446 3205 sed
1462 3158 1565 3222 postea
1591 3152 1741 3206 adscendit
1757 3152 1789 3206 in

58 3242 160 3308 ,eunt
188 3235 378 3308 Hieronymus
405 3235 468 3291 libr.
496 3241 518 3292 6.
552 3236 582 3290 in
609 3234 748 3293 Ezechiel
780 3252 840 3306 cap.
877 3240 924 3291 18:
953 3257 1084 3308 mapnam
1113 3255 1249 3292 summam
1276 3245 1303 3292 et
1330 3240 1447 3292 deccrm
1473 3245 1560 3292 totam
1588 3238 1708 3291 heminis
1726 3238 1790 3292 suh·

89 3325 211 3389 Quam
234 3341 292 3392 pre
315 3322 441 3394 pecunia
464 3324 614 3387 foenerata
641 3322 732 3376 solent
758 3321 925 3375 munuscula
950 3325 1094 3394 stantiam,
1110 3323 1276 3395 utloquitur
1289 3323 1418 3395 Lyrunus
1431 3322 1460 3377 in
1481 3339 1504 3377 c.
1525 3326 1567 3378 22.
1594 3322 1682 3377 Exod.
1706 3323 1788 3378 Acci·

86 3412 216 3481 aceperc
240 3409 349 3463 diuersi
366 3409 477 3479 pencris
499 3416 525 3462 ct
542 3425 599 3462 non
617 3409 790 3477 intelligunt,
808 3426 924 3462 usuram
950 3410 1058 3482 pientes
1075 3427 1092 3466 a
1109 3409 1251 3466 laboribus
1268 3410 1306 3465 ad
1324 3409 1411 3464 otium
1430 3414 1547 3465 avocant
1564 3414 1593 3464 et
1611 3408 1647 3463 ad
1669 3408 1789 3465 abusum

85 3495 234 3570 appellari
249 3504 275 3550 et
292 3496 595 3569 superabundantiam,
619 3496 761 3566 quidquid
781 3495 857 3550 illud
874 3501 923 3562 est,
951 3496 1111 3552 divitiarum
1135 3496 1262 3552 invitant
1299 3495 1433 3551 Homines
1463 3495 1537 3549 enim
1562 3494 1649 3550 illecti
1669 3494 1788 3551 faciliori

85 3586 113 3640 si
130 3585 168 3638 ab
186 3601 226 3652 ee,
243 3584 321 3653 quod
344 3582 489 3651 dederint,
509 3583 578 3653 plus
602 3582 769 3650 acceperint.
803 3580 923 3635 Ambre·
950 3600 984 3638 ac
1023 3582 1119 3639 tutiori
1153 3583 1260 3638 ratione
1303 3581 1431 3637 lucrandi
1465 3597 1516 3653 per
1552 3596 1651 3636 usuras
1691 3582 1783 3637 minus

86 3672 120 3726 sii
142 3671 213 3726 liber
234 3669 271 3724 de
293 3668 385 3725 Tabia
415 3675 490 3724 tetus
512 3668 541 3722 in
558 3667 742 3724 detestmiene
760 3685 861 3724 usurae
879 3684 923 3722 ec·
950 3675 1049 3724 curant
1080 3674 1153 3725 artes
1188 3668 1318 3724 honestas
1343 3668 1481 3724 humanae
1511 3667 1586 3724 vitas
1610 3667 1786 3725 necessarias.

86 3762 207 3829 cupetus
230 3759 286 3825 eet,
313 3771 336 3812 c.
365 3760 405 3811 13.
431 3754 514 3809 dicit:
548 3755 667 3808 Uestram
691 3755 727 3807 ab
745 3771 799 3807 usu
817 3754 922 3808 dictam
949 3753 1076 3811 *rastri
1120 3754 1250 3810 Salomon
1287 3754 1321 3809 de
1357 3769 1426 3808 rece
1473 3743 1536 3831 iffi
1588 3753 1789 3809 incrementum

86 3844 223 3913 arbitror,
240 3844 318 3914 pared
334 3849 365 3895 ut
384 3848 470 3895 uestes
488 3858 556 3906 utu,
576 3841 617 3894 ita
636 3841 730 3894 susum
744 3840 923 3911 patrimonia
952 3858 1056 3896 usurae
1074 3842 1116 3896 sic
1134 3841 1248 3907 dicitur,
1268 3839 1337 3910 quia
1348 3839 1432 3893 habet
1444 3856 1474 3893 se
1491 3841 1583 3894 instar
1600 3856 1709 3894 mermes
1728 3854 1787 3894 ees·-
1894 3840 1900 3850 ’

85 3930 264 3984 scindantur.
316 3927 444 3996 Inspuhre
476 3942 558 3981 cerae
586 3926 685 3995 prima
720 3925 806 3980 litera
831 3934 921 3995 sonat,
946 3928 1048 3998 peratis,
1066 3929 1117 3997 pui
1134 3928 1242 3980 mordet
1260 3927 1361 3981 uulnus
1375 3943 1497 3996 paruum
1514 3926 1544 3980 in
1559 3927 1635 3998 pede
1653 3925 1787 3995 alicujus,

81 4015 220 4086 parturit,
237 4031 290 4067 eon
308 4013 419 4068 doloris
436 4020 484 4067 cst.
516 4011 592 4073 enta
609 4011 651 4064 ibi
663 4018 756 4081 potest
773 4029 832 4066 esse
851 4015 924 4084 boni,
951 4016 993 4069 ita
1009 4022 1040 4068 ut
1056 4031 1113 4068 non
1131 4014 1240 4077 sentiat,
1258 4029 1322 4067 mee
1341 4019 1433 4066 autem
1451 4013 1540 4083 serpit
1558 4019 1586 4067 et
1602 4012 1740 4083 adscendit
1756 4026 1787 4066 se

85 4102 165 4172 pseud
186 4118 205 4154 a
224 4101 324 4154 dolore
341 4098 443 4168 incepit
465 4106 492 4152 et
517 4098 554 4151 ab
579 4098 771 4167 ohliputienei
799 4101 924 4168 Lepores
950 4117 1096 4168 uenenum,
1127 4101 1215 4153 denec
1232 4099 1325 4152 ueniat
1347 4101 1389 4152 ad
1404 4100 1536 4153 uerticem
1555 4099 1631 4168 ejus,·
1660 4098 1702 4152 sic
1718 4114 1786 4168 quo·

10 4195 69 4239 att.
84 4190 194 4256 serunt,
210 4202 346 4256 penerare
364 4186 447 4239 amul
468 4192 495 4239 et
516 4186 637 4238 educere
654 4191 681 4238 et
704 4184 835 4239 continue
852 4203 924 4255 per·
951 4203 1002 4258 que
1021 4186 1220 4241 incrementum
1242 4200 1346 4239 murae
1371 4202 1401 4239 se
1416 4186 1513 4252 baba,
1536 4203 1592 4240 nen
1612 4185 1685 4239 enim
1701 4183 1787 4238 sereti-

85 4275 183 4329 tnrire.
222 4273 416 4343 [stirpemque
435 4271 653 4341 anaplppbars'is
671 4288 824 4325 usurarum
842 4288 924 4339 pene·
950 4284 997 4330 tur
1015 4291 1064 4329 nec
1082 4273 1272 4342 eopneeeitur,
1299 4273 1387 4326 donee
1404 4273 1447 4327 ita
1471 4279 1628 4342 enecatur,
1651 4278 1683 4324 ut
1701 4276 1787 4324 tetam

85 4369 170 4416 ratur
189 4367 214 4414 et
228 4365 464 4429 nsperpeneratur
482 4375 586 4427 uetera,
610 4358 751 4411 cuuis-itur
776 4375 812 4411 uc
830 4358 923 4412 nasci·
950 4361 1134 4417 snesmnttom
1159 4360 1285 4430 alicujus
1310 4359 1457 4415 diminuat.
1504 4357 1652 4415 Chaldaeis
1684 4355 1792 4412 dicitur

86 4456 146 4516 tur,
172 4454 199 4501 et
217 4453 286 4500 nuta
298 4447 364 4514 jam
384 4444 512 4515 parturit
537 4447 589 4500 etc.
630 4444 757 4497 Pecunia
778 4445 923 4511 seeuchris
950 4433 1056 4522 ³25,le
1076 4466 1094 4501 a
1121 4447 1286 4517 perdendo,
1322 4445 1401 4517 quasi
1426 4445 1503 4500 dicae
1522 4442 1676 4514 corruptio,
1702 4440 1785 4499 dera-

85 4535 170 4591 iedie
182 4533 345 4603 seminentur,
362 4550 428 4586 cras
441 4531 606 4599 fructificat,
627 4546 739 4600 semper
746 4532 837 4601 parit,
853 4550 923 4585 nun·
949 4534 1040 4604 statie,
1060 4533 1134 4605 qued
1155 4531 1307 4602 corrumpit
1324 4548 1358 4586 ac
1374 4530 1467 4601 perdit
1482 4529 1675 4587 hominem&

85 4639 170 4693 quam
188 4619 293 4683 interit,
311 4635 421 4688 semper
433 4618 595 4690 plantatur,
612 4617 659 4671 uie
678 4617 815 4671 evellitur.
856 4618 922 4672 Vult
983 4624 1043 4676 233.
1079 4620 1174 4690 Atque
1193 4619 1262 4674 haec
1282 4617 1318 4673 de
1333 4615 1425 4672 usuris
1444 4617 1487 4672 rel
1499 4615 1592 4686 potius
1607 4620 1704 4671 contre
1720 4610 1890 4703 usu-0:3⁰3„

82 4724 194 4776 semper
204 4708 375 4773 serenator
396 4703 551 4773 acquirere,
568 4719 711 4773 nunquam
725 4705 856 4772 perdere,
871 4721 921 4775 pc·
948 4723 994 4762 res
1013 4711 1089 4763 recte
1107 4703 1246 4772 dicuntur,
1263 4703 1373 4759 interim
1385 4707 1487 4772 tamem
1505 4718 1540 4757 ne
1552 4702 1700 4773 scrupulus
1718 4717 1782 4756 con·
1796 4672 1907 4754 inisse-

82 4795 197 4849 cuniam
210 4810 291 4847 suam
301 4807 412 4860 semper
423 4790 543 4861 replere,
560 4807 703 4859 nunquam
720 4805 831 4853 sanare,
852 4805 922 4843 sem·
948 4791 1071 4848 scientiis
1090 4791 1119 4846 in
1136 4807 1167 4846 re
1185 4789 1275 4845 libera
1293 4787 1449 4860 injiciatur,
1465 4802 1537 4844 neve
1554 4786 1655 4844 turbae
1675 4792 1703 4842 et
1720 4804 1784 4843 cen·
1796 4764 1853 4807 ω’

79 4900 136 4954 per
154 4880 292 4935 occidere.
328 4877 541 4948 chrysostomus
560 4875 590 4931 in
607 4893 631 4930 c.
650 4882 675 4933 5.
695 4875 793 4932 Manu.
809 4893 922 4932 usuram
948 4878 1071 4934 fusiones
1092 4877 1121 4931 in
1142 4875 1260 4933 ecclesia
1276 4881 1304 4930 ct
1327 4873 1471 4946 republica
1496 4873 1663 4941 excitentur,
1685 4874 1783 4931 sedule

83 4966 190 5039 aspidis
207 4964 311 5020 morsui
329 4969 484 5034 comparem
504 4961 560 5025 eut
583 4962 696 5033 aspice
712 4980 808 5018 mersu
819 4980 923 5032 percu·
948 4964 1166 5038 providendum,
1192 4981 1228 5019 ne
1247 4962 1300 5016 sub
1319 4962 1429 5017 nemine
1452 4978 1599 5017 usurarum
1618 4960 1785 5020 damnentur

80 5055 159 5123 ts'tur,
176 5050 261 5124 quasi
278 5051 486 5106 delectandum
498 5067 623 5104 somnum
639 5049 729 5119 ocrpit
748 5058 774 5104 et
786 5066 841 5120 per
858 5069 924 5104 etta·
949 5057 1108 5109 contrectue
1128 5049 1196 5105 liciti
1213 5055 1242 5104 et
1255 5048 1325 5121 justi
1341 5048 1378 5103 ad
1392 5049 1441 5118 jus
1461 5047 1588 5120 gentium
1612 5048 1784 5120 pertinentes

81 5138 196 5195 viatere
213 5138 327 5193 lethalis
347 5137 458 5209 soporis
477 5137 610 5206 moritur,
633 5152 666 5190 eo
695 5139 773 5207 qued
789 5155 934 5201 uenenum,
948 5145 977 5195 et
993 5138 1138 5211 publicum
1156 5135 1332 5192 cemmedum
1344 5138 1547 5206 promoventes,
1566 5133 1631 5190 inde
1644 5135 1785 5206 juriscon-

83 5228 155 5282 intcr
183 5225 380 5279 dormiendum
402 5241 457 5297 pcr
480 5223 575 5278 emnia
592 5223 725 5277 mentm
754 5206 1014 5311 praesutur;,sulti
1040 5224 1216 5296 distinguunt
1242 5221 1314 5277 inter
1341 5239 1445 5275 usuras
1470 5221 1640 5277 lucratoriae
1666 5229 1692 5276 et
1710 5241 1783 5279 com-

80 5315 124 5368 sic
141 5311 193 5383 qui
205 5311 359 5382 pecuniam
378 5311 414 5363 ab
429 5311 562 5364 usurario
579 5310 699 5380 accepit,
725 5311 755 5365 in
775 5312 936 5388 praeteriti,
943 5312 1137 5384 pressiorem,
1161 5309 1233 5365 inter
1255 5326 1358 5363 muros
1384 5310 1586 5365 immoderatae
1602 5327 1638 5364 ae
1656 5313 1784 5365 modera-

84 5400 201 5470 quidem
238 5397 322 5466 quiesi
351 5397 484 5461 beneficio
507 5396 630 5466 'affectus
664 5399 784 5466 pande,
826 5407 1008 5491 eemm,tos;
1025 5399 1131 5470 priores
1151 5397 1301 5457 damnant,
1318 5395 1486 5467 posteriores
1503 5396 1670 5467 approbant.
1707 5397 1781 5455 The·

81 5503 173 5540 sssura
185 5500 242 5556 per
262 5501 354 5538 omnes
372 5483 452 5538 iliius
477 5483 632 5548 facultates
655 5485 809 5538 decurrens
833 5486 1022 5603 totum,ologi
1048 5499 1145 5540 usuras
1172 5481 1334 5553 simpliciter
1354 5481 1510 5553 prohibitas
1529 5481 1640 5548 dicunt,
1671 5483 1782 5539 interim

79 5573 218 5633 consessit
236 5572 267 5629 s'n
286 5570 418 5630 attam
444 5569 798 5631 brundusianum.
824 5587 848 5629 c.
869 5575 918 5631 18:
945 5570 1057 5630 nemine
1081 5584 1229 5627 usurarum
1255 5573 1361 5643 negem
1384 5567 1481 5625 venne
1506 5573 1665 5626 conusens
1688 5569 1782 5643 justos
