4020 6014
159 338 161 341 -
204 296 266 352 tto
761 285 883 343 Louna
900 283 1106 342 nauffinna
1123 285 1303 352 crimus

200 440 265 512 jure
282 458 310 511 q.
331 447 357 500 6.
374 441 560 498 Ballarminns
581 441 630 497 lib.
647 447 671 497 ³.
692 442 728 496 ds
745 441 825 497 laicis
842 456 903 512 cap.
924 447 966 497 rt.
983 439 1037 494 Be·
1062 442 1248 512 pertinentes,
1270 441 1446 512 quarumdam
1462 455 1529 495 varo
1546 438 1661 495 matema
1680 441 1747 493 sunt
1762 452 1810 491 rec
1837 435 1903 493 leni

205 543 293 583 canus
316 533 388 598 part
413 534 438 584 2.
463 528 547 585 theol.
573 528 657 584 schol.
687 534 766 584 tract.
787 533 810 583 i.
827 544 851 582 c.
877 532 989 599 uqa.
1011 531 1039 580 et
1065 541 1129 579 ores
1147 526 1184 580 ad
1202 525 1330 590 εὐταξίαν
1349 533 1377 583 et
1397 525 1608 599 εὐσχημοσύνην
1626 524 1762 579 dunmxat
1773 528 1905 593 spectau-

204 612 252 669 alii
277 613 441 685 complures.
468 620 488 670 1.
519 621 632 686 propter
658 631 818 682 cupressum
843 615 950 668 Mam
972 630 1040 683 apo·
1064 618 1115 666 tes.
1139 612 1282 684 Utracqne
1301 629 1338 667 an
1356 618 1386 671 ci
1403 613 1541 684 quomodo
1558 610 1682 682 obligent
1695 607 1902 670 coumicutism.

204 700 279 756 icti.
297 699 378 758 Rom.
397 706 439 770 13,
457 717 484 754 r.
505 709 537 755 b:
556 701 727 754 Necessitate
747 700 854 753 mdcliti
872 707 965 770 moto,
983 716 1040 753 aon
1065 715 1099 753 ex
1120 700 1300 769 sequentium
1319 699 1473 771 apparebit
1512 698 1552 756 Ut
1576 704 1668 752 autem
1692 696 1721 750 in
1745 694 1816 766 ipsis
1833 694 1903 764 legi·

204 787 296 842 solam
305 795 427 859 propter
443 790 526 851 iram,
546 790 597 842 sed
609 789 692 841 etiam
702 794 823 857 propter
835 787 1041 855 conscientiam,
1052 781 1053 785 ’
1066 784 1119 851 bus
1137 784 1274 851 civilibus,
1292 787 1332 841 ita
1352 803 1462 856 qnoque
1481 786 1511 840 in
1529 800 1624 840 earum
1636 781 1785 837 violatione
1798 795 1905 852 magna

205 873 254 929 ubi
285 873 342 928 irae
373 875 484 929 nomine
515 876 711 946 μιιωνυμικώς
741 872 908 943 intelligitur
932 888 1037 943 poena3
1051 898 1053 939 i
1066 870 1279 941 deprehenditur
1305 872 1459 927 disemitaa.
1499 877 1521 927 l.
1545 869 1719 939 Quandoque
1742 867 1818 923 euim
1844 865 1903 922 vio·

182 951 272 1029 ‘ergo
296 976 352 1013 non
377 959 467 1013 solum
484 964 598 1029 propter
618 975 738 1030 poenam
763 958 938 1030 magistratui
956 965 985 1013 et
1002 957 1132 1012 lellatio
1151 958 1244 1029 legum
1263 959 1385 1013 civilium
1402 957 1529 1029 procedit
1548 975 1581 1010 cc
1595 964 1730 1009 conamen
1749 955 1903 1022 magistra·

205 1044 290 1116 gibus
311 1045 488 1116 magistratus
506 1045 673 1114 parendum,
691 1061 728 1099 ne
746 1044 855 1100 seilicet
870 1060 932 1099 eam
949 1044 1038 1098 incur·
1051 1014 1054 1091 l
1065 1051 1117 1111 tar,
1138 1043 1161 1096 si
1181 1044 1243 1114 quis
1263 1044 1353 1099 sciens
1371 1060 1404 1099 ac
1423 1043 1518 1099 solens
1533 1042 1672 1097 decurtata
1690 1039 1775 1094 animi
1794 1038 1901 1093 malitis

205 1148 307 1199 ramus,
326 1131 374 1186 sed
393 1131 476 1186 etiam
489 1139 602 1202 propter
614 1133 820 1211 comoientiom,
841 1148 877 1187 na
890 1130 1040 1186 violatione
1051 1106 1054 1191 l
1065 1130 1155 1200 legem
1172 1130 1374 1202 transgreditur
1391 1138 1419 1186 et
1437 1130 1615 1201 magistratus
1634 1126 1829 1183 auctoritatem
1840 1141 1900 1181 sns-

206 1218 300 1290 legum
317 1234 380 1272 eam
407 1235 561 1274 oneremus.
596 1226 620 1274 2.
639 1220 756 1288 Propter
775 1219 962 1272 conditionem
981 1235 1038 1270 mc·
1067 1233 1121 1284 que
1152 1214 1242 1286 daque
1269 1216 1367 1280 habet3
1394 1217 1563 1288 quandoque
1588 1230 1653 1268 vero
1679 1231 1713 1266 oc
1736 1211 1902 1280 ignorantia

206 1304 350 1375 pietrataa
387 1303 570 1375 Magistratus
587 1311 630 1358 cst
647 1306 707 1358 Dei
723 1306 851 1358 minator
868 1303 984 1359 Roman.
1001 1306 1040 1369 13,
1051 1354 1053 1383 :
1065 1304 1190 1370 modam
1208 1302 1363 1356 invincibili
1379 1302 1474 1370 oritur,
1491 1306 1588 1371 utpote
1601 1301 1624 1354 si
1638 1299 1700 1369 quis
1711 1299 1796 1354 talem
1812 1313 1901 1368 quan·

206 1408 232 1444 v.
252 1394 276 1445 t.
297 1396 323 1442 et
341 1389 392 1458 qai
405 1391 545 1458 potestati
560 1390 623 1458 eisc
642 1391 761 1458 resistit,
784 1391 898 1444 divinae
923 1389 1039 1442 ordino·
1051 1390 1054 1457 l
1066 1388 1130 1442 dam
1149 1389 1239 1461 legem
1257 1389 1462 1461 promulgatam
1480 1405 1539 1444 esse
1565 1387 1719 1458 ignoravit,
1746 1383 1791 1439 vel
1815 1383 1900 1437 etiam

206 1476 277 1530 tioni
295 1475 403 1529 resntit
424 1493 449 1527 s.
468 1482 492 1529 2.
528 1475 602 1547 Ergo
624 1475 805 1547 transgressio
829 1476 924 1547 legum
945 1490 963 1527 a
983 1473 1090 1528 malai
1119 1474 1181 1545 quis
1205 1474 1280 1530 huno
1301 1475 1347 1531 sal
1370 1474 1449 1531 illum
1474 1475 1673 1539 legionensem
1694 1488 1754 1527 esee
1772 1469 1900 1525 nescivit
1913 1475 1967 1517 ¹1¹-
1980 1473 2006 1518 1⁸

205 1561 326 1634 glanem
349 1561 589 1631 promulgaturum
618 1561 709 1617 Deum
733 1561 863 1629 offendit,
891 1566 920 1616 et
944 1520 1145 1641 conse-an'or
1160 1561 1273 1617 violatio
1291 1546 1488 1617 conscientiam
1498 1560 1614 1627 muciat,
1632 1557 1767 1630 posterior
1778 1554 1900 1620 minime,

205 1653 323 1718 quanter
341 1647 417 1718 leges
434 1646 530 1703 civiles
547 1648 743 1702 conscientiam
764 1646 897 1720 obligant
933 1645 1041 1716 injuria
1051 1659 1054 1711 i
1065 1645 1146 1702 modo
1164 1647 1240 1702 traua
1265 1653 1296 1704 et
1317 1647 1398 1704 dolus
1423 1647 1505 1704 absit
1543 1645 1762 1716 addendoque
1785 1640 1900 1697 violatio

205 1734 298 1805 legato
315 1739 348 1788 ut
365 1733 415 1788 tali
433 1733 513 1788 illata
529 1733 669 1788 redundat
686 1733 715 1787 in
738 1734 891 1805 legantem
915 1732 956 1786 sic
974 1726 1136 1819 con-liegis
1164 1735 1289 1802 procedit
1320 1750 1354 1789 er
1384 1735 1458 1788 tan-r·
1487 1734 1532 1788 vel
1562 1733 1703 1787 uindictae
1736 1729 1899 1800 cupiditate,

205 1826 308 1875 temtus
325 1819 504 1889 magistratus
522 1819 551 1872 in
568 1817 660 1873 Deum
675 1819 778 1873 ordinis
789 1818 875 1891 hujus
889 1824 1039 1874 auctorem.
1066 1819 1232 1890 quandoque
1262 1837 1326 1876 vero
1364 1837 1398 1876 ox
1437 1822 1561 1890 qaudam
1597 1819 1767 1871 necessitate.
1820 1814 1900 1869 Prior

205 1909 234 1961 3.
263 1906 386 1975 Propter
414 1912 548 1958 natarum
573 1906 823 1973 lepnmeicilinm.
871 1902 966 1960 Omnis
996 1905 1040 1959 lex
1067 1904 1179 1960 violatio
1210 1922 1272 1960 cum
1303 1906 1407 1962 habeat
1436 1907 1587 1976 conjuncta
1617 1908 1734 1974 peccata
1755 1899 1900 1967 mortalia,

206 1991 329 2046 hnmana
349 1990 489 2046 derivatur
507 2008 543 2046 ax
565 1991 642 2047 sonte
666 1992 737 2064 legis
755 1991 864 2046 divinae
884 1999 911 2046 at
928 1995 1039 2045 natura·
1065 1990 1162 2047 merito
1191 2000 1321 2047 censetur
1349 1992 1544 2047 conscientiam
1574 1991 1736 2054 vulnerata3
1765 1987 1900 2059 posterior

207 2075 250 2132 lia
284 2076 360 2149 Ergo
387 2076 423 2131 ab
449 2076 714 2148 eademparticipat
741 2077 797 2131 vim
815 2076 957 2149 obligandi
976 2093 1040 2132 oon·
1064 2091 1131 2133 vcro
1147 2076 1274 2143 minime‘,
1302 2080 1441 2150 quinimo
1458 2096 1520 2133 cum
1540 2095 1620 2134 casus
1637 2075 1811 2132 necessitatis
1828 2091 1900 2128 sem·

207 2163 344 2219 suenum
384 2161 481 2220 Omnis
499 2162 559 2231 lex,
586 2164 703 2233 proinde
728 2162 810 2219 etiam
835 2163 924 2217 civilis
944 2169 973 2218 et
989 2162 1040 2217 hu·
1066 2178 1116 2233 per
1134 2162 1309 2236 intelligatur
1327 2165 1355 2221 in
1375 2166 1438 2236 lege
1457 2172 1605 2235 exceptus,
1632 2163 1695 2219 idac
1718 2161 1829 2232 proprie
1845 2176 1901 2214 nou

207 2266 302 2318 mana,
333 2256 375 2306 ast
397 2248 497 2321 regula
521 2266 640 2317 morum,
666 2251 811 2320 jamvero
836 2249 979 2320 proprium
997 2253 1040 2303 est
1065 2253 1108 2304 eet
1130 2250 1243 2305 violatio
1263 2250 1343 2321 legis.
1379 2256 1404 2308 il.
1424 2251 1598 2320 Quandoque
1616 2248 1729 2304 violatio
1761 2246 1832 2317 legis
1858 2251 1902 2301 est

206 2336 321 2408 regulae
339 2334 486 2391 intrinsece
504 2334 545 2389 ita
562 2334 682 2406 dirigere
702 2342 730 2390 et
750 2335 883 2407 obligare,
902 2341 934 2390 ut
950 2347 1039 2391 reces-
1065 2338 1215 2405 conjrmcta
1241 2356 1303 2391 cnm
1330 2339 1469 2392 scandolo
1483 2337 1616 2407 publico,
1641 2334 1809 2406 quandoque
1835 2348 1902 2387 vero

206 2440 254 2479 sus
270 2421 308 2477 ab
326 2421 389 2493 ipsa
406 2421 443 2476 sit
462 2427 608 2492 peccatum
627 2421 657 2477 in
674 2422 805 2492 moribus,
825 2423 899 2478 sicut
914 2437 1040 2476 recessus
1064 2420 1098 2476 fit
1113 2423 1216 2493 alopas
1234 2423 1383 2480 ecnndnio.
1419 2423 1500 2479 Prior
1520 2422 1715 2478 musciantiam
1734 2424 1833 2487 vmtst,
1851 2435 1901 2489 po‹

101 2569 104 2575 ,
132 2510 160 2567 .“
205 2527 224 2566 a
246 2508 346 2581 regula
369 2505 399 2562 in
423 2506 596 2563 naturalibus
620 2513 663 2563 est
683 2516 830 2578 peccatum
854 2515 984 2570 naturae,
1011 2512 1041 2562 et
1066 2508 1163 2564 sterior
1180 2527 1244 2566 vero
1261 2509 1382 2566 minime.
1419 2509 1474 2565 Sed
1493 2517 1521 2565 at
1540 2508 1718 2580 obligationis
1738 2506 1836 2563 modus
1857 2509 1901 2562 est

205 2610 332 2652 emersus
361 2611 378 2648 s
406 2593 504 2664 reguis
533 2593 563 2649 in
591 2595 699 2651 artibus
729 2602 771 2649 cst
793 2601 938 2666 peceatum
964 2593 1042 2648 artis.
1066 2595 1199 2653 diversus.
1250 2602 1271 2652 l.
1304 2595 1447 2661 Quaedam
1480 2594 1615 2666 obligatio
1645 2592 1828 2648 mnsoientiae
1857 2597 1901 2649 est

206 2683 281 2754 argo
301 2680 386 2737 etism
403 2681 587 2752 transgressio
605 2680 675 2752 legis
703 2682 896 2753 cujuscunque
919 2686 962 2736 est
978 2698 1040 2751 pec·
1065 2683 1214 2752 opccialre,
1241 2700 1305 2737 cnm
1322 2683 1367 2739 lex
1385 2682 1481 2753 aliqua
1496 2682 1602 2737 ratione
1626 2679 1670 2734 sui
1696 2685 1724 2734 et
1741 2678 1900 2734 immediata

206 2772 300 2824 catum
318 2767 347 2821 in
364 2766 501 2835 moribus,
531 2774 559 2822 et
583 2766 616 2822 fit
635 2784 698 2823 cum
716 2767 829 2822 sulcem
847 2767 1039 2823 conmientiae.
1066 2768 1262 2824 conscientiam
1279 2768 1401 2841 obligat3
1419 2769 1556 2840 quaedam
1575 2783 1639 2822 vero
1655 2765 1811 2834 pennula,
1835 2781 1898 2819 cum

207 2860 232 2913 4.
251 2852 371 2924 Propter
396 2861 529 2906 naturam
552 2853 725 2909 violationis.
771 2852 913 2923 Quidquid
935 2853 1042 2908 inducit
1066 2855 1111 2910 lex
1128 2853 1294 2926 aliquanon
1311 2857 1418 2912 ratione
1434 2856 1477 2911 sni
1494 2860 1524 2910 et
1541 2853 1709 2918 immediate,
1728 2851 1779 2906 sed
1790 2858 1899 2906 tantum

207 2939 333 3010 culpam,
361 2939 468 3010 obligat
491 2937 702 3009 conscientiam,
730 2938 797 3009 quia
812 2938 983 2994 conscientia
1000 2944 1043 2995 est
1066 2941 1234 3013 generaliter
1253 2947 1281 2998 et
1300 2943 1440 2999 mediante
1458 2942 1514 2997 alio
1531 2946 1692 3011 praecepto,
1712 2938 1787 3010 quod
1805 2952 1899 2992 conse

206 3043 304 3083 emtus
321 3026 424 3097 culpas
440 3040 492 3080 seu
507 3025 617 3096 peccati
635 3032 664 3080 et
684 3031 773 3082 metus
793 3025 903 3095 judicii.
938 3025 978 3081 dt
1003 3025 1043 3080 le·
1068 3033 1185 3099 quanter
1204 3027 1332 3097 violatur,
1348 3027 1545 3084 comcientiam
1562 3026 1676 3096 obligat.
1710 3022 1801 3079 Priori
1818 3022 1898 3078 modo

206 3129 257 3185 gas
281 3100 377 3168 civiles
403 3111 524 3167 violatae
543 3111 679 3167 inducunt
705 3111 824 3182 culpam.
861 3110 937 3183 Ergo
956 3112 1040 3167 etiam
1068 3113 1195 3185 obligant
1222 3115 1421 3170 conscientiam
1449 3114 1525 3185 legas
1556 3112 1665 3168 divitiae
1693 3118 1721 3167 et
1749 3108 1900 3173 naturales,

206 3197 334 3271 obligant
351 3197 557 3254 conscientiam.
596 3197 748 3253 Praeterea
769 3197 880 3253 violatio
905 3198 975 3269 legis
993 3199 1041 3253 sli-
1068 3201 1213 3271 posteriori
1233 3200 1309 3272 leges
1328 3201 1436 3269 civiles,
1466 3200 1531 3271 quia
1557 3199 1663 3254 scilicet
1686 3215 1782 3253 earum
1810 3203 1899 3251 trans·

205 3288 288 3358 enjus
309 3284 440 3356 specialis
460 3283 546 3339 trahit
569 3300 664 3340 secum
690 3283 867 3340 violationem
899 3283 1041 3356 praecepti
1068 3286 1174 3358 messio
1194 3288 1372 3358 conjunctam
1389 3286 1475 3343 habet
1492 3286 1670 3342 violationem
1689 3283 1831 3354 praecepti
1851 3299 1899 3355 ge·

81 3398 91 3413 =
205 3372 342 3446 generalis
360 3371 396 3428 de
407 3370 565 3426 obedientia
582 3370 756 3442 magistratui
773 3371 949 3441 praestanda.
973 3370 1040 3426 Jam
1067 3372 1171 3428 neralis
1183 3373 1219 3428 de
1230 3373 1389 3430 obedientia
1403 3370 1577 3444 magistratui
1588 3370 1761 3443 praestanda.
1786 3369 1899 3425 “Nou-

206 3474 271 3516 rao
291 3458 403 3515 violatio
419 3457 504 3530 hujus
521 3458 665 3529 praecepti
678 3457 816 3528 geuemlis
830 3457 957 3514 vulcam
976 3474 1040 3512 oon·
1067 3459 1137 3517 nulli
1160 3460 1201 3515 sic
1222 3459 1275 3517 hcc
1301 3465 1474 3532 proponunt:
1504 3458 1628 3529 obligare
1643 3456 1840 3513 conscientiam
1857 3462 1899 3511 cst

206 3545 358 3614 micum,
377 3561 440 3600 cnm
458 3545 495 3600 sit
513 3544 615 3600 morale
634 3551 662 3599 et
678 3542 716 3599 ab
732 3543 793 3614 ipso
812 3542 873 3598 Deo
892 3543 922 3597 iu
940 3550 1041 3613 quarto
1067 3547 1203 3618 ejusmodi
1219 3547 1310 3619 legem
1327 3546 1529 3620 praescribere,
1559 3561 1631 3617 quae
1658 3545 1700 3598 ad
1711 3542 1897 3599 obediendum

208 3632 336 3704 decalogi
356 3638 505 3702 praecepto
523 3630 666 3686 traditum.
1067 3633 1215 3706 obstringit
1240 3634 1293 3689 sub
1319 3639 1395 3690 metu
1423 3631 1579 3689 offensionis
1602 3630 1657 3686 Dei
1683 3638 1711 3686 et
1735 3628 1789 3684 sub
1815 3628 1899 3698 culpa

242 3722 302 3774 268.
335 3717 500 3775 Nostrarum
519 3715 697 3772 ecclesiarum
721 3715 887 3770 sententiam
911 3715 1042 3787 proponit
1067 3720 1164 3776 morali
1181 3725 1265 3792 atque
1283 3721 1405 3790 mortali,
1424 3720 1510 3791 idque
1527 3720 1571 3774 sel
1589 3717 1750 3789 generatim,
1769 3732 1834 3771 cnm
1853 3715 1898 3769 lex

206 3803 359 3859 lteisnerus
380 3802 429 3859 lib.
452 3809 477 3859 i.
506 3802 543 3858 de
564 3802 673 3874 legibus
697 3805 763 3857 sect
789 3807 811 3858 l.
836 3819 863 3873 q.
891 3807 930 3857 ll.
956 3818 1039 3872 quam
1067 3824 1122 3862 non
1139 3824 1189 3878 per
1207 3825 1236 3864 sa
1248 3807 1363 3879 obligat,
1382 3807 1432 3862 sed
1450 3805 1589 3861 mediante
1606 3803 1730 3876 generali
1740 3808 1898 3874 praecepto,

206 3888 430 3945 diminutionibus
448 3888 614 3960 quibusdam
633 3887 808 3943 includimur.
847 3893 871 3945 1.
892 3887 1041 3952 Quaedam
1068 3893 1141 3964 quod
1164 3892 1209 3947 hic
1237 3900 1279 3948 est
1301 3898 1429 3964 quartrrm
1451 3891 1597 3963 decalogi,
1626 3891 1655 3944 in
1681 3907 1736 3961 quo
1759 3889 1848 3944 honor
1870 3891 1899 3943 ct

207 3976 285 4044 tapes
312 3976 496 4046 magistratus
527 3976 632 4031 diuinis
659 3983 723 4030 sont
753 3978 903 4040 adoneae,
942 3981 1041 4047 utpote
1068 3978 1225 4036 obedientia
1244 3979 1320 4033 omni
1339 3978 1474 4049 superiori
1485 3977 1670 4049 praecipitur3
1689 3975 1733 4032 vel
1745 3975 1898 4047 speciatim,

209 4060 321 4134 quando
339 4061 377 4116 ad
401 4060 575 4117 idololatrian
591 4079 672 4118 sacra
688 4078 787 4133 cogere
804 4070 853 4116 aut
872 4078 975 4117 novum
992 4078 1041 4133 ga·
1067 4065 1299 4122 cumratiouesui
1309 4071 1338 4121 et
1354 4067 1513 4122 immediate
1523 4073 1653 4137 respectu
1669 4064 1793 4134 ipsarum
1804 4062 1898 4135 legum

208 4165 261 4204 nus
278 4146 366 4202 divini
384 4147 475 4202 cultus
496 4146 641 4202 instituere
658 4154 789 4213 conatur,
817 4149 957 4217 qwedam
973 4166 1041 4202 cero
1066 4153 1247 4225 positirarum
1264 4153 1421 4224 obstringit,
1440 4153 1524 4223 idque
1543 4153 1588 4208 rel
1605 4170 1655 4222 per
1674 4169 1704 4207 se
1717 4165 1780 4205 oum
1792 4149 1909 4225 ratione,

207 4244 273 4298 mi
291 4235 395 4290 divina&
408 4237 580 4303 conformet,
609 4250 642 4288 ex
660 4233 737 4289 fonte
749 4233 822 4306 juris
842 4233 976 4289 naturalis
993 4234 1040 4290 de-
1067 4239 1158 4295 cnltus
1177 4239 1265 4294 dirim
1285 4257 1318 4294 ex
1336 4239 1421 4293 serbo
1433 4238 1556 4294 divinoe
1573 4238 1738 4310 magistratu
1756 4236 1900 4308 propositi,

208 4323 309 4378 ductae
327 4328 356 4377 et
373 4320 510 4391 aequitati
535 4319 647 4376 omnino
667 4327 877 4376 consentaneae.
914 4320 949 4376 In
968 4321 1041 4392 prio·
1067 4333 1125 4380 tum
1150 4325 1257 4380 ratione
1285 4324 1449 4395 disciplinae
1474 4324 1512 4379 ad
1538 4326 1643 4380 cultum
1668 4332 1718 4380 ant
1740 4325 1778 4381 ad
1796 4325 1899 4381 bonnm

208 4407 286 4464 ribus
303 4406 474 4463 oomcicutia
492 4406 529 4467 ab
542 4406 653 4462 illarum
673 4406 867 4464 observatione
885 4413 927 4462 est
944 4407 1040 4478 libera,
1067 4411 1144 4466 aliud
1163 4411 1319 4479 ordinatam
1351 4412 1395 4465 rel
1413 4426 1463 4481 per
1480 4411 1625 4481 occidam,
1654 4413 1766 4483 quando
1794 4412 1899 4468 ordinis

207 4496 276 4566 qaia
312 4497 377 4550 Deo
416 4495 508 4563 mopis
544 4494 730 4549 obediendam
766 4513 850 4564 quom
885 4495 1041 4549 bominibus
1068 4504 1117 4553 aut
1133 4498 1225 4553 decori
1244 4496 1373 4553 remandi
1392 4504 1442 4551 aut
1464 4497 1588 4552 scandali
1614 4496 1720 4552 vitandi
1742 4515 1827 4554 musa
1850 4498 1900 4552 ali·

206 4581 301 4638 Actor.
322 4587 347 4651 5,
363 4598 391 4638 v.
410 4587 452 4638 29.
482 4581 662 4654 Magistratui
682 4581 905 4654 obtemperamus
925 4587 1040 4653 propter
1068 4583 1138 4656 quid
1154 4582 1330 4654 praecipitur.
1365 4580 1497 4646 Quaestio
1517 4601 1572 4639 uon
1586 4591 1637 4652 eet,
1656 4600 1692 4639 an
1708 4585 1785 4656 leges
1804 4583 1899 4639 civiles

207 4668 311 4738 Deum,
341 4685 407 4739 argo
432 4667 456 4722 si
480 4669 659 4741 magistratus
685 4668 822 4740 praecipit
846 4667 955 4739 aliquid
979 4667 1041 4725 Deo
1064 4671 1159 4742 justae
1179 4668 1305 4741 obligent
1322 4669 1353 4724 in
1371 4669 1549 4739 conecientia,
1567 4669 1617 4725 sed
1636 4687 1672 4725 an
1691 4670 1831 4741 primario,
1849 4688 1899 4740 par

206 4754 355 4811 advemm
378 4772 412 4809 ac
429 4754 539 4826 legibus
557 4754 658 4810 divinis
681 4755 858 4821 contrarium,
876 4772 932 4810 non
952 4755 1037 4811 debe·
1068 4774 1098 4812 se
1123 4763 1152 4813 et
1176 4773 1265 4827 aeque
1289 4772 1354 4812 eum
1379 4754 1481 4810 divinis
1506 4756 1676 4827 obbgcntt*
1716 4754 1899 4822 attenedum

184 4842 188 4853 '
206 4848 253 4897 tur
271 4841 297 4897 ei
315 4840 481 4896 obedientia
516 4843 543 4896 2.
564 4841 708 4905 Qrasedw
726 4842 801 4909 tepeo
829 4841 925 4896 neila
941 4843 1041 4906 feran-
1068 4842 1203 4914 obligatio
1222 4847 1264 4898 est
1281 4841 1420 4911 absoluto,
1439 4858 1503 4897 cum
1519 4843 1565 4897 lex
1581 4842 1744 4913 simpliciter
1758 4842 1899 4898 comcien-

206 4936 253 4982 tae·
273 4928 309 4980 de
325 4926 407 4979 robae
418 4927 489 4996 jore
507 4927 638 4982 animoli
654 4944 689 4981 oc
707 4927 804 4981 divino
816 4928 959 4996 jamenta
972 4946 1042 4999 pro-
1068 4928 1136 4984 tiam
1155 4927 1319 4999 abrumpit,
1349 4927 1419 4984 adeo
1445 4935 1479 4983 nt
1500 4928 1577 4985 nullo
1601 4934 1728 5000 respectu
1744 4928 1855 4984 nullove
1872 4928 1900 4983 in

119 5011 122 5016 ’
208 5013 320 5080 libitis,
346 5027 420 5083 qnae
436 5019 529 5069 tamen
553 5013 591 5068 ad
609 5014 704 5086 legum
730 5013 853 5069 civilium
870 5029 983 5070 coneum
1001 5033 1043 5072 re·
1070 5032 1137 5070 casn
1157 5015 1217 5070 sina
1233 5013 1287 5070 Dei
1305 5013 1458 5071 offensione
1482 5021 1511 5070 at
1531 5014 1714 5071 conscientiae
1733 5015 1846 5070 vulnere
1864 5014 1900 5068 ab

206 5098 1043 5171 fsnmnmqniacsrcudnerminantcircnmstantimmca-
1071 5101 1158 5172 ipsius
1182 5101 1352 5173 praescripto
1379 5101 1521 5158 discedere
1553 5100 1648 5167 liceat;
1675 5102 1811 5172 quaedam
1830 5117 1901 5156 sero

207 5188 274 5240 dna
291 5201 358 5239 vero
374 5186 410 5239 dc
428 5184 510 5239 robae
527 5202 580 5239 nin
597 5194 701 5240 notura
720 5186 953 5258 indifferentias,
972 5203 1044 5258 quac
1070 5185 1251 5258 hypothetica,
1271 5204 1336 5243 cum
1352 5205 1409 5244 non
1424 5186 1595 5259 simpliciter,
1613 5187 1662 5242 eod
1677 5187 1729 5244 sub
1743 5185 1901 5242 conditione

207 5288 260 5327 nec
274 5270 376 5338 diviua,
403 5285 455 5326 nec
481 5270 601 5325 naturali
617 5271 680 5342 lega
698 5281 762 5330 snut
781 5271 945 5344 prohibitae.
975 5271 1045 5331 Illae
1069 5272 1189 5343 obligat,
1221 5272 1325 5331 milicet
1352 5275 1373 5330 si
1403 5273 1586 5346 transgressio
1612 5273 1682 5345 legis
1707 5273 1756 5328 fiat
1780 5289 1813 5328 ex
1836 5289 1900 5327 con-

207 5356 369 5427 simplicitsr
386 5357 513 5429 obligant
529 5357 737 5425 conscientiam,
756 5358 810 5415 hae
828 5364 905 5414 esraa
927 5358 1042 5415 ratione.
1070 5365 1166 5426 teratu,
1185 5357 1211 5412 si
1226 5375 1311 5417 causa
1329 5360 1399 5417 lucri
1412 5359 1457 5416 vel
1474 5360 1589 5415 alterius
1604 5359 1695 5415 vinosi
1705 5359 1777 5429 finis,
1795 5360 1820 5415 si
1837 5377 1901 5416 con·

208 5449 234 5499 3.
252 5442 432 5510 Quarundam
455 5443 550 5516 legum
567 5445 689 5508 mauric
705 5453 825 5501 santra
843 5445 989 5516 postiurno
1004 5447 1046 5500 cd
1065 5446 1206 5518 junctum-
1224 5443 1326 5504 habeat
1353 5444 1522 5503 mandalum
1565 5444 1656 5502 Priori
1683 5447 1765 5503 modo
1794 5446 1901 5518 obligat

205 5542 307 5604 pamm
321 5529 468 5600 poeticam
484 5529 781 5587 eteioriiacocietmia
806 5531 1043 5603 commotionem
1069 5532 1117 5589 lea·
1140 5530 1242 5603 dirius
1275 5538 1308 5591 et
1341 5531 1489 5600 murati,
1520 5530 1665 5601 posteriori
1699 5551 1764 5593 saro
1802 5533 1901 5593 arilia
