4020 6014
205 149 268 209 212
336 197 340 203 .
793 138 916 197 iocos
933 133 1138 196 messurus
1155 135 1319 194 munius

205 297 235 351 in
254 295 371 352 limaci
390 294 440 352 1v.
466 294 587 351 caesam
611 293 704 350 locum
726 293 883 350 sufferam.
919 292 948 345 Is
967 290 1041 346 enim
1069 297 1130 358 vat,
1157 291 1206 345 diu
1231 290 1405 361 multumque
1429 289 1588 360 superista
1603 287 1739 360 pctih'one
1758 286 1907 354 deliberat,

205 381 342 438 referente
373 380 559 452 Urspergensi
592 386 620 436 et
653 380 715 435 aliis
745 379 883 436 historicis
908 376 1041 432 mandatu
1067 375 1181 430 nudem
1210 382 1304 432 tamen
1333 375 1530 431 beneficiorum
1565 374 1658 430 Caroli
1689 374 1776 444 patris
1810 371 1907 444 Pipini

206 485 297 538 papae
324 485 341 522 e
367 467 532 538 Moguntino
559 472 706 525 coronatus
739 466 822 520 miser
851 471 914 534 post
941 478 1041 516 vanam
1068 477 1185 530 memor,
1214 461 1353 516 consentit
1372 461 1473 533 legatis
1493 461 1681 532 Pipinumque
1700 477 1764 514 cum
1785 458 1907 513 subditis

206 570 350 621 coronam,
381 569 454 624 quae
482 553 531 606 diu
555 567 610 605 non
635 552 741 615 floruit,
769 552 870 605 melam
897 555 1042 618 reportans
1068 563 1085 600 a
1105 548 1263 616 juramento
1288 546 1446 602 childerico
1470 546 1536 601 dato
1561 546 1695 613 absolvit,
1720 545 1749 599 in
1768 550 1906 599 monaste

206 656 331 704 crucem,
358 640 386 693 in
416 639 521 709 proelio
545 639 582 692 ab
608 638 729 692 Henrico
755 637 845 690 victus
868 636 1042 704 moriensque
1069 627 1139 687 num
1163 633 1287 689 detrudit
1313 641 1342 687 et
1366 632 1498 703 Pipinum
1525 632 1554 686 in
1579 648 1674 703 regem
1693 631 1783 701 eligit.
1822 636 1848 686 3.
1863 630 1907 685 De

207 725 359 779 abscissam
389 726 515 779 dextram
541 724 656 794 perJ'urii
684 716 803 778 indicem
832 721 968 792 episcopis
995 719 1042 773 de
1068 719 1249 774 translatione
1274 718 1420 789 dignitatis
1437 718 1588 788 imperialis
1606 735 1623 772 a
1641 716 1757 772 Graecis
1778 716 1816 770 ad
1836 714 1907 770 Ger-

207 812 371 866 monstrarit
394 810 504 865 dicens:
533 812 579 863 En
597 811 674 863 vobis
694 812 810 877 deutra,
830 826 902 877 qaae
921 809 1042 875 interpo-
1069 822 1165 859 manos
1188 821 1236 871 per
1261 803 1384 858 Manem
1406 803 1458 857 ΠΙ.
1483 803 1560 858 facta
1583 803 1715 857 dicimus:
1745 802 1830 863 Quod
1850 804 1907 854 Leo

207 900 265 952 sita
291 905 385 950 amicte
410 897 524 965 juravi,
553 897 625 949 nilril
650 896 824 964 injuriarum
851 894 963 947 domino
981 909 1042 944 meo
1069 909 1211 960 nunquam
1233 892 1264 944 in
1288 908 1341 943 sna
1363 896 1503 960 potestate
1528 890 1639 952 babuit,
1663 888 1740 941 illud
1758 890 1830 941 dare
1850 905 1907 940 nass
1932 903 1935 908 ’

208 984 333 1036 Henrieo
351 997 393 1034 me
413 984 569 1049 facturam,
588 982 659 1034 nibil
677 982 849 1034 insidiarum
866 986 1042 1047 comparata·
1065 977 1168 1045 potnit.
1204 974 1264 1031 Nec
1288 975 1317 1028 in
1342 975 1466 1042 ltaliam,
1492 991 1544 1029 nec
1568 976 1598 1028 in
1620 974 1718 1028 urbem
1736 973 1826 1042 ipsam
1847 971 1907 1026 Leo

207 1087 279 1126 ram.
317 1067 376 1121 Sed
392 1069 433 1119 asi
450 1067 522 1119 banc
531 1067 691 1134 juramenti
707 1067 958 1135 transgressionem
974 1081 1042 1133 apo·
1069 1061 1215 1132 imperium
1234 1059 1340 1127 habuit,
1360 1059 1507 1114 maximam
1526 1060 1600 1115 enim
1619 1059 1719 1114 Italiae
1738 1063 1848 1128 partem
1867 1063 1907 1112 te·

207 1154 309 1207 statice
323 1154 420 1221 jussio
439 1161 586 1220 oestroque
604 1153 756 1223 persuasio
771 1169 812 1205 me
830 1159 1043 1214 commoverunt,
1070 1147 1155 1202 nebat
1172 1147 1343 1215 Desiderius,
1363 1163 1396 1200 ec
1411 1146 1498 1201 Leoni
1516 1147 1545 1201 in
1563 1147 1632 1201 urbe
1644 1146 1690 1199 vix
1707 1144 1794 1199 fuisse
1811 1144 1907 1198 locum

207 1241 298 1291 uidae
327 1238 428 1305 igitar,
458 1256 543 1307 qnam
570 1246 648 1291 recta
674 1239 721 1291 oia
743 1255 792 1291 oos
817 1246 909 1291 vestra
935 1237 1043 1289 monita
1070 1233 1153 1288 docet
1176 1234 1237 1302 ejus
1269 1233 1384 1304 querela
1411 1233 1448 1287 ad
1477 1232 1606 1289 Carsium
1639 1232 1762 1302 itemquo
1793 1230 1907 1301 legatio,

208 1332 362 1393 sequentem
380 1325 527 1377 duxeritis.
1071 1335 1155 1390 quam
1173 1319 1314 1373 Adrianus
1332 1318 1434 1373 Lectus
1451 1326 1611 1374 antecessor
1629 1318 1665 1372 ad
1683 1317 1813 1373 Ceruium
1830 1317 1908 1372 misit

242 1416 300 1465 317.
336 1409 430 1480 Atque
450 1409 520 1464 haec
538 1409 566 1461 in
586 1425 687 1479 genere
707 1408 743 1461 ad
762 1408 888 1479 exempla
906 1425 924 1462 a
938 1407 1041 1462 bellar-
1069 1405 1189 1475 supplex
1214 1422 1310 1472 orans,
1337 1412 1369 1458 ut
1392 1413 1425 1458 se'
1449 1410 1478 1458 et
1497 1403 1594 1458 urbem
1614 1410 1712 1458 contra
1728 1403 1907 1458 Desiderium

208 1496 282 1549 mino
301 1495 388 1549 allata
405 1493 620 1563 respondemus,
639 1493 674 1547 de
692 1492 810 1564 singulis
829 1494 857 1547 in
876 1493 967 1563 specie
985 1493 1044 1547 late
1070 1491 1239 1547 defenderet.
1276 1491 1334 1547 Nec
1359 1508 1377 1545 a
1400 1490 1545 1564 pontifice,
1577 1491 1627 1546 sed
1652 1508 1669 1545 a
1694 1496 1806 1552 senatu,
1830 1489 1907 1545 clero

207 1586 328 1636 nectant
346 1578 580 1633 Haiminsfeldius
599 1579 628 1632 in
640 1585 727 1633 const.
741 1579 877 1650 imperial.
891 1578 1043 1632 Aminneas
1054 1543 1058 1625 i
1069 1577 1228 1648 populoque
1252 1577 1379 1632 Romano
1399 1577 1516 1633 Carolus
1541 1578 1690 1647 imperator
1716 1584 1759 1631 est
1776 1576 1906 1646 designa-

208 1667 243 1721 de
266 1665 420 1722 exemtione
444 1665 606 1718 clericorum
631 1671 659 1719 et
678 1664 734 1720 alii.
775 1666 795 1720 l.
812 1665 916 1720 Leonis
935 1681 1043 1720 excom·
1070 1667 1124 1716 tus.
1160 1661 1206 1716 Sic
1225 1663 1298 1716 enim
1316 1663 1413 1718 scribit
1430 1663 1599 1719 Aventinus:
1625 1663 1694 1717 Ciam
1710 1663 1812 1716 mulier
1833 1663 1925 1716 Oen·-

207 1752 358 1807 muuicatio
381 1750 434 1803 fuit
453 1749 612 1820 illegitime,
634 1749 711 1803 facta
736 1749 842 1806 scilicet
859 1757 972 1821 propter
989 1756 1043 1804 sta-
1070 1748 1256 1817 stantinopoii
1272 1752 1438 1819 imperaret,
1464 1752 1541 1819 quod
1567 1750 1729 1803 inauditnm
1755 1765 1814 1803 osse
1832 1749 1908 1802 ride·

207 1837 361 1892 biliendum
386 1835 590 1890 idololatricam
609 1836 715 1890 cultum
736 1836 897 1908 imaginum.
936 1835 1043 1891 Fascio.
1071 1834 1168 1898 datar,
1194 1835 1333 1902 portabant
1356 1835 1494 1898 Romani,
1522 1853 1552 1889 se
1574 1843 1742 1905 potestatem
1759 1836 1862 1889 habere
1879 1841 1907 1888 et

207 1930 324 1993 tempor.
348 1926 478 1989 annotat,
513 1920 587 1992 quod
616 1923 693 1975 circa
719 1923 774 1977 illa
800 1931 928 1991 tempora
946 1939 1045 1993 papae
1065 1920 1118 1987 jas
1137 1920 1263 1987 stipendi
1282 1937 1432 1989 caesarem,
1451 1922 1529 1989 qaod
1542 1922 1690 1991 imperium
1703 1939 1735 1974 ea
1749 1921 1821 1989 spois
1834 1927 1908 1974 esset

204 2011 272 2080 pius
293 2008 427 2061 sciisse
452 2023 593 2075 epponem
618 2009 761 2076 coeperint
781 2008 997 2076 imperatoribus
1015 2009 1045 2060 in
1072 2013 1098 2059 et
1114 2007 1315 2060 nominaretur.
1344 2008 1465 2061 Tenebat
1484 2016 1577 2061 antem
1595 2006 1717 2061 Carolus
1735 2024 1830 2060 amnes
1839 2025 1906 2077 pro-

208 2093 419 2164 temporaiibus.
455 2096 478 2146 2.
497 2091 541 2147 De
562 2090 710 2147 Ohilderici
731 2093 904 2163 depositione
923 2093 1042 2148 sicsori-
1070 2092 1196 2159 cincias,
1235 2108 1308 2160 qaae
1339 2093 1381 2145 ad
1408 2094 1504 2145 arbem
1535 2095 1692 2147 Romanam
1717 2092 1906 2162 pertinebant.

208 2180 251 2235 bit
276 2177 426 2232 Arthusius
455 2195 524 2232 com.
551 2180 584 2232 de
610 2177 693 2233 rebus
716 2178 744 2231 in
768 2194 855 2249 regno
880 2177 1043 2233 Antichristi
1071 2177 1173 2245 Itaqae
1199 2194 1275 2229 anno
1305 2176 1412 2231 Christi
1438 2182 1497 2233 801.
1536 2181 1593 2232 Leo
1616 2196 1711 2250 papa,
1741 2187 1856 2232 senatus
1880 2185 1907 2231 et

209 2262 704 2336 gestistom.i.lib.l.o.11:Cum
725 2263 1044 2335 LuitprandusLonga-
1067 2263 1195 2332 popalus
1217 2264 1364 2316 Romam
1386 2263 1469 2317 iliam
1495 2265 1682 2332 desipnabant
1700 2266 1906 2333 imperatorem.

210 2350 358 2407 bardorum
391 2367 439 2404 rex
468 2349 586 2403 Romam
616 2349 770 2415 obsideret,
808 2349 960 2420 Gregorius
992 2348 1044 2402 Ill.
1071 2349 1213 2402 Marianus
1231 2348 1343 2404 Beatus:
1378 2349 1497 2406 Carolus
1521 2350 1572 2404 hoo
1590 2359 1748 2420 temporeo
1767 2352 1906 2406 Romanis

210 2436 335 2508 pontifex
354 2435 430 2489 misit
448 2435 556 2506 legatos
574 2435 611 2489 ad
630 2434 760 2489 Carnium
779 2435 937 2490 Martellum
951 2435 1044 2505 Pipini
1072 2442 1212 2502 aepactas
1229 2435 1401 2504 appetisses.
1438 2435 1615 2507 sigebertus:
1636 2438 1760 2491 Romani
1775 2455 1832 2491 aaa
1850 2455 1905 2490 om·

211 2528 319 2592 petrem
345 2520 374 2575 in
403 2520 523 2575 Galliam
546 2537 663 2591 rogans,
691 2527 723 2574 ut
745 2519 884 2574 laboranti
909 2521 1044 2576 ecclesiae
1071 2523 1147 2574 niam
1166 2537 1301 2574 consensu
1319 2521 1425 2575 Carolo
1443 2523 1506 2589 rapi
1522 2522 1723 2591 intpmatorias
1741 2524 1843 2577 laudm
1860 2541 1906 2576 ae·

81 2619 194 2664 mitt.
209 2609 351 2664 Romanae
377 2622 458 2676 opem
483 2606 574 2660 ferret.
612 2606 728 2662 Cmolus
746 2606 936 2662 misericordia
953 2612 1043 2660 motus
1071 2608 1196 2662 clamant
1233 2623 1347 2676 samm
1379 2624 1435 2676 per
1473 2625 1586 2661 manum
1622 2610 1724 2662 Leonis
1761 2617 1906 2665 emanant.

209 2693 394 2765 patrocinium
419 2691 557 2762 pontificis
581 2692 698 2762 suscipit
721 2698 749 2747 et
766 2691 883 2748 Romam
901 2692 1045 2746 obsidione
1072 2691 1247 2762 Onuphrius:
1276 2691 1347 2745 cum
1369 2692 1493 2761 primum
1518 2694 1673 2762 imperator
1704 2703 1730 2747 et
1762 2696 1906 2765 inpastus
1951 2687 1952 2696 ¹

210 2780 292 2836 solvit
310 2780 485 2850 Luitpraudo
509 2795 576 2850 rege
600 2785 628 2833 et
647 2786 788 2850 compatre
807 2797 857 2835 suo
875 2778 912 2833 ab
933 2782 1044 2849 incepto
1071 2780 1248 2831 renuntiatus
1266 2779 1390 2845 suisset,
1417 2797 1436 2830 a
1453 2780 1582 2834 Εοηιαιιο
1596 2780 1732 2848 pontifice
1751 2781 1907 2850 angebatur

209 2868 263 2922 isto
282 2866 372 2921 amica
391 2864 580 2921 exhortatione
593 2871 721 2922 retracto.
749 2866 811 2921 Hoc
825 2865 960 2922 beneflcio
974 2867 1044 2922 adeo
1071 2881 1212 2932 aaronque
1238 2863 1400 2917 diademate
1425 2865 1613 2919 coronabatur
1630 2874 1763 2934 tanquam
1781 2867 1907 2920 Romam

208 2953 261 3007 sibi
283 2952 415 3007 obnoxios
434 2951 573 3007 Romanos
595 2952 740 3022 pontifices
764 2953 894 3023 princeps
919 2952 1044 3006 francus
1072 2950 1186 3018 imperii
1202 2968 1257 3004 ano
1276 2950 1362 3003 totins
1380 2951 1456 3004 orbis
1474 2953 1616 3021 primario
1641 2954 1800 3020 sacerdote,
1830 2969 1906 3007 more

208 3036 289 3101 fecit,
313 3045 345 3091 ut
370 3037 545 3106 postmodum
564 3037 664 3107 Pipino
682 3037 776 3092 Caroli
795 3036 853 3091 filio
871 3038 900 3090 in
919 3054 948 3092 re
966 3037 1043 3093 inho·
1071 3044 1183 3104 accepto
1210 3037 1246 3088 ab
1275 3036 1492 3105 insperatoribns
1516 3039 1713 3106 orientalibus,
1741 3040 1791 3108 qni
1814 3057 1834 3093 a
1855 3057 1907 3109 pa-

208 3123 367 3176 nestissima
384 3122 548 3193 obsequium
566 3140 647 3176 suum
667 3140 721 3177 non
739 3123 910 3193 denegarint.
934 3124 1044 3178 Mortuo
1070 3122 1205 3174 triorchis
1223 3120 1544 3191 Constantinopolitanis
1563 3109 1714 3194 primariis
1735 3124 1909 3180 Graecanici

208 3206 384 3262 Theoderico
407 3196 474 3278 rege
499 3207 608 3262 Galliae
628 3206 761 3277 vigesimo
780 3225 897 3278 regnum
914 3210 951 3266 ad
969 3208 1043 3262 Chil-
1071 3209 1185 3275 impcrii
1205 3208 1387 3278 pontificibus
1414 3211 1570 3263 consecrati
1591 3227 1680 3264 aurea
1705 3229 1811 3265 corona
1829 3213 1905 3266 redi·

209 3293 333 3347 doricum
361 3293 422 3363 ejus
451 3293 566 3347 fratrem
593 3293 667 3348 circa
694 3310 798 3347 annum
823 3301 881 3349 750.
909 3295 1043 3363 pervenit.
1070 3294 1235 3347 mittantur.
1277 3293 1413 3349 Videatur
1439 3299 1574 3350 uectatus
1602 3295 1640 3353 D.
1670 3296 1799 3352 &eisaei
1823 3296 1906 3352 amici

209 3379 280 3449 Ejus
300 3378 484 3450 gubernator,
513 3379 558 3434 vel
582 3386 614 3433 ut
638 3386 739 3434 vocent
762 3379 966 3449 majordomus
985 3384 1045 3434 erat
1071 3378 1157 3432 nostri
1180 3379 1330 3450 singularis
1355 3379 1389 3434 de
1405 3380 1531 3435 translat.
1551 3380 1660 3450 imperii
1678 3382 1823 3451 oppositus
1842 3383 1905 3439 Bel·

209 3465 325 3537 Pipinus
345 3465 437 3520 Caroli
454 3464 577 3519 Martelli
595 3464 677 3520 filius.
713 3465 741 3518 ls
766 3464 909 3520 ambiebat
931 3465 1042 3536 quidem
1070 3463 1187 3518 larmino
1207 3466 1273 3520 edit.
1292 3464 1392 3519 Frenc.
1416 3472 1490 3523 1612.
1511 3466 1576 3522 item
1594 3467 1759 3523 oratio-lob.
1776 3468 1905 3525 Garsenii

209 3567 327 3622 regnum
346 3550 455 3606 Galliae
473 3551 619 3622 ipsumque
633 3550 819 3608 childericum
838 3568 925 3621 regno
944 3568 1043 3607 exuere
1070 3549 1105 3604 de
1125 3548 1272 3604 Pontificio
1289 3551 1354 3621 imp.
1374 3552 1551 3608 coronatione
1579 3558 1608 3608 et
1633 3549 1789 3626 ἀνάμνησις
1817 3555 1904 3611 Simo·

210 3643 239 3691 et
257 3654 286 3691 se
302 3636 379 3708 regio
398 3636 557 3692 diademate
576 3637 709 3708 insignire
730 3638 879 3692 admodum
897 3635 1043 3708 gestiebat,
1069 3635 1112 3690 nis
1133 3636 1260 3691 Schardii
1285 3637 1314 3691 in
1331 3636 1409 3708 polit.
1427 3639 1523 3709 imper.
1544 3638 1673 3694 Galdasti
1690 3646 1763 3709 part.
1783 3647 1807 3696 l.
1840 3658 1905 3713 pag.

208 3739 304 3778 verum
324 3739 381 3792 qua
399 3721 507 3778 ratione
526 3722 556 3776 id
576 3723 718 3777 commode
737 3722 856 3790 faceret,
874 3740 938 3777 curn
957 3722 1042 3776 dorni-
1071 3727 1128 3778 iet.
1155 3727 1184 3776 et
1212 3728 1271 3778 309.
1318 3731 1342 3778 i.
1369 3722 1412 3778 De
1439 3724 1589 3778 electorum
1620 3724 1727 3795 origine
1755 3727 1904 3796 plurimum

145 3875 151 3889 ¹
209 3825 276 3863 num
308 3823 371 3862 eum
401 3824 496 3876 sunm,
525 3807 571 3863 cui
598 3808 757 3877 juramento
786 3808 935 3865 obstrictus
961 3815 1042 3877 esset,
1071 3808 1181 3863 variant
1197 3807 1390 3863 historicorum
1409 3811 1571 3874 sententiae,
1590 3810 1704 3882 quidam
1723 3811 1760 3865 sd
1774 3809 1905 3867 Carnium

208 3899 378 3966 agnosceret,
398 3893 587 3948 invenirenon
600 3894 699 3963 potuit.
728 3895 937 3966 suggerebatur
949 3902 1043 3951 autern
1068 3894 1219 3966 Magnum,
1249 3894 1363 3966 quidam
1386 3896 1422 3950 ad
1447 3894 1575 3951 Ottonem
1602 3896 1653 3951 111.
1679 3913 1741 3952 eam
1763 3905 1904 3962 revocant,

208 3980 248 4048 ei,
286 3978 444 4050 pontificem
473 3979 630 4034 Romanum
661 3997 694 4033 ex
720 3987 858 4050 potestate
885 3982 988 4038 Christi
1015 3989 1043 4039 et
1068 3981 1177 4052 siquid
1198 3997 1215 4035 a
1234 3980 1365 4050 pontifice
1389 3982 1520 4052 accessit,
1537 3982 1607 4037 illud
1626 3999 1726 4037 suasus
1745 3988 1775 4038 et
1795 3984 1904 4038 consilii

208 4065 298 4129 Petri,
336 4081 453 4135 quorum
491 4064 538 4119 ille
572 4072 645 4119 esset
676 4064 796 4119 vicarius
828 4082 862 4120 ac
891 4085 1041 4136 successor,
1068 4066 1130 4133 fuit,
1142 4067 1358 4138 nonpoteststis.
1379 4067 1436 4121 Sed
1445 4067 1514 4122 haec
1524 4068 1843 4140 relinquimuspoliticis,
1855 4070 1903 4141 qui

208 4152 291 4207 facile
318 4167 413 4221 posse,
432 4168 495 4204 cum
514 4151 635 4223 aliquem
654 4169 740 4223 regno
764 4153 923 4208 inidoneum
951 4156 1041 4224 sciret,
1064 4154 1130 4223 jura
1150 4153 1221 4207 sacri
1237 4153 1345 4223 imperii
1364 4159 1461 4208 centn
1479 4154 1640 4224 pontificem
1660 4155 1746 4210 tutari
1767 4156 1903 4214 noverint.

208 4237 297 4308 qualis
321 4245 395 4292 esset
418 4236 606 4306 ehilderisus,
637 4237 799 4294 submovere
826 4247 854 4294 et
877 4241 937 4309 ejus
961 4240 1040 4296 alteri
1102 4242 1161 4294 318,
1201 4238 1269 4308 Cap.
1294 4245 1318 4295 9.
1346 4247 1462 4294 conatur
1488 4240 1673 4296 Bellarminus
1699 4244 1952 4311 demonstrarem

207 4323 327 4394 digniori
345 4323 491 4394 magisque
508 4323 608 4379 idoneo
626 4323 751 4379 habenas
768 4325 885 4394 undae,
904 4331 963 4379 tum
975 4343 1040 4382 vero
1067 4341 1122 4377 non
1143 4342 1274 4393 pnpnars
1297 4342 1360 4379 cnm
1376 4327 1459 4379 verbo
1481 4327 1552 4396 Dei,
1577 4335 1607 4380 at
1630 4346 1703 4381 anas
1719 4329 1848 4399 idemque
1864 4310 1952 4404 siff}

206 4415 235 4464 et
258 4409 350 4479 ipsum
373 4416 402 4463 et
426 4409 552 4464 subditos
581 4426 676 4464 omnes
702 4426 719 4464 a
744 4411 876 4481 praestito
898 4410 1039 4467 fidelitatis
1063 4413 1199 4482 princeps
1217 4412 1425 4467 ecclesiastiae
1443 4422 1469 4465 ct
1483 4413 1619 4481 politicas
1636 4407 1950 4507 simnl,ubipri1iiogf

205 4504 235 4550 et
254 4495 447 4551 observantiae
464 4495 622 4565 juramento
642 4495 794 4551 absolvere.
813 4497 936 4552 Tametsi
956 4498 1041 4569 igitur
1067 4496 1182 4552 adducit
1203 4498 1329 4567 exempla
1348 4497 1565 4566 Melchisedeei,
1584 4500 1632 4570 qui
1649 4499 1704 4554 fuit
1721 4517 1768 4556 rex
1787 4507 1816 4557 et
1833 4518 1902 4572 pon·
1916 4478 1952 4568 qui

207 4581 296 4650 primo
320 4581 439 4651 Pipinus
467 4580 630 4635 illaudabile
648 4587 677 4636 et
693 4581 810 4651 impium
827 4601 887 4639 esse
906 4584 1040 4639 fateretur
1067 4583 1134 4637 tifex
1156 4583 1228 4640 Gen.
1250 4590 1288 4640 14.
1308 4585 1575 4654 primopenitoram,
1604 4584 1706 4657 quibus
1733 4603 1850 4658 reguum
1874 4594 1904 4642 et
1915 4579 1952 4669 ἓξ,

207 4665 303 4719 datum
321 4667 380 4738 regi
396 4671 583 4735 juramentum
600 4665 718 4734 violare,
744 4673 836 4723 umen
859 4686 921 4723 cum
940 4671 974 4725 de
991 4688 1038 4741 po·
1065 4669 1250 4724 sacerdotium
1270 4668 1424 4724 debebatur
1443 4669 1515 4725 Gen.
1534 4676 1576 4727 tu.
1593 4673 1835 4742 patriarcharum,
1852 4673 1902 4745 qui
1916 4673 1952 4713 ΜΕ

205 4756 306 4806 testate
329 4752 467 4822 pontilicis
492 4751 532 4806 its
558 4751 721 4806 informatus
747 4759 831 4817 esset,
856 4754 963 4825 legatos
986 4756 1039 4810 boc
1065 4755 1245 4824 praefuerunt
1272 4755 1329 4809 suis
1356 4761 1413 4809 tam
1441 4755 1539 4824 iniis,
1570 4774 1643 4828 quae
1667 4758 1704 4812 ad
1729 4758 1902 4829 religionem,
1915 4735 1952 4816 iiii

204 4838 315 4892 nomine
344 4839 381 4892 ad
411 4856 473 4894 eum
498 4837 648 4893 mittendos
677 4838 792 4892 censuit.
840 4839 1039 4896 Burclrbardus
1064 4858 1148 4911 quam
1166 4858 1238 4911 quse
1260 4841 1296 4894 ad
1316 4840 1457 4911 politicam
1470 4841 1555 4896 vitam
1572 4842 1763 4914 pertinebant;
1782 4846 1902 4914 Moysis,
1915 4828 1952 4919 22

204 4922 291 4994 igitur
314 4922 452 4978 Bonifacii
478 4924 600 4995 episcopi
627 4922 784 4994 Moguntini
811 4923 840 4977 in
858 4927 1037 4998 repurganda
1065 4927 1112 4997 qui
1142 4926 1196 4980 fuit
1227 4943 1349 4980 summus
1374 4928 1504 4998 princeps
1533 4930 1692 5001 temporalis
1718 4934 1747 4984 et
1776 4947 1901 4985 summus
1915 4932 1952 4970 ¹¹¹⁴

204 5023 223 5062 a
250 5008 409 5080 gentilismo
438 5008 589 5065 Germania
614 5010 726 5079 adjutor
745 5026 807 5063 cum
828 5009 951 5066 Volrado
970 5030 1036 5083 quo·
1064 5011 1188 5083 pontifex
1212 5011 1298 5068 Exod.
1320 5017 1359 5068 te.
1380 5018 1420 5068 ei.
1440 5021 1481 5071 to.
1518 5017 1600 5080 Heli,
1627 5016 1676 5087 qui
1700 5015 1755 5070 fuit
1776 5032 1899 5071 summus
1914 4983 1952 5074 poi

204 5095 268 5149 dnm
287 5093 381 5165 Pipini
404 5095 544 5151 sacellano
569 5096 653 5166 huJ'us
679 5096 784 5167 negotii
813 5113 898 5151 musa
920 5098 1037 5152 Romam
1065 5097 1189 5168 pontifex
1215 5103 1244 5152 et
1268 5098 1356 5169 judex
1380 5101 1511 5170 politicus
1536 5103 1615 5156 annis
1633 5108 1667 5159 to
1695 5107 1717 5157 i.
1738 5102 1807 5175 lieg.
1829 5111 1851 5159 l.
1871 5110 1900 5159 et
1913 5094 1951 5124 ’ῃ

202 5180 345 5250 profectus
366 5185 410 5235 est
438 5194 465 5236 et
488 5181 626 5252 pontifici,
651 5182 699 5253 qui
721 5188 781 5236 tum
800 5189 860 5238 erat
880 5183 1036 5251 Zacharias,
1064 5184 1316 5253 Maccahaeorum,
1344 5187 1392 5256 qui
1414 5187 1496 5241 simul
1515 5188 1659 5257 pontifices
1679 5194 1707 5244 et
1723 5190 1809 5244 duces
1828 5190 1918 5260 polis

202 5265 434 5321 consiliumillud
454 5267 571 5337 aperuit.
608 5268 735 5324 Pontifex
752 5268 908 5323 inauditum
927 5269 957 5322 id
977 5286 1036 5325 esse
1063 5271 1111 5325 tici
1130 5271 1250 5326 fuerunt.
1286 5271 1512 5344 Respondemus:
1541 5283 1562 5330 1.
1582 5275 1714 5331 Nicolaus
1731 5275 1754 5330 L
1772 5275 1898 5345 pontifex

202 5351 357 5423 affirmans,
378 5359 411 5407 ut
429 5369 577 5424 regnorum
595 5355 716 5426 negotiis
733 5373 763 5411 se
782 5356 928 5435 episcopus
946 5356 1033 5411 invcl·
1064 5357 1093 5411 in
1122 5357 1240 5429 epistola
1267 5357 1303 5412 ad
1333 5356 1498 5413 Miobaiilem
1521 5362 1715 5429 imperatorem
1741 5361 1899 5433 respondet,
