4020 6014
211 320 272 379 428
781 312 902 373 Iactis
921 310 1127 371 videamus
1146 310 1327 378 QUARTUS

211 467 309 524 dicunt
328 486 362 523 ex
390 467 636 540 praecedentibus,
663 485 690 522 r.
719 475 749 524 5:
790 469 960 539 Sanguinem
983 468 1043 522 oui·
1072 467 1111 520 rit
1128 468 1293 537 sauguinem
1311 466 1467 529 humanam,
1485 466 1547 534 ejas
1563 464 1683 534 scapeia
1701 465 1842 528 medetur·
1859 477 1916 534 per

162 578 187 597 ·
210 572 320 610 maram
337 564 492 610 aestrorum
518 557 677 626 requiram,
708 557 743 608 de
770 572 855 608 marra
882 563 1042 608 coactarum
1072 553 1221 617 docuinam,
1239 553 1308 609 baec
1326 558 1370 607 est
1387 550 1564 607 comminatio
1581 557 1611 605 et
1628 549 1711 604 simul
1727 554 1913 621 praeceptum

210 641 359 696 bestiarum
383 645 526 712 requiram
553 660 613 696 carm
639 650 665 696 ci
690 644 725 695 ria
747 660 833 695 morsa
859 643 918 695 oiri
938 641 1044 706 fratris
1071 640 1106 694 de
1125 639 1249 695 vindicta
1266 639 1406 694 ordinaria
1422 654 1472 709 per
1489 637 1683 708 magistratum
1707 636 1842 692 adversus
1865 635 1915 691 bo·

210 730 272 799 ejas
290 732 433 800 requiram
453 731 577 784 animam
599 730 724 784 domicia.
764 728 915 783 Ostorodus
933 728 960 782 in
981 729 1043 781 inst.
1072 725 1187 781 micidas
1210 727 1374 782 exercenda.
1414 723 1535 790 Quinto,
1563 726 1604 778 ad
1625 723 1776 794 imaginem
1804 723 1914 793 quippe

210 831 232 871 ι.
253 821 293 871 28.
313 835 358 872 ιι.
378 824 401 871 5.
421 835 448 887 p.
471 821 530 872 190:
552 816 609 874 tait
631 817 715 886 lagen,
739 816 789 885 tsi
813 816 869 885 tiri
888 815 943 872 leia
959 814 1045 873 arist
1071 814 1131 868 Dei
1147 815 1244 879 factas
1263 819 1302 867 cst
1319 813 1408 869 tomo.
1446 811 1543 882 Imago
1555 808 1608 866 Dei
1620 828 1674 866 non
1687 815 1779 881 potest
1797 810 1914 882 impune

209 901 251 970 isi,
274 904 318 958 ter
337 902 469 973 dirigiat
482 903 602 972 graebra,
620 903 731 972 testera
750 902 806 958 siae
825 903 957 973 martura
976 902 1045 970 gast,
1072 900 1175 955 destrui
1203 917 1236 955 ac
1260 900 1336 955 laesa
1364 898 1418 954 Dei
1445 897 1567 970 imagine
1588 896 1666 952 Deus
1690 897 1750 968 ipse
1780 896 1913 965 laeditur,

209 988 284 1058 lister
301 992 412 1059 mirate,
432 989 480 1045 uie
504 994 557 1045 sua
587 991 763 1059 torgrhratra
786 990 896 1046 idumea
921 989 991 1059 moti
1014 1002 1044 1058 aa
1075 987 1227 1042 carendum
1246 986 1333 1064 igitur
1352 1003 1370 1040 a
1388 984 1512 1040 laesione
1529 983 1756 1039 etdesnuctione
1776 983 1911 1055 imaginis

209 1075 308 1146 esteten
330 1077 372 1146 iit,
395 1078 448 1132 urit
467 1076 497 1146 ia
519 1077 579 1132 elea
599 1076 653 1132 ciue
672 1076 904 1148 interdicturus
922 1075 1044 1145 dictitat
1071 1073 1183 1129 divinae
1209 1089 1260 1145 per
1283 1072 1473 1127 homicidium.
1510 1069 1644 1135 Quamvis
1671 1070 1745 1124 enim
1771 1070 1801 1124 in
1827 1069 1908 1140 spiri-

208 1162 278 1231 lagt:
293 1164 353 1218 iter
367 1163 416 1218 bad
430 1163 666 1231 ἕιιιιιιιιιὶιιιιιι,
685 1163 806 1219 bermitb
820 1162 912 1232 bardi
927 1164 1044 1233 &duest
1069 1159 1193 1215 tualibus
1222 1159 1323 1214 amissa
1348 1159 1384 1214 sit
1409 1158 1464 1213 Dei
1491 1157 1601 1229 imago,
1631 1161 1723 1211 ιιιιιιι
1750 1156 1778 1209 in
1797 1155 1909 1209 Adamo

209 1248 381 1318 amissimus,
400 1248 499 1304 Matth.
522 1255 563 1317 26,
580 1267 605 1305 v.
626 1256 667 1305 5‘2.
705 1250 930 1321 Respondemus:
953 1254 974 1304 1.
995 1264 1043 1302 no·
1071 1263 1164 1301 omnes
1183 1247 1218 1300 ad
1239 1247 1389 1317 imaginem
1400 1245 1454 1301 Dei
1469 1244 1597 1317 primitus
1616 1250 1681 1297 sunt
1698 1241 1803 1298 conditi
1821 1247 1909 1315 atque

186 1386 191 1398 ,
208 1338 299 1390 tenter
318 1335 474 1405 addiditur,
501 1336 574 1407 quod
591 1352 646 1406 pcr
670 1336 806 1389 homiaem
826 1334 940 1406 sanguis
956 1332 1043 1388 homi·
1070 1333 1106 1387 ad
1124 1333 1239 1388 eundem
1257 1349 1308 1404 per
1320 1332 1460 1388 Christum
1480 1329 1603 1401 reparari
1621 1335 1746 1400 potura,
1765 1334 1795 1384 ct
1811 1344 1908 1400 snper·

207 1420 285 1476 cidae
299 1422 335 1476 sit
348 1421 532 1477 effundendus
545 1422 726 1490 (ostendimus
737 1421 809 1476 enim
821 1422 947 1493 superius
960 1418 987 1496 ξ
1002 1426 1043 1477 40.
1070 1424 1134 1473 sunt
1157 1418 1251 1474 adhuc
1275 1419 1412 1490 quaedam
1436 1416 1555 1489 vestigia
1586 1414 1697 1471 divinae
1720 1414 1851 1486 imaginis
1874 1428 1908 1470 ac

208 1507 308 1563 memb.
327 1516 351 1564 t.
370 1509 447 1563 illum
468 1509 692 1583 προσδιορισμὸν
709 1526 764 1582 per
784 1510 919 1563 homiaem
937 1525 992 1563 non
1007 1506 1044 1563 ad
1071 1505 1210 1577 generalis
1242 1506 1379 1577 quaedam
1409 1503 1618 1560 convenientiae
1647 1509 1675 1557 et
1705 1499 1907 1556 conformitatis

208 1594 378 1666 subjectum,
405 1596 453 1650 sed
472 1597 508 1650 ad
528 1596 718 1667 praedicatum
740 1596 904 1666 pertinere),
930 1595 958 1649 id
978 1610 1044 1649 vero
1070 1592 1140 1646 ratio
1157 1592 1188 1646 in
1204 1597 1311 1661 mente,
1338 1591 1482 1647 voluntate
1500 1596 1529 1645 et
1544 1589 1686 1645 memoria
1722 1587 1783 1645 Nec
1802 1587 1907 1643 incom-

208 1696 262 1735 nou
281 1687 373 1753 potest
391 1681 507 1754 intelligi
528 1683 563 1737 dc
582 1682 678 1754 quovis
698 1682 809 1738 homine
827 1683 948 1754 privato,
975 1681 1044 1736 alias
1070 1678 1205 1734 modoad
1223 1679 1313 1750 ipsum
1332 1678 1499 1734 homicidam
1517 1676 1600 1732 etium
1618 1676 1671 1731 hoc
1689 1673 1787 1730 referri
1804 1679 1907 1744 potest,

208 1767 299 1822 omnis
317 1768 450 1823 caedibus
469 1773 498 1825 et
516 1768 671 1824 homicidiis
684 1768 867 1839 replerentur,
883 1769 932 1823 sed
951 1784 1044 1824 neces·
1070 1764 1093 1819 is
1112 1766 1184 1820 enim
1197 1765 1221 1819 si
1240 1767 1268 1820 iu
1283 1783 1312 1821 se
1325 1766 1485 1837 descendat,
1504 1764 1627 1819 inveniet
1641 1761 1775 1835 quasdam
1794 1760 1907 1816 divinae

209 1852 281 1907 sario
300 1853 512 1926 intelligendum
532 1859 568 1909 de
585 1856 766 1925 memorata,
794 1854 839 1910 cui
858 1854 936 1910 Deus
960 1856 1045 1910 hadi-
1071 1851 1201 1924 imaginis
1213 1851 1354 1925 reliquias,
1366 1852 1508 1908 naturales
1521 1851 1633 1906 scilicet
1645 1848 1767 1918 notitias,
1781 1846 1907 1917 κριτήρια

209 1939 251 1993 dit
265 1939 313 2010 jus
331 1938 435 2010 gladii,
454 1941 591 2012 quomodo
609 1941 808 2012 interpretatur
824 1942 884 2013 ipse
901 1941 1043 2013 apostolus
1070 1938 1126 2006 illa,
1145 1940 1246 2011 quibus
1264 1940 1410 1996 honestum
1430 1958 1448 1995 a
1465 1939 1539 2010 turpi
1562 1935 1740 1999 discernitur,
1761 1950 1835 2007 qnae
1852 1932 1906 2004 ipsi

207 2024 286 2081 Rom.
312 2031 349 2094 13,
369 2045 394 2082 v.
413 2034 438 2083 t.
479 2034 503 2082 2.
522 2027 605 2085 Unde
621 2027 773 2084 Chaldaicis
791 2027 970 2100 paraphrasis
988 2027 1043 2083 On·
1071 2024 1210 2096 dictitent,
1227 2026 1342 2082 aceede
1356 2027 1479 2081 humana
1490 2041 1549 2081 ease
1561 2022 1766 2079 abstinendum.
1793 2027 1817 2076 t.
1831 2018 1909 2075 Dens

205 2110 284 2167 kelos
302 2111 343 2165 sic
362 2112 499 2167 reddidit:
520 2113 575 2176 aar
594 2116 726 2185 effuderit
740 2117 904 2185 sauguinem
924 2115 1044 2170 hominis
1069 2112 1130 2183 ipse
1142 2111 1170 2166 in
1182 2112 1244 2185 lege
1252 2112 1375 2167 Mosaica
1384 2112 1563 2168 clarissimam
1574 2108 1784 2181 explicationem
1791 2105 1910 2174 eddidit,

207 2215 268 2251 ram
285 2199 405 2269 testibus,
420 2201 507 2269 jsrata
526 2204 689 2256 seatmticm
704 2203 836 2273 judicum
848 2204 964 2272 sanguia
982 2203 1043 2271 ejas
1069 2199 1144 2271 qnod
1173 2199 1280 2254 scilicet
1302 2214 1358 2254 non
1379 2199 1415 2253 sit
1438 2199 1513 2253 nuda
1530 2197 1698 2269 praedictio,
1728 2194 1778 2249 sed
1794 2193 1909 2248 manda·

204 2284 349 2347 medetur.
387 2285 444 2342 Ubi
468 2286 618 2342 admodum
641 2287 796 2345 luculenter
825 2288 939 2360 exponit
962 2303 1042 2359 para·
1069 2292 1138 2352 ιιιι,
1167 2286 1241 2357 quod
1260 2285 1397 2341 homicida
1415 2283 1529 2356 publica
1545 2283 1725 2355 magistratus
1742 2280 1908 2335 anctoritate

205 2370 331 2441 phraates
347 2371 430 2443 hujus
447 2373 501 2428 loci
520 2390 640 2443 sensum,
656 2391 756 2446 ncmpe
772 2391 828 2429 nou
839 2374 922 2430 licere
942 2375 1042 2447 cuique
1069 2373 1166 2427 iterum
1187 2373 1223 2426 sit
1234 2372 1440 2428 interficiendus
1451 2371 1538 2427 Exod.
1558 2376 1600 2439 tt,
1617 2387 1643 2425 v.
1665 2372 1704 2425 12,
1742 2373 1766 2423 o.
1779 2366 1809 2422 Si
1821 2365 1908 2422 rerba

206 2457 314 2528 privato
333 2459 466 2530 impetum
484 2460 578 2517 iacere
595 2462 624 2515 in
644 2460 812 2516 homicidam
834 2468 863 2517 et
886 2462 977 2532 ipsum
996 2477 1041 2517 oc·
1067 2459 1151 2530 haec,
1181 2461 1320 2524 fraciam
1351 2459 1466 2528 magari
1496 2458 1653 2511 homicidae
1681 2471 1737 2526 pes
1762 2454 1908 2520 homiaem,

206 2543 306 2613 cidere,
323 2546 372 2600 sed
383 2546 523 2615 pertinere
538 2546 591 2602 hoc
604 2546 640 2601 ad
653 2545 855 2619 magistratum,
874 2548 922 2620 qui
937 2554 965 2604 et
981 2548 1042 2619 ipse
1068 2547 1171 2602 nudam
1201 2545 1418 2617 praedictionem
1452 2544 1639 2612 continerent,
1671 2542 1772 2597 ιιιιιιιι
1798 2539 1906 2611 aliquid

206 2629 234 2683 in
253 2631 462 2687 condemnando
482 2648 515 2687 ac
535 2633 675 2704 puniendo
694 2632 833 2689 homicida
858 2651 913 2689 non
940 2632 1042 2689 debeat
1069 2634 1250 2699 confluerent,
1268 2632 1334 2704 quia
1351 2632 1461 2701 saepius
1474 2647 1530 2685 nou
1544 2631 1670 2702 seqnitur
1687 2628 1716 2682 id
1736 2626 1811 2699 quod
1825 2641 1905 2698 prae·

207 2731 267 2770 esse
288 2734 435 2790 praeceps,
464 2720 513 2775 sed
540 2719 671 2776 adhibitis
696 2720 816 2776 testibus
840 2737 953 2775 causam
981 2718 1044 2774 dili·
1069 2721 1192 2788 dictum,
1223 2717 1275 2772 hoc
1295 2723 1338 2772 cst
1354 2717 1554 2771 homicidarum
1575 2714 1690 2787 sanguis
1720 2712 1831 2785 saepius
1848 2726 1904 2765 ιιι

206 2809 304 2874 genter
321 2804 459 2862 discutere
477 2822 510 2862 ac
534 2824 708 2879 cognoscere.
748 2806 854 2874 Quodsi
881 2811 967 2863 testes
993 2806 1043 2863 ho·
1068 2807 1221 2862 effunditur
1236 2821 1286 2876 per
1303 2804 1451 2874 bominem,
1470 2804 1520 2859 scd
1539 2801 1601 2857 aliis
1612 2801 1701 2856 modis
1718 2799 1772 2871 ipsi
1789 2797 1903 2854 nabun-

206 2889 308 2944 micidii
325 2907 381 2946 non
401 2898 517 2963 possunt
533 2892 647 2959 haberi,
668 2894 821 2949 vindictam
839 2892 900 2950 Deo
917 2894 1042 2949 commit·
1067 2900 1113 2947 tur
1132 2892 1167 2947 ad
1185 2907 1304 2964 poenam
1322 2891 1366 2945 vel
1379 2890 1407 2944 iu
1420 2889 1474 2944 hac
1486 2889 1553 2952 rita,
1573 2887 1617 2944 rel
1631 2887 1684 2941 nisi
1703 2885 1904 2956 poenitentiam

204 2976 332 3045 tendam,
359 2977 398 3031 sic
418 2979 489 3033 enim
502 2979 591 3043 ,addit
608 2979 784 3051 paraphrasis
801 2981 956 3037 Jonathan:
986 2980 1045 3042 Qui
1069 2980 1184 3052 egerint,
1202 2980 1231 3034 iu
1249 2979 1343 3033 futuro
1364 2978 1480 3048 judicio.
1517 2975 1593 3047 Ergo
1612 2975 1647 3029 de
1666 2973 1798 3029 mandato
1817 2971 1904 3043 magi·

206 3064 337 3134 effoderit
354 3067 517 3134 sauguinem
537 3065 655 3120 hominis
678 3084 731 3136 per
751 3074 848 3135 trater,
875 3069 1040 3121 commac-
1069 3067 1168 3122 stratui
1187 3066 1268 3135 dato,
1292 3082 1348 3120 non
1364 3072 1457 3120 autem
1477 3062 1513 3117 de
1531 3062 1607 3116 nuda
1631 3059 1820 3132 praedictione
1839 3063 1905 3112 sunt

207 3149 273 3202 ιιιιιι
291 3166 352 3203 eam
369 3151 482 3218 judices
501 3153 542 3204 ad
559 3167 661 3221 aecem,
681 3160 706 3204 ct
726 3154 775 3222 qui
788 3154 919 3224 effirderit
938 3154 1042 3223 absque
1069 3153 1240 3225 accipienda.
1280 3152 1309 3208 Si
1328 3151 1419 3219 dicas,
1439 3150 1514 3203 idem
1532 3149 1686 3202 maasiam
1702 3163 1735 3201 ea
1756 3162 1787 3199 eo
1806 3143 1906 3212 codici

207 3236 332 3304 tectibus,
365 3239 505 3290 Dominae
530 3239 631 3290 maadi
660 3239 727 3291 olim
758 3239 911 3292 or'adictom
946 3240 982 3292 ab
1010 3256 1041 3293 co
1065 3258 1165 3311 posse,
1195 3241 1222 3294 si
1237 3240 1414 3311 praeceptive
1433 3239 1502 3291 hacc
1519 3237 1603 3289 caba
1623 3241 1805 3306 eapsoaaatar,
1823 3246 1904 3301 nego,

206 3330 294 3376 cremet
312 3323 342 3375 ia
359 3324 406 3376 die
420 3324 530 3392 judicii
548 3325 650 3391 magni.
688 3329 712 3379 3.
733 3323 792 3379 Nec
803 3331 961 3396 repugnant
978 3324 1042 3379 huic
1070 3327 1135 3399 quia
1153 3326 1315 3381 mandatum
1335 3339 1395 3380 esse
1414 3324 1558 3379 immotum
1576 3336 1610 3377 ac
1623 3324 1798 3392 perpetuum,
1818 3314 1907 3370 bomi-

207 3407 427 3479 iuterprctationi
445 3409 653 3479 antecedentia,
678 3410 744 3480 qaia
764 3411 901 3481 judicium
920 3411 975 3467 Dei
993 3411 1041 3466 ad·
1069 3414 1176 3482 cidem,
1213 3413 1249 3466 de
1276 3427 1331 3483 quo
1364 3410 1511 3465 manifeste
1544 3413 1572 3465 et
1602 3423 1653 3478 per
1674 3411 1760 3462 testes
1787 3408 1904 3471 ansae

207 3511 301 3550 uersus
328 3495 480 3550 homicidas
509 3501 537 3551 et
565 3496 634 3550 alios
662 3496 831 3551 facinorosos
858 3503 900 3553 cst
931 3498 1042 3568 duplex,
1069 3499 1271 3571 amagistratu
1289 3513 1350 3553 esse
1368 3496 1555 3568 puniendum,
1575 3510 1608 3549 ex
1626 3491 1798 3565 negligentia
1816 3489 1905 3561 magi·

206 3585 358 3635 mediatam
378 3591 402 3635 st
422 3584 615 3652 ordinarium,
645 3584 719 3656 quod
749 3589 858 3639 exercet
881 3600 931 3655 per
954 3585 1041 3657 magi·
1069 3591 1174 3640 stratus
1192 3585 1245 3655 ipsi
1264 3584 1396 3639 mandato
1414 3584 1531 3653 ejusque
1548 3579 1658 3636 veritati
1679 3585 1708 3634 et
1725 3574 1903 3648 perpetuitati

207 3673 337 3736 stratum3
376 3671 566 3721 immanium
605 3678 630 3722 et
660 3670 931 3741 extraordinariam,
967 3671 1041 3745 quod
1068 3673 1138 3727 nihil
1159 3672 1309 3743 quidquam
1329 3670 1458 3737 decedit,
1485 3675 1519 3722 ut
1536 3667 1676 3739 colligitur
1693 3681 1728 3719 ex
1748 3665 1809 3719 aliis
1825 3678 1904 3734 prae·

209 3761 318 3809 exercet
338 3755 551 3825 perseipsum.
588 3762 612 3811 4.
634 3755 663 3811 Si
685 3756 747 3827 quis
763 3764 868 3812 textum
886 3759 1042 3813 accuratius
1069 3758 1166 3830 ceptis.
1203 3764 1227 3813 t.
1246 3757 1450 3828 Anabaptistae
1467 3755 1621 3826 excipiunt,
1639 3755 1667 3806 oi
1686 3753 1771 3823 iujos
1788 3751 1901 3805 diuinae

207 3840 370 3909 consideret,
390 3840 599 3906 animadvertet,
618 3843 740 3913 quinque
754 3845 875 3900 rationes
887 3844 1043 3916 prohibitae
1070 3845 1295 3900 comminationis
1325 3845 1523 3913 magistratum
1554 3841 1703 3904 sandrario
1738 3837 1903 3906 sauguinem

207 3926 300 3981 caedis
323 3925 460 3983 hnmanae
484 3945 501 3983 a
528 3927 588 3984 Deo
615 3929 676 4001 ipso
699 3931 843 4004 assignari.
883 3932 976 3988 Primo
999 3951 1041 3986 re·
1068 3934 1214 4002 ipsammet
1243 3933 1327 3986 edom
1358 3931 1405 3984 sci
1430 3929 1576 3996 assacinis
1605 3929 1765 3998 officiosam
1791 3922 1901 3978 marsii.

207 4015 326 4082 qcr'rom,
345 4013 444 4084 inquit,
461 4017 625 4083 saaprsiacm
642 4024 772 4086 cestram,
790 4017 859 4073 haec
872 4024 914 4073 est
931 4019 1042 4073 commi·
1068 4019 1291 4091 Respondemus:
1316 4018 1371 4071 imo
1395 4031 1460 4070 vero
1478 4014 1555 4070 Deus
1582 4013 1642 4084 ipse
1661 4017 1788 4067 accurate
1806 4009 1903 4064 distin·

207 4098 283 4154 n'etio
303 4098 442 4154 vindictae
460 4101 607 4172 generalis.
643 4102 801 4158 Vindicabo
829 4104 928 4160 caedes
945 4105 1042 4160 hnma-
1068 4106 1130 4177 guit
1159 4105 1232 4160 inter
1257 4105 1415 4158 homicidas
1432 4101 1607 4156 soluatur-ios
1634 4117 1668 4153 oc
1691 4098 1849 4152 malitiosos
1869 4112 1902 4151 ex

207 4202 258 4240 nas
278 4203 443 4258 quacunque
466 4186 572 4243 ratione
597 4193 626 4243 et
644 4188 834 4260 infallibiliter,
853 4197 886 4245 ut
903 4191 1042 4246 homicida
1069 4192 1195 4262 privatae
1214 4192 1355 4247 vindictae
1374 4189 1527 4262 cupiditate
1543 4187 1669 4260 gladium
1683 4186 1735 4241 sibi
1755 4191 1901 4249 sumentes,

206 4272 339 4329 ultionem
356 4289 411 4327 non
430 4273 553 4345 effugiat
588 4274 716 4331 Secundo
740 4279 883 4347 cepaticum
903 4281 939 4332 dc
958 4296 1042 4333 mono
1070 4285 1098 4334 et
1115 4279 1188 4333 inter
1203 4279 1400 4349 magistrorum
1421 4275 1558 4347 ejusmodi
1580 4274 1731 4329 malitiosos
1749 4271 1902 4328 homicidas

207 4365 367 4415 marimum
385 4361 560 4415 animalium.
596 4360 626 4416 si
646 4379 697 4418 nec
715 4362 799 4417 bruta
826 4363 940 4434 impune
957 4365 1041 4420 inter·
1070 4365 1164 4436 gladio
1196 4364 1249 4418 sibi
1268 4365 1334 4419 dato
1352 4363 1523 4434 punientem,
1553 4362 1622 4416 haec
1652 4361 1740 4432 igitur
1767 4359 1901 4415 contrudi

206 4444 460 4502 ficinnthominem.
480 4453 584 4519 quanto
598 4447 865 4506 minushomicidae.
896 4451 1043 4524 Conjunge
1069 4452 1230 4524 neutiquam
1250 4451 1361 4505 debent.
1401 4448 1519 4515 Quando
1541 4448 1601 4519 ipse
1619 4447 1798 4520 magistratus
1816 4445 1902 4501 bomi-

81 4533 140 4574 ΚΝ·
151 4533 194 4578 15ι-
205 4531 293 4587 Ειιοᾶ.
314 4539 355 4598 tt,
374 4551 399 4589 v.
419 4540 459 4589 29.
473 4533 522 4587 ubi
541 4534 588 4585 bos
603 4537 733 4589 occideris
746 4537 882 4590 homiuem
898 4539 1044 4608 lapidibus
1070 4557 1118 4594 nes
1135 4538 1296 4593 innocentes
1309 4553 1343 4591 ex
1361 4536 1470 4607 privata
1481 4535 1622 4589 vindictae
1633 4534 1786 4605 cupiditate
1805 4540 1902 4588 contra

206 4620 288 4673 obrui
299 4619 430 4689 jubetur,
458 4636 523 4691 crgo
545 4637 599 4674 non
620 4621 655 4674 de
672 4621 832 4677 immediato
849 4623 902 4678 Dei
927 4592 1145 4698 judicio,¹leges
1163 4624 1251 4680 occidi
1272 4629 1364 4692 curat,
1391 4624 1464 4677 sicut
1484 4620 1581 4675 Achab
1599 4619 1774 4689 Nabothum,
1799 4621 1902 4692 gravis·

207 4706 256 4759 sed
284 4705 319 4759 de
345 4706 481 4775 mediato,
513 4706 587 4777 qnod
614 4706 647 4761 fit
673 4725 723 4778 per
751 4707 875 4765 homines
901 4666 1137 4801 lapidibusisime
1160 4718 1272 4783 peccat,
1301 4709 1356 4764 alia
1379 4725 1443 4763 vcro
1470 4713 1498 4763 et
1521 4707 1604 4778 plane
1627 4706 1735 4762 diversa
1762 4713 1807 4761 cst
1823 4707 1900 4771 ratis,

140 4807 143 4811 ·
206 4790 306 4847 bovem
333 4799 512 4862 cornupetam
539 4793 700 4863 obruentes,
727 4794 927 4864 accipiendum.
964 4797 1042 4854 Idem
1070 4798 1180 4872 quando
1204 4797 1382 4869 magistratus
1405 4796 1464 4848 Dei
1481 4794 1624 4864 judicium
1648 4794 1780 4849 adversus
1797 4793 1902 4848 facino·

202 4877 339 4947 judicium
362 4877 398 4932 de
419 4879 544 4934 membro
573 4885 713 4951 sequente.
757 4880 865 4947 Tertio,
899 4885 934 4936 ric
957 4902 1042 4938 mana
1068 4901 1143 4940 rosos
1171 4890 1279 4940 exercet
1307 4889 1335 4938 et
1359 4881 1483 4952 gladium
1509 4881 1642 4937 adversus
1666 4888 1758 4935 sontes
1779 4880 1899 4952 stringit.

204 4966 260 5018 ciri
276 4966 383 5031 fratris
396 4966 612 5035 cirsreqairam
623 4969 747 5021 arissam
765 4970 893 5033 bominis,
912 4969 1041 5025 nimirum
1068 4972 1127 5028 Nec
1152 4978 1208 5035 eet,
1237 4970 1311 5042 qnod
1337 4968 1513 5037 obvertatur,
1545 4969 1629 5022 etiam
1653 4969 1823 5023 homicidum
1842 4985 1901 5022 ease

204 5066 255 5122 per
280 5052 472 5123 magistratum
499 5053 650 5121 ordinarie,
681 5058 713 5108 nt
736 5056 861 5125 sequitur
885 5056 1041 5126 explicatio,
1068 5059 1110 5111 ad
1133 5053 1281 5124 imaginem
1306 5056 1367 5110 Dci
1394 5057 1518 5121 facerem,
1541 5056 1665 5128 proinde
1694 5056 1790 5125 uigore
1816 5057 1901 5124 baricis

204 5137 249 5193 vel
268 5139 291 5192 si
310 5138 488 5209 magistratus
509 5139 592 5194 fuerit
607 5139 761 5213 negligens,
780 5141 846 5196 item
859 5142 881 5195 si
902 5142 1039 5214 quaedam
1053 5125 1188 5207 trationis
1213 5161 1267 5195 noa
1292 5157 1352 5195 erac
1369 5142 1461 5211 ipsam
1485 5160 1504 5196 c
1523 5144 1691 5210 magistrata
1708 5143 1900 5212 occidendam,

204 5224 354 5280 homicidia
372 5225 499 5280 notitiam
518 5227 578 5297 eius
592 5225 736 5297 effugiant,
755 5228 971 5283 extraordinarie
990 5213 1055 5299 peri
1068 5229 1213 5284 diversitas
1233 5228 1305 5283 enim
1332 5227 1416 5301 longe
1433 5229 1552 5284 maxima
1570 5228 1660 5284 elucet
1678 5245 1712 5284 ex
1735 5229 1796 5301 ipso
1812 5236 1897 5285 textu.

204 5328 249 5367 me
267 5313 365 5383 ipsum.
399 5313 442 5366 Ac
460 5313 529 5365 latet
547 5311 593 5366 bic
613 5328 684 5366 nora
703 5314 790 5383 ratio,
815 5331 900 5385 quare
916 5315 1040 5371 homines
1052 5294 1055 5359 l
1068 5316 1130 5372 Non
1148 5316 1215 5369 licet
1233 5315 1373 5371 deshnere
1392 5316 1541 5387 imaginem
1560 5314 1612 5370 Dei
1631 5332 1686 5370 non
1701 5316 1898 5388 praecipiente,

204 5399 372 5454 acaedihns
390 5399 442 5453 sibi
462 5404 559 5454 mutuo
578 5398 729 5455 inferendis
752 5400 891 5457 abstinere
910 5401 1038 5472 debcant,
1068 5401 1133 5456 licet
1159 5406 1251 5457 entem
1276 5401 1337 5474 ipso
1363 5402 1514 5458 mandante
1539 5417 1573 5456 ac
1599 5402 1791 5473 praecipiente
1836 5403 1898 5459 Non

205 5485 273 5555 quia
292 5490 357 5539 sunt
372 5485 473 5540 iratres
493 5501 526 5539 ac
545 5485 662 5557 proinde
679 5485 717 5541 ad
741 5488 828 5542 vitam
845 5493 943 5544 mutuo
958 5495 1038 5545 tuen·
1067 5489 1203 5560 praecipit
1233 5506 1284 5545 nec
1319 5488 1454 5561 permittit
1482 5488 1559 5543 Deus
1587 5464 1735 5561 imaginem
1763 5504 1841 5545 suam
1869 5490 1898 5544 in

206 5570 279 5639 dam,
297 5587 354 5627 non
376 5570 541 5628 laedendam
564 5571 688 5644 obligati.
723 5573 839 5645 Quarto,
867 5577 917 5645 qai
935 5577 1037 5647 cffirdc-
1069 5575 1180 5631 homine
1209 5575 1355 5632 innocente
1387 5592 1405 5630 a
1434 5574 1542 5647 privato
1561 5573 1678 5642 destrui,
1707 5576 1808 5650 quodsi
1832 5592 1898 5634 vero
