4020 6014
650 209 699 263 DE
718 207 943 264 MINISTERIO
960 206 1263 269 ECCLESIASTICO.
1736 223 1793 281 lto

105 361 214 432 proprio
232 365 372 416 contemto
384 360 559 431 presbyterio
572 360 612 415 ibi
629 361 697 416 velit
709 360 935 429 missamandire,
964 359 1029 416 uide
1055 362 1208 417 reddantur
1233 363 1394 419 audaciores
1420 379 1456 419 ac
1477 363 1666 420 calumniandi
1685 368 1796 423 occasio

105 463 184 518 quern
213 447 237 501 si
258 447 432 510 'invenerint
464 447 558 501 statim
583 447 620 500 ab
648 447 767 503 ecclesia
793 447 934 518 abjiciant.
962 444 1029 516 ipsis
1052 446 1225 517 praebeatur.
1263 450 1347 506 1.Νο
1371 450 1519 505 videantur
1542 467 1605 505 cum
1631 451 1796 506 adversariis

103 539 127 589 3.
149 533 177 587 Δ
194 533 307 588 demeto
326 532 435 586 concssii
454 532 688 602 carthaginensis,
707 532 752 586 cui
772 532 885 602 placuit,
905 538 937 586 ut
961 530 990 583 in
1009 532 1195 602 confessione,
1214 536 1295 604 cujus
1312 536 1441 605 symbola
1458 537 1528 591 ritus
1548 535 1731 592 ecclesiastici
1747 537 1797 592 ha·

102 635 121 672 a
136 618 213 673 nullo
231 619 362 688 episcopo
379 616 476 687 plebes
504 617 611 672 alienae
634 634 686 672 nec
711 617 813 688 ahquis
830 617 935 687 episco·
961 615 1074 680 beetur,
1104 618 1260 685 colludere,
1285 621 1335 675 ssd
1352 621 1439 676 verbo
1455 627 1484 677 et
1506 622 1589 676 factis
1608 622 1637 676 in
1657 622 1709 678 hoo
1728 639 1797 678 casu

99 720 155 773 pus
173 703 401 774 supergrediatur
418 702 445 755 in
465 702 584 757 dioecesi
596 719 676 756 suum
687 703 832 774 collegam.
853 708 876 756 4.
889 701 935 754 Ab
947 712 949 746 1
962 702 1140 758 confessionis
1152 705 1263 760 veritati
1276 707 1369 776 potius
1384 707 1452 763 dunt
1472 708 1668 777 testimonium,
1695 707 1758 763 Gal.
1772 713 1796 776 1,

101 790 269 845 aucwmtate
292 788 426 860 Cypriani
449 789 511 843 libr.
539 796 561 843 1.
588 789 661 859 epist
693 795 716 844 3.
742 805 814 859 quae
831 794 873 843 est
893 760 985 842 tta'v.
1001 794 1029 842 5:
1048 790 1114 843 Nou
1127 793 1258 844 cessimus
1271 793 1332 845 illis
1350 794 1530 862 subjectione,
1550 802 1580 847 ut
1593 796 1697 848 omma
1715 811 1797 848 eoos·

40 872 44 879 ’
101 877 131 929 in
147 875 245 930 codice
262 873 408 930 Goulartii.
447 873 571 945 Singulis
591 873 747 943 pastoribus
765 873 855 944 portio
874 873 1031 943 gre-19le
1045 887 1212 943 percensent
1240 881 1319 947 apud
1345 898 1401 932 sios.
1443 885 1467 935 2.
1485 879 1547 934 Cor.
1567 886 1595 944 6,
1620 896 1646 936 v.
1670 886 1712 935 14:
1737 881 1796 933 No-

104 960 147 1031 gis
165 967 208 1015 est
226 961 376 1030 adscripta,
396 976 480 1030 quam
493 965 573 1031 regat
588 960 779 1030 somnisque
792 966 820 1014 ot
834 956 936 1029 guber·
960 960 1117 1030 litsjupam
1127 966 1228 1018 dmm
1243 981 1306 1018 eum
1320 966 1490 1032 infidelitas.
1524 971 1545 1020 1.
1558 965 1655 1023 Thess.
1670 973 1694 1036 5,
1705 983 1732 1020 u.
1747 971 1797 1022 22³

104 1054 163 1113 net3
180 1046 315 1100 rationem
328 1045 469 1099 suiectus
487 1045 608 1100 Domino
629 1045 796 1110 redditurus,
822 1043 936 1099 lutheri
962 1046 1006 1098 Ao
1023 1049 1099 1100 omni
1115 1050 1207 1117 specie
1225 1052 1302 1104 mola
1319 1052 1461 1104 oscinere.
1501 1058 1525 1106 4.
1547 1051 1590 1107 Ne
1615 1050 1731 1105 infirmis
1751 1067 1797 1106 oc·

102 1139 165 1187 tom.
186 1138 213 1186 5.
231 1131 359 1187 Jenensis
381 1133 507 1186 German.
525 1131 574 1187 fol.
592 1136 633 1186 to.
644 1131 674 1185 in
692 1131 762 1200 expl.
775 1131 879 1184 Psalm.
893 1136 935 1185 82.
947 1159 949 1199 ς
961 1132 1101 1186 cerionem
1120 1134 1244 1189 scandali
1264 1135 1424 1205 praebeant
1441 1136 1481 1189 illi
1496 1136 1570 1190 enim
1587 1138 1611 1190 si
1630 1137 1659 1190 in
1675 1138 1796 1209 gratiam

103 1217 293 1273 Bidcmbachii
321 1218 418 1272 decad.
443 1223 467 1272 2.
491 1216 589 1271 concil.
615 1224 640 1273 4.
670 1216 745 1287 quod
769 1222 812 1270 est
837 1217 935 1270 Hiero-
948 1204 1181 1287 iuduemariorum
1208 1222 1278 1277 tales
1303 1223 1469 1278 mutationes
1491 1224 1594 1293 suscipi
1623 1222 1737 1293 rident,
1766 1226 1796 1278 in

103 1304 179 1374 nymi
197 1302 327 1359 Mencelii
344 1319 409 1374 pag.
428 1309 469 1358 99.
491 1302 588 1358 decad.
607 1308 631 1357 3.
653 1319 728 1358 cons.
754 1307 777 1357 6.
802 1303 876 1372 quod
895 1307 937 1356 est
962 1301 1162 1359 dubitationem
1181 1306 1216 1361 de
1235 1308 1352 1362 verimte
1376 1314 1405 1362 et
1429 1307 1588 1362 sinceritate
1614 1308 1796 1364 confessionis

105 1388 205 1444 lilesn.
226 1387 371 1443 Hesshusii
396 1405 460 1459 pag.
483 1393 539 1444 118.
577 1395 600 1444 o.
618 1388 645 1442 A
662 1389 731 1457 pari.
773 1387 937 1441 Concionari
960 1386 1043 1444 facile
1061 1390 1252 1460 conjiciuntur.
1296 1391 1394 1462 Neque
1411 1398 1454 1447 est
1473 1393 1547 1463 quod
1567 1392 1734 1448 obtendatur
1752 1395 1798 1448 cel

104 1474 175 1529 enim
192 1475 221 1528 in
241 1474 332 1528 aliena
347 1473 480 1544 parochia
502 1473 590 1527 invito
615 1479 725 1543 pastore
742 1473 846 1528 nemini
863 1473 936 1541 licet,
961 1474 1026 1541 ipsu
1043 1475 1147 1527 situm
1166 1476 1335 1548 ἀδιαφορία,
1364 1494 1398 1531 ea
1417 1477 1489 1530 enim
1515 1477 1544 1531 in
1563 1494 1630 1532 casu
1649 1478 1797 1533 contessio-

105 1577 153 1617 nec
179 1560 323 1630 baptisare
351 1576 403 1614 nec
428 1559 558 1630 copulare
581 1576 749 1631 quenquam.
784 1560 860 1629 Ergo
884 1574 936 1612 nec
962 1558 1005 1611 nis
1024 1566 1131 1621 cessat,·
1147 1563 1192 1613 sel
1211 1563 1519 1631 melmicccoooordiq
1537 1564 1654 1618 eaenim
1669 1579 1797 1619 neccum

104 1646 246 1702 absolvere
270 1663 303 1701 ex
327 1646 419 1701 aliena
447 1647 529 1717 eique
552 1646 694 1717 porrigere
727 1662 854 1709 coenum,
884 1643 936 1698 etsi
963 1644 1128 1700 detrimento
1147 1647 1286 1712 temtans,
1312 1664 1363 1702 nec
1384 1665 1446 1704 cum
1467 1650 1598 1703 seandalo
1616 1649 1797 1715 infirmorum,

105 1731 207 1787 ibidem
227 1731 331 1787 habeat
348 1731 442 1786 villam
461 1739 511 1787 aut
531 1732 689 1802 praedium,
717 1732 766 1787 sed
785 1739 878 1786 umen
897 1730 937 1784 al-
948 1760 951 1799 ,
962 1745 1013 1784 neo
1031 1748 1094 1784 enm
1113 1731 1250 1787 libertatis
1268 1733 1418 1789 violatione
1442 1736 1614 1805 quaerenda;
1641 1737 1684 1789 osl
1709 1753 1797 1790 ecem·

105 1819 188 1873 tesius
216 1818 361 1888 paroeciae
385 1818 422 1872 sit
446 1818 608 1874 membrum.
646 1824 671 1874 o.
697 1816 744 1871 Ab
767 1817 874 1872 effectis
896 1802 1040 1885 in·!plum
1059 1818 1195 1886 apostoli,
1223 1818 1274 1886 qui
1296 1836 1326 1871 se
1348 1821 1476 1873 omuibus
1500 1822 1594 1873 omnis
1612 1823 1719 1881 facusm
1737 1839 1797 1877 esse

106 1903 264 1957 commodis.
308 1902 481 1958 Turbarctur
509 1904 578 1958 ordo
616 1902 748 1957 divinitus
784 1886 1080 1989 institutus,!testntur
1107 1910 1127 1958 1.
1153 1902 1276 1957 Corinth.
1301 1909 1331 1968 9,
1358 1922 1385 1960 u.
1408 1911 1449 1961 22.
1473 1906 1700 1977 distinguendum
1723 1908 1796 1963 enim

106 1988 288 2044 ministerium
326 1989 470 2043 orthodoxi
503 1990 621 2059 putoris
651 1994 884 2051 contemneretur,
914 1986 937 2040 si
962 1987 1035 2041 inter
1053 1987 1152 2042 iratres
1170 1987 1292 2043 infirmos
1311 1995 1339 2043 et
1354 1990 1509 2060 pertinaces
1530 1992 1709 2063 evangelicae
1727 1995 1797 2048 verl-

106 2075 166 2145 qnis
184 2075 222 2128 ad
241 2075 362 2129 alienum
376 2081 515 2145 pastorem
529 2075 607 2130 abire
625 2074 759 2129 vellet.*'¹
962 2073 1028 2127 tatis
1043 2074 1224 2143 adversarios.

10 2165 92 2213 lunum
138 2165 198 2216 288.
239 2159 353 2215 Sextum
371 2160 503 2216 ecclesiae
521 2162 707 2216 ministrorum
731 2158 852 2215 officium
878 2175 937 2213 ver·
999 2165 1057 2216 1811.
1093 2159 1247 2230 Septimum
1265 2160 1386 2231 denique
1404 2160 1588 2216 ministrorum
1612 2162 1734 2218 officium
1754 2170 1920 2224 estimans·-

10 2223 90 2317 :fflg
106 2252 182 2300 satur
218 2246 249 2298 iss
286 2247 391 2299 mosum
427 2247 681 2300 ecclesiasticorum
719 2244 936 2299 conservatione.
960 2262 1119 2314 postposui-m
1144 2264 1214 2299 cura
1239 2255 1266 2300 st
1291 2255 1468 2313 aegrotorum
1491 2249 1623 2304 resitutio.
1661 2250 1741 2313 Quod
1760 2252 1797 2306 od
1810 2233 1925 2323 ζῗᾞ·

10 2331 73 2418 232³·
107 2331 248 2385 hrstitntio
275 2330 388 2402 quidem
411 2331 519 2385 illorum
547 2331 650 2385 situum
676 2347 731 2385 non
754 2330 875 2400 pertinet
901 2327 937 2381 ad
964 2347 1057 2385 curam
1075 2346 1229 2401 pauperum
1247 2331 1355 2398 attinet,
1374 2347 1435 2386 eam
1454 2333 1571 2386 ministri
1591 2334 1724 2390 ecclesiae
1742 2328 1926 2417 umber-utba

107 2416 178 2471 solos
197 2416 331 2472 ecclesiae
349 2417 501 2480 ministros,
520 2417 570 2470 sed
589 2416 670 2470 simul
690 2417 727 2470 ad
744 2416 937 2487 magistratum
965 2416 1102 2471 debeata
1120 2434 1150 2471 se
1166 2417 1284 2471 alienam
1300 2417 1471 2485 existimare,
1501 2424 1522 2473 1.
1542 2433 1606 2472 cum
1623 2418 1748 2475 Christus
1767 2422 1797 2475 in
1890 2406 1896 2417 ⁸

106 2501 292 2557 Christianum
308 2517 343 2557 ae
360 2501 447 2557 totius
464 2501 599 2557 ecclesiae
612 2517 749 2556 consensu
767 2500 828 2555 lieri
847 2499 938 2565 debet,
965 2519 1014 2557 suo
1032 2502 1185 2557 ministerio
1200 2502 1363 2573 diligentem
1380 2518 1533 2573 pauperum
1557 2520 1653 2559 curam
1669 2506 1798 2563 habuerit

106 2588 216 2642 interim
242 2595 338 2643 tamen
364 2587 497 2641 ministris
524 2594 600 2642 recte
627 2588 760 2642 tribuitur
789 2587 939 2641 eorundem
964 2587 1028 2642 Joh.
1050 2592 1090 2657 13,
1109 2605 1134 2642 v.
1147 2594 1188 2644 29.
1221 2595 1242 2644 1.
1261 2588 1332 2643 Cum
1352 2587 1458 2642 Paulus
1475 2590 1511 2643 de
1529 2590 1652 2645 collectis
1671 2592 1700 2645 in
1717 2609 1798 2647 nsum

108 2673 290 2740 consemtio,
307 2691 343 2729 ne
361 2673 468 2730 scilicet
482 2673 592 2744 privato
612 2674 726 2729 arbitrio
744 2672 813 2727 ritus
826 2671 940 2742 publica
965 2679 1123 2728 sanctorum
1155 2677 1183 2727 in
1215 2674 1338 2728 ecclesiis
1373 2673 1502 2728 Galatiae
1536 2681 1565 2728 et
1595 2676 1799 2732 Corinthiorum

105 2759 239 2814 ecclesiae
264 2759 428 2814 aucmfitate
451 2767 578 2829 receptos
600 2766 710 2814 mutent
732 2759 776 2814 vel
795 2759 939 2829 abrogent,
965 2759 1152 2814 ordinationes
1173 2759 1284 2827 fecerit,
1311 2766 1332 2814 1.
1351 2759 1474 2814 Corinth.
1498 2766 1542 2826 lo,
1569 2777 1595 2812 v.
1617 2767 1638 2816 1.
1662 2761 1755 2817 Galat.
1774 2769 1799 2831 1,

106 2846 154 2900 sed
182 2845 304 2901 tuendae
327 2844 490 2900 concordiae
520 2848 549 2899 et
580 2843 784 2914 promovendae
815 2844 940 2905 εὐταξίας
964 2863 989 2897 v.
1008 2852 1039 2901 9:
1064 2846 1204 2912 Jacobm,
1234 2845 1346 2914 Coptos
1364 2853 1390 2897 ct
1407 2846 1556 2898 Johaassea
1574 2847 1713 2899 dedomo&
1730 2848 1801 2901 misi
1904 2887 1906 2891 >

106 2946 191 2985 causa
214 2948 261 2986 eos
284 2937 455 2986 conservent.
497 2930 630 2993 Quamvis
659 2929 732 2984 enim
758 2928 938 2983 ecclesiastici
965 2938 992 2983 et
1018 2932 1173 2984 Barnabae
1197 2933 1327 2984 docteres
1345 2931 1486 2984 societatis
1511 2937 1564 2987 etc.
1583 2948 1609 2983 v.
1630 2938 1670 2987 lo.
1692 2941 1800 2986 tautam

106 3018 175 3071 riuis
198 3033 251 3071 sua
272 3022 371 3071 natura
396 3016 453 3073 sint
470 3013 632 3088 ἀδιάφοροι,
656 3032 718 3069 cum
736 3014 765 3067 in
781 3014 866 3070 verbo
885 3013 939 3068 Dei
964 3023 994 3068 αι
1010 3034 1167 3085 pauperum
1186 3031 1321 3070 mmores
1332 3032 1461 3082 asemas,
1479 3019 1557 3086 meod
1573 3019 1657 3071 stiam
1674 3018 1801 3073 solicitas

106 3119 196 3173 neque
218 3103 372 3172 praecepti,
398 3119 489 3172 neque
508 3100 640 3172 prohibiti
663 3101 732 3168 sint,
760 3116 812 3155 nec
829 3104 938 3169 partem
964 3104 1025 3170 fui,
1056 3111 1086 3155 ut
1117 3105 1249 3165 facerem.
1290 3107 1314 3157 3.
1352 3102 1422 3157 Cum
1454 3103 1483 3156 in
1511 3104 1651 3173 primitiva
1682 3105 1800 3160 ecclesia

107 3188 227 3259 aliquam
253 3189 344 3243 enltns
373 3188 461 3243 divini
490 3205 539 3258 per
568 3204 599 3242 se
631 3187 815 3250 constituant3
847 3193 940 3239 tamen
966 3187 1072 3258 ἀγάπαι
1095 3190 1152 3244 sive
1176 3189 1289 3259 publica
1313 3189 1440 3243 convivia
1456 3190 1486 3242 in
1510 3206 1591 3243 usum
1608 3206 1800 3259 pauperrima

108 3290 201 3329 eorum
229 3273 375 3345 abrogatio
397 3291 455 3328 non
479 3273 564 3328 debet
585 3272 646 3328 fieri
671 3273 707 3327 ab
730 3289 787 3326 una
804 3271 941 3326 dusstuat
966 3275 1100 3329 ministris
1119 3275 1253 3331 ecclesiae
1271 3293 1304 3329 er
1326 3276 1448 3331 collectis
1465 3274 1570 3329 fuerint
1589 3275 1723 3329 instituta
1764 3275 1799 3328 In

108 3359 241 3415 ecclesiae
259 3366 353 3429 parte,
382 3377 418 3414 ne
437 3359 636 3416 arbitrarisne
661 3358 808 3414 temeraria
826 3358 875 3412 illa
891 3356 940 3411 ab·
965 3361 1081 3417 concilio
1109 3361 1214 3432 Cangr.
1238 3377 1261 3416 c.
1292 3367 1334 3416 ll:
1368 3361 1402 3415 si
1426 3362 1489 3429 quis
1513 3360 1632 3430 despicit
1659 3377 1723 3423 eos,
1751 3359 1802 3428 qrss'

107 3447 250 3518 rogatione
270 3450 292 3501 1.
310 3451 441 3514 peccetur
458 3450 555 3500 contm
569 3443 754 3498 Christianam
774 3444 940 3506 libertatem,
961 3448 1088 3516 fideliter
1105 3466 1227 3517 agapas,
1257 3450 1308 3501 hoc
1336 3454 1377 3500 est
1401 3447 1527 3500 αοααίυία
1547 3463 1705 3514 pauperum
1725 3446 1799 3499 eslii·

108 3534 187 3601 cujus
207 3548 289 3585 nsum
308 3530 468 3585 moderatur
488 3530 603 3594 carius,
619 3530 696 3601 'quae
722 3529 870 3600 diligenter
895 3544 940 3582 oa·
967 3534 1029 3586 bsnt
1047 3541 1073 3586 et
1086 3541 1207 3601 propter
1224 3534 1355 3586 bonorem
1375 3531 1496 3585 Domini
1513 3538 1664 3584 convocant
1680 3533 1799 3594 fratres,

108 3625 167 3684 vet,
202 3633 238 3671 ne
265 3623 442 3686 praepostero
474 3615 689 3686 adiaphororum
719 3632 771 3670 usu
800 3615 941 3685 proximus
967 3628 994 3673 et
1012 3620 1132 3673 uoluerit
1155 3620 1359 3673 communicas-c
1378 3617 1572 3686 hujuscemodi
1595 3617 1800 3670 convocationi·

108 3702 309 3758 scandalizetur
331 3702 448 3758 Roman.
474 3707 523 3771 11,
545 3720 572 3755 v.
601 3708 640 3757 lo.
679 3709 700 3757 l.
729 3700 791 3756 Cor.
814 3707 844 3770 a,
869 3718 895 3755 u.
915 3705 939 3756 9.
966 3707 1017 3758 tiss
1043 3705 1128 3772 prorui
1156 3707 1289 3772 pendeas,
1318 3705 1394 3771 quod
1422 3705 1541 3770 pedem,
1574 3703 1723 3756 anathemo
1754 3705 1799 3756 sit.
1845 3721 1848 3727 ·

108 3794 130 3845 2
162 3806 231 3844 nese
260 3787 377 3843 violetur
415 3786 526 3849 εὐταξία
557 3794 586 3842 et
611 3788 762 3842 auctoritas
793 3787 939 3855 ecclesiae,
966 3790 1097 3854 Quamvis
1121 3805 1187 3844 vero
1211 3790 1240 3843 in
1265 3789 1326 3859 ipsa
1350 3788 1503 3858 apostolica
1528 3789 1716 3844 ecelesiastica
1741 3791 1800 3842 dss-

109 3882 132 3931 3.
153 3875 273 3945 denique
292 3890 327 3929 ne
346 3874 496 3929 contemtui
522 3873 658 3929 habeatur
676 3879 857 3944 praeceptum
875 3889 939 3943 apo
967 3882 1046 3930 κονία
1065 3877 1206 3946 τραπεζῶν
1223 3892 1241 3930 a
1257 3874 1408 3929 ministerio
1419 3874 1497 3928 verbi
1515 3874 1600 3929 fuerit
1612 3874 1744 3930 distincta
1764 3890 1798 3932 ao

107 3962 251 4025 stolicum,
272 3962 348 4033 quod
366 3961 396 4015 in
412 3961 516 4015 rituum
534 3960 783 4016 ceclesiasticorum
803 3960 846 4014 sel
864 3958 939 4013 insti·
967 3963 1049 4017 certis
1078 3962 1244 4032 quibusdam
1266 3961 1391 4032 personis
1416 3960 1576 4029 commissa,
1612 3978 1684 4031 quae
1707 3979 1740 4017 ex
1766 3978 1799 4017 eo

107 4050 214 4104 tutione
238 4048 283 4102 uel
309 4047 491 4118 abrogatione
526 4046 618 4101 omnia
641 4045 701 4100 fieri
728 4045 848 4100 debeant
872 4046 942 4114 πρὸς
968 4047 1131 4104 dicebantur
1150 4047 1258 4101 diaconi
1278 4049 1373 4101 Actor.
1393 4052 1418 4114 6,
1437 4063 1462 4102 v.
1482 4053 1506 4105 t.
1525 4047 1694 4116 adquorum
1711 4064 1801 4102 exem·

108 4132 262 4205 οἰκοδομήν
282 4139 303 4187 1.
325 4132 447 4188 Corinth.
468 4138 513 4200 14,
539 4150 565 4184 v.
587 4138 625 4187 12.
661 4132 839 4201 Consequens
856 4129 941 4199 hujus
967 4133 1044 4204 plum
1076 4132 1209 4204 praefecti
1241 4132 1343 4187 aerarii
1374 4131 1554 4186 ecclesiastici
1590 4132 1682 4187 adhuc
1718 4132 1802 4186 hodie

108 4220 221 4277 canonis
240 4226 298 4287 est,
323 4219 398 4289 quod
417 4217 545 4273 hostibus
564 4217 688 4272 veritatis
708 4216 941 4271 introductionem
966 4219 1182 4285 constituuntur,
1201 4218 1304 4290 quibus
1322 4216 1572 4271 ecclesiasticorum
1590 4217 1725 4272 bonorum
1745 4216 1800 4272 col-

109 4315 137 4361 et
160 4305 370 4377 abrogationem
397 4304 517 4375 alicujus
541 4303 621 4367 ritus*
634 4303 813 4358 ecclesiastici
841 4320 941 4374 urgen·
967 4306 1048 4360 lectio
1067 4311 1096 4360 et
1111 4304 1282 4375 dispensatio
1299 4302 1494 4368 committitur3
1510 4309 1603 4356 tamen
1622 4319 1678 4356 non
1697 4301 1801 4357 debent

108 4394 182 4448 tibus
200 4392 319 4446 ministri
335 4390 476 4459 ecclesiae,
495 4390 655 4461 nequidem
674 4389 710 4444 ad
730 4389 826 4442 horam
843 4389 942 4444 cedere
967 4399 1113 4463 propterea
1135 4389 1268 4445 ecelesiae
1292 4388 1408 4442 ministri
1423 4387 1559 4456 judicare,
1583 4403 1736 4457 pauperum
1754 4401 1802 4440 cn·

109 4478 244 4545 debeant,
277 4485 301 4535 1.
326 4494 361 4532 ne
387 4477 501 4532 libertas
531 4475 690 4532 Christiana
718 4475 941 4530 adversariorum
967 4497 1027 4534 ram
1045 4479 1081 4531 ad
1099 4494 1129 4531 se
1145 4476 1215 4531 nihil
1232 4475 1365 4540 attinere,
1381 4474 1432 4528 sed
1450 4479 1509 4527 tum
1527 4473 1625 4528 crebra
1643 4473 1680 4526 ad
1699 4470 1802 4526 beneti-

108 4564 218 4620 libidini
229 4563 401 4635 'subjiciatur
419 4570 448 4618 et
467 4563 520 4617 snb
536 4564 638 4634 jugum
656 4562 799 4617 hominum
817 4562 941 4632 captive·
968 4565 1087 4618 centiam
1115 4579 1182 4632 erga
1204 4576 1341 4632 pauperes
1361 4558 1542 4613 exercendam
1567 4556 1723 4610 auditorum
1742 4572 1804 4610 suo·

109 4659 162 4717 tur,
181 4650 244 4706 Cal.
265 4658 288 4715 5,
309 4667 334 4704 v.
355 4657 383 4705 1:
402 4651 439 4704 Io
458 4650 669 4718 libertateque
683 4648 811 4702 cbristus
828 4667 876 4703 cos
894 4651 943 4703 do-
968 4666 1028 4704 rum
1048 4647 1246 4714 exhortatione,
1264 4651 1324 4700 tum
1341 4643 1538 4714 hospitalitatis
1561 4648 1589 4696 et
1605 4640 1804 4696 beneficentiae

11 4747 97 4793 titiis.
110 4739 202 4802 suad,
234 4744 306 4790 stote
343 4745 370 4790 et
400 4736 489 4789 nolite
511 4736 585 4804 jugo
616 4735 760 4789 smmis
789 4735 943 4803 implicari.
968 4733 1108 4804 exemplo,
1137 4739 1197 4786 tum
1223 4731 1323 4786 amasii
1342 4728 1522 4785 ecclesiastici
1545 4727 1716 4796 inspectione
1734 4742 1804 4796 pau·

114 4833 136 4880 1.
156 4822 217 4878 Cor.
239 4830 263 4890 l,
281 4840 307 4877 v.
327 4827 375 4877 23:
393 4821 492 4875 Pretio
507 4821 573 4875 emti
589 4821 663 4885 estis,
683 4820 770 4874 mitte
787 4822 853 4885 fieri
868 4822 946 4876 servi
970 4837 1066 4893 perum
1091 4818 1186 4874 usibus
1210 4817 1386 4873 subveniant.
1420 4814 1605 4883 Aegrotornm
1631 4812 1753 4867 visitatio
1770 4829 1805 4868 eo

110 4911 258 4965 bominum.
293 4906 492 4978 Sicapostolus
510 4899 586 4960 lalsis
603 4905 745 4973 fratribus,
763 4907 811 4977 qui
831 4908 945 4963 cirum
970 4907 1081 4963 nomine
1104 4905 1238 4960 ecclesiae
1263 4902 1389 4957 ministro
1413 4899 1497 4954 debet
1519 4915 1579 4953 esse
1603 4899 1805 4968 commendata,

111 4998 257 5064 cisionem,
281 5010 353 5065 quse
371 5000 438 5048 tunc
456 4990 588 5060 temporis
605 4997 666 5046 erat
684 4989 854 5063 ἀδιάφορος,
883 4998 944 5048 tan·
971 4993 1045 5065 quod
1073 4992 1113 5047 illi
1140 4991 1185 5046 vel
1213 4990 1330 5044 maxime
1357 4984 1520 5056 evangelica
1549 4984 1736 5040 consolatione
1753 4983 1804 5040 eri·

113 5099 196 5152 quam
213 5079 399 5136 necessariam
415 5076 571 5148 urgebant,
596 5092 631 5129 ne
651 5079 765 5145 quidem
788 5081 945 5134 aditorum
971 5079 1055 5151 gendi
1085 5083 1114 5134 et
1146 5083 1243 5133 contra
1274 5072 1369 5129 mortis
1399 5077 1531 5125 terrorem
1558 5070 1712 5125 instruendi
1741 5069 1804 5126 sint.

111 5169 199 5222 soluit
218 5169 325 5231 cedes,
345 5164 424 5220 utin
438 5163 503 5219 lito
521 5161 762 5233 eamadmitteret,
780 5167 944 5220 subisti-oie·
971 5166 1034 5221 Hac
1062 5165 1098 5219 de
1126 5182 1156 5220 re
1182 5165 1223 5218 ita
1246 5158 1383 5233 praecipit
1406 5164 1494 5213 const.
1522 5157 1590 5214 eccl.
1609 5157 1687 5212 elect.
1705 5155 1805 5210 Saron.

110 5263 176 5308 rosit
193 5255 266 5308 ssim
278 5253 327 5308 illi
339 5255 381 5306 od
393 5250 598 5320 explorandus
610 5248 765 5325 libertatem
782 5251 812 5303 in
826 5250 946 5316 etstan,
972 5252 1088 5308 articqu
1107 5250 1227 5322 generali
1251 5254 1290 5305 11.
1307 5245 1354 5300 fol.
1372 5250 1438 5299 3³2:
1464 5244 1503 5300 Cb
1528 5244 1609 5313 lollttt
1632 5242 1672 5298 bis
1696 5243 1807 5311 illuster

111 5349 141 5394 ut
159 5343 189 5395 is
210 5341 370 5394 servimen
385 5339 451 5407 pios
468 5339 635 5392 reducerent
648 5332 712 5389 Gal.
726 5340 751 5403 1,
768 5352 794 5389 v.
814 5343 837 5392 1.
865 5343 888 5393 1.
902 5336 946 5393 Ne
972 5340 1026 5394 act
1045 5336 1239 5407 ttirqetbisnst
1258 5335 1297 5390 tis
1315 5330 1436 5400 ttuulsu,
1455 5332 1604 5395 tttttlttsu,
1622 5328 1808 5385 tetiumsttstt

111 5427 234 5482 cessione
252 5426 348 5497 eliqua
365 5423 531 5482 adversariis
547 5421 663 5478 tactain
681 5420 945 5491 suapsyehosyran·
973 5424 1091 5494 ottiltso
1117 5422 1242 5489 stmulo,
1271 5417 1410 5489 lectatio
1437 5418 1499 5473 oter
1525 5431 1555 5485 aa
1584 5414 1806 5484 &intentantes

1392 5520 1448 5577 to·
