4020 6014
207 349 268 408 250
786 344 908 402 moue
927 341 1130 401 wasemes
1148 341 1312 402 TERTIUS

1490 302 1502 331 b

207 498 257 565 out
283 515 385 567 equum
410 501 574 568 paschalem
601 503 754 555 comedunt.
790 500 877 554 Exod.
906 505 945 555 19.
971 513 1032 552 cum
1064 502 1106 552 eet
1123 497 1235 553 domare
1253 498 1344 552 carnis
1361 498 1614 568 concupiscentias,
1633 495 1682 552 sed
1702 494 1841 567 quidhoc
1860 495 1893 549 ad

183 584 327 655 ·populus
354 586 443 653 tapam
471 605 489 640 a
516 590 580 641 Deo
607 596 772 655 accepturus
798 593 883 651 esset,
910 587 951 639 uit
976 583 1036 636 illis
1062 584 1186 655 conjugii
1202 584 1436 655 prohibitionem?
1454 602 1520 639 num
1538 584 1567 638 iu
1587 600 1620 639 eo
1633 601 1688 638 nou
1701 582 1894 654 potestloeuru

208 671 339 738 Mopsus:
368 673 466 726 Estote
487 675 589 744 parati
611 674 642 726 in
665 673 738 725 diem
762 673 872 725 tertium
891 680 917 725 et
932 687 966 723 ne
987 688 1036 741 ap·
1063 668 1167 724 habere
1179 670 1465 741 concupiscentiarum
1476 667 1833 725 camaliammortilioatio?
1851 684 1895 723 ex·

81 761 194 807 mnae.
206 757 400 827 propinquetis
419 761 551 813 uomitus
568 759 683 827 uestris,
703 775 757 827 mro
778 758 932 812 testimonio
949 756 1037 808 utitm
1064 754 1134 808 clusi
1154 756 1240 826 igitur
1258 762 1340 811 erunt
1356 757 1499 827 conjugati
1517 773 1550 811 ex
1567 754 1747 826 pronuntiata
1765 754 1814 809 illo
1830 770 1894 823 apo

208 840 372 897 Ambrosius
398 845 443 898 lib.
463 850 485 898 1.
510 847 546 899 de
570 845 675 909 officiis
699 863 761 915 cap.
787 845 837 900 uit.
857 846 898 898 ad
913 843 1037 912 probam
1065 841 1169 905 etolieo,
1185 840 1248 896 Gal.
1268 848 1292 912 5,
1309 848 1394 897 att:
1416 842 1471 903 Qui
1490 840 1598 895 Christi
1608 849 1682 908 sunt,
1699 841 1897 904 moitiserunt
1928 875 1938 890 .

209 930 276 981 dem
299 930 495 984 cominentiam
509 932 694 996 polatensem.
729 931 818 986 Exod.
838 936 878 987 28.
894 927 1038 999 praecipit
1065 944 1177 981 comem
1196 947 1257 981 mem
1275 929 1494 999 arisoffectibus
1507 926 1782 996 aconcupiseentiis,
1800 925 1897 995 sicque

209 1015 304 1078 Deus,
332 1023 363 1069 ut
385 1019 486 1071 Aaron
511 1025 538 1071 et
561 1018 619 1080 filii
640 1024 714 1087 ejus,
740 1036 802 1071 eum
824 1017 1038 1086 inprederentur
1064 1012 1101 1066 ab
1118 1013 1179 1083 ipso
1194 1012 1306 1068 Christo
1323 1013 1427 1069 exclusi
1444 1020 1533 1069 erunt.
1568 1013 1719 1084 ”agnum
1736 1011 1901 1083 paschalem¹

208 1101 429 1169 tabernaculum,
457 1103 641 1167 seminalibus
665 1105 748 1159 linere
773 1123 792 1158 o
817 1103 930 1156 renibus
951 1118 1038 1170 usque
1064 1099 1247 1154 comedebant
1264 1117 1320 1154 non
1336 1104 1445 1154 mutum
1464 1098 1600 1168 coelibes,
1628 1099 1678 1154 sed
1696 1106 1725 1152 et
1742 1097 1896 1170 conjugati.

207 1187 247 1239 ad
267 1187 379 1250 femora
404 1190 468 1243 tecti
491 1198 594 1258 essem,
626 1207 681 1259 qrso
701 1192 787 1259 justa
812 1191 925 1243 Bedam
942 1188 989 1241 lit.
1010 1190 1037 1240 3.
1063 1183 1196 1239 Poterant
1229 1186 1314 1257 igitur
1352 1186 1436 1241 etiam
1465 1186 1608 1256 conjugati
1638 1201 1719 1240 renes
1748 1184 1897 1256 accingere

149 1270 156 1283 ⁸
207 1271 242 1324 de
267 1273 409 1330 tabernac.
434 1293 456 1330 c.
480 1279 506 1330 9.
532 1276 720 1345 sipns'ficatum
746 1284 803 1344 est,
828 1276 929 1328 debere
945 1291 1038 1327 socer·
1063 1277 1098 1337 et,
1122 1271 1197 1341 quod
1215 1271 1268 1327 hoe
1286 1278 1354 1342 typo
1372 1271 1593 1343 significabatur,
1616 1271 1709 1326 carnis
1725 1271 1897 1341 voluptatem

207 1359 286 1410 dotes
304 1360 342 1412 N.
364 1362 395 1414 Τ.
420 1369 470 1415 aut
489 1362 614 1432 eirqines
640 1379 712 1426 esse,
741 1369 789 1414 aut
813 1369 957 1415 contracta
975 1378 1035 1413 eum
1063 1357 1198 1412 edomare.
1235 1357 1309 1421 Quid
1327 1358 1419 1412 enim?
1444 1376 1511 1413 num
1528 1357 1569 1428 pii
1587 1359 1721 1428 conjuges
1740 1357 1831 1411 carnis
1848 1375 1896 1412 vo·

204 1445 335 1498 mortua
346 1448 466 1509 foedera
481 1449 650 1504 dissolvisse.
678 1453 702 1503 1.
719 1448 790 1504 Sam.
813 1450 897 1516 21,'v.
910 1447 1035 1502 enotuit
1063 1443 1198 1513 luptatem
1227 1462 1284 1499 uon
1318 1445 1464 1512 edomant,
1496 1444 1545 1498 sed
1577 1444 1701 1499 libidinis
1726 1444 1898 1500 exercendae

205 1529 382 1585 alchimelech
405 1535 539 1588 sorados
564 1539 635 1588 dare
660 1535 772 1587 Danieli
793 1550 885 1602 pones
903 1534 1037 1602 proposi·
1063 1545 1148 1583 cauea
1167 1529 1349 1592 cohahitent?
1372 1547 1409 1583 an
1426 1547 1482 1584 non
1499 1529 1568 1599 ipeie
1585 1544 1696 1600 quoqne
1716 1529 1836 1595 dictum,
1864 1534 1898 1585 ut

100 1638 103 1647 ·
205 1616 289 1669 εἰοοίε
305 1620 501 1688 comedendos,
531 1619 588 1673 nisi
606 1620 690 1691 prius
708 1620 900 1683 intellroisset,
923 1636 984 1672 aim
1002 1620 1036 1672 at
1065 1615 1226 1684 possideant
1243 1632 1292 1670 vas
1319 1617 1451 1671 suumin
1474 1615 1691 1670 saucblicatione
1709 1615 1782 1671 etc?
1813 1616 1843 1670 si
1861 1632 1898 1671 ex

206 1719 292 1756 auore
318 1705 497 1773 aliquamdiu
515 1722 545 1758 se
565 1706 748 1774 continuisse,
775 1721 807 1758 en
825 1723 879 1775 quo
897 1706 1035 1772 Hieronp-
1064 1702 1115 1756 hoe
1138 1701 1194 1756 ritu
1220 1703 1337 1757 infertur
1364 1702 1533 1772 coehbstne,
1558 1703 1610 1756 erit
1634 1702 1761 1757 omnibus
1778 1702 1897 1773 impera·

205 1807 265 1842 mus
285 1791 532 1849 includite
553 1792 676 1854 ἀιάοοίι,
700 1799 864 1860 perpetuam
882 1792 992 1860 requiri
1007 1793 1036 1844 in
1063 1794 1123 1857 tue,
1160 1788 1227 1859 quis
1256 1806 1350 1844 omnes
1375 1789 1445 1859 jussi
1476 1794 1555 1844 erant
1584 1805 1663 1843 renes
1695 1789 1899 1861 accingereee

206 1877 400 1929 sacerdotibus
427 1878 623 1931 continentiam
651 1879 735 1931 etiam
761 1879 797 1931 ab
815 1876 961 1944 usombus,
989 1877 1039 1946 qni
1065 1880 1089 1929 2.
1108 1875 1172 1930 Non
1197 1875 1262 1930 solie
1280 1875 1386 1930 Levitis
1405 1892 1423 1929 s
1439 1875 1538 1945 Moyse
1558 1880 1750 1947 praeceptum,
1776 1883 1808 1930 ut
1831 1884 1898 1933 aute

206 1979 308 2031 empus
328 1961 447 2026 elasa,
479 1966 557 2033 quod
575 1965 627 2019 silo
641 1982 718 2034 pane
730 1965 936 2037 propositionis
951 1965 1037 2031 siqni-
1064 1961 1313 2032 promulgationem
1335 1961 1407 2032 legis
1431 1962 1467 2016 ab
1493 1978 1608 2016 moram
1629 1963 1829 2017 consuetudine
1847 1962 1897 2018 ab·

206 2048 354 2116 icebatur,
372 2050 526 2114 confluunt,
547 2051 633 2104 edunt
651 2051 771 2121 aliisqrre
793 2052 918 2104 tradunt.
948 2051 1036 2104 Deni-
1063 2046 1211 2116 sanarent,
1241 2046 1292 2101 sed
1308 2047 1360 2102 toti
1378 2046 1490 2117 populo.
1527 2053 1551 2101 3.
1568 2047 1624 2101 Per
1643 2046 1787 2102 semermis
1804 2064 1896 2102 emer-

205 2139 353 2201 quaeat.
374 2135 473 2191 Parol.
493 2153 517 2192 e.
539 2138 629 2189 esu
651 2137 746 2189 Lucae
766 2141 790 2189 1.
807 2136 963 2205 colliqitur‚
990 2154 1036 2189 sa·
1065 2133 1159 2187 dotum
1175 2132 1360 2188 Leviticorum
1380 2133 1525 2188 denotetur
1543 2149 1610 2187 sane
1630 2133 1751 2193 mutas.
1769 2134 1896 2190 sedeam

205 2221 332 2272 cudatus
353 2220 385 2275 V.
407 2221 438 2276 T.
460 2237 516 2289 per
538 2222 612 2274 uices
637 2239 704 2274 asos
726 2223 872 2275 ministare
897 2223 995 2276 solitos
1012 2231 1037 2275 et
1063 2217 1177 2273 castitas
1200 2219 1284 2274 etiam
1309 2218 1465 2290 conjugatis
1488 2218 1525 2272 sit
1541 2218 1706 2285 communie,
1733 2224 1766 2272 ut
1788 2220 1817 2274 in
1840 2219 1896 2276 hoc

206 2312 263 2358 toto
282 2322 314 2358 eo
335 2314 474 2374 tempore,
505 2323 560 2376 quo
580 2306 780 2360 ministrabant
799 2309 828 2360 s'n
847 2309 1037 2373 tabernaculo,
1064 2305 1123 2375 ipso
1140 2321 1202 2374 cap.
1222 2303 1405 2359 Bellsrminue
1422 2304 1556 2370 concedit,
1577 2304 1639 2359 ideo
1657 2322 1707 2373 pro
1725 2305 1896 2362 adstruendo

206 2408 226 2445 a
242 2392 325 2444 domo
344 2400 369 2445 et
386 2410 473 2447 uxore
492 2394 634 2461 abfuisse,
662 2410 694 2446 eu
717 2409 772 2461 quo
797 2395 938 2447 &ducunt
964 2393 1037 2449 Siri-
1064 2397 1198 2461 perpetuo
1222 2391 1396 2446 sacerdotum
1419 2389 1560 2444 coelibatu
1583 2388 1612 2443 iu
1638 2390 1818 2445 femoralibus
1839 2392 1897 2447 illie

205 2477 279 2544 cius,
309 2477 487 2532 Innocentius
511 2487 537 2532 et
559 2479 662 2542 Beda,
700 2480 804 2548 quoda
830 2480 879 2533 illi
904 2488 1037 2549 tempore,
1066 2476 1196 2534 leviticis
1220 2476 1406 2530 Bellarminus
1429 2476 1514 2532 etiam
1539 2476 1646 2530 curiose
1669 2493 1804 2546 quaerens
1825 2477 1896 2533 nihil

205 2579 259 2631 quo
276 2564 490 2626 ministrabant,
516 2566 554 2618 ab
569 2566 702 2620 anamma
719 2566 905 2633 obsnnetant,
926 2568 1037 2621 omnino
1064 2562 1187 2617 invenire
1217 2563 1326 2632 poterit.
1372 2564 1448 2628 *⁴²(l.
1475 2561 1505 2617 si
1526 2578 1685 2616 accessuros
1708 2569 1773 2617 ante
1795 2562 1896 2618 taciem

206 2650 312 2717 decere,
330 2658 360 2703 ut
377 2653 538 2706 sacerdotes
557 2654 655 2720 matri,
673 2653 723 2721 qui
742 2671 798 2706 non
811 2670 866 2722 per
884 2653 965 2719 uices,
986 2655 1038 2706 sest
1065 2648 1176 2702 Domini
1201 2655 1311 2718 oportet
1328 2648 1430 2703 liberos
1448 2665 1508 2703 esee
1523 2664 1540 2702 a
1558 2647 1751 2704 commixtione
1769 2665 1895 2714 uxorum,

206 2751 315 2804 semper
339 2736 515 2805 ministrant,
542 2755 650 2807 semper
678 2739 714 2792 ab
736 2739 870 2793 uomitus
897 2755 927 2792 se
950 2740 1038 2793 conti-
1064 2752 1144 2790 nemo
1167 2751 1288 2804 uuquam
1313 2751 1425 2789 uxorem
1450 2740 1565 2805 tangere
1590 2734 1688 2801 debet,
1715 2734 1782 2805 quia
1799 2752 1895 2792 omnes

207 2830 300 2879 mant.
335 2821 545 2893 Respondemus
564 2824 683 2894 primum
701 2825 730 2879 in
748 2841 863 2897 genere,
892 2825 993 2879 deinde
1010 2825 1037 2878 in
1064 2821 1100 2875 ad
1118 2820 1209 2874 Deum
1227 2820 1352 2890 quotidie
1370 2825 1480 2890 oportet
1497 2819 1637 2875 accedere.
1674 2825 1697 2875 2.
1715 2820 1827 2890 Moyses
1838 2839 1895 2877 non

206 2909 308 2978 specie.
349 2908 384 2963 Iu
416 2924 518 2980 genere
552 2916 574 2965 1.
599 2910 668 2966 haec
696 2911 789 2965 omnis
817 2919 880 2966 suut
902 2910 1038 2981 Levitico,
1063 2907 1137 2961 tollit
1152 2913 1323 2961 contractum
1343 2906 1533 2976 conjugalem,
1554 2906 1603 2960 sed
1624 2907 1769 2977 suspendit
1785 2913 1896 2962 tantum

208 3011 280 3066 qnae
299 3011 355 3049 non
373 2994 498 3062 obligant
517 2995 551 3052 N.
568 2996 601 3052 Τ.
622 2997 768 3064 ministros,
789 3004 894 3051 mutato
913 2998 986 3052 enirn
1003 3016 1038 3051 oc
1064 2998 1170 3059 aetum,
1196 2992 1272 3063 quod
1296 2992 1325 3046 in
1348 2992 1405 3047 suis
1431 3007 1541 3063 quoque
1557 2991 1727 3062 presbyteris
1746 2992 1896 3050 obsessam

206 3082 345 3135 annulata
376 3083 538 3136 sacerdotio
567 3099 677 3136 necare
707 3090 764 3151 est,
794 3083 973 3137 mutationem
1005 3100 1038 3137 ac
1064 3079 1218 3148 potuissent
1234 3078 1383 3135 Pontificii.
1419 3083 1442 3134 3.
1463 3079 1550 3149 Signa
1570 3085 1599 3132 et
1614 3079 1676 3149 typi
1695 3079 1799 3133 externi
1812 3079 1846 3134 V.
1860 3079 1894 3134 Τ.

205 3167 421 3221 translationem
448 3168 520 3237 lepre
540 3170 611 3235 fieri
634 3167 721 3223 Hebr.
748 3174 777 3232 l,
803 3185 830 3221 v.
858 3173 896 3224 12.
932 3168 1036 3232 Quodsi
1063 3183 1117 3220 non
1136 3172 1201 3219 suut
1219 3163 1348 3220 trahendi
1368 3164 1404 3218 ad
1422 3163 1578 3220 libertatem
1597 3164 1630 3220 N.
1648 3164 1697 3228 T.‚
1714 3164 1782 3218 alise
1799 3164 1894 3235 puriti-

207 3269 275 3324 ergo
296 3253 342 3306 rel
364 3252 483 3308 maxime
505 3255 661 3324 conjugalis
688 3254 858 3310 consuetudo
883 3253 1035 3308 Levitieam
1062 3251 1185 3306 cationes
1210 3267 1321 3322 quoque
1346 3250 1514 3319 leprosorum
1543 3257 1571 3305 et
1598 3268 1794 3321 puerperarum
1813 3253 1892 3308 redu·

206 3339 328 3410 aliquam
358 3339 559 3395 immunditiem
592 3340 747 3403 attulisset,
778 3341 853 3410 quod
883 3346 975 3394 minen
1001 3357 1034 3395 ex
1063 3336 1168 3391 oendae
1192 3342 1298 3403 essent,
1328 3343 1357 3390 et
1378 3336 1450 3389 sicut
1473 3335 1585 3406 Moyses
1607 3337 1760 3407 jubebatur
1785 3338 1893 3393 calceos

205 3424 334 3480 Moesicis
352 3425 462 3497 legibue
479 3444 534 3481 uon
552 3432 644 3496 potest
656 3427 846 3491 demonstrari,
864 3433 956 3481 tamen
968 3427 1036 3480 nihil
1063 3439 1162 3478 exuere
1188 3423 1218 3476 in
1243 3422 1305 3476 loco
1330 3429 1442 3491 saneto,
1471 3421 1511 3476 sic
1527 3421 1680 3477 Pontificiis
1703 3423 1893 3478 sacerdotibus

205 3511 357 3582 quidquam
392 3513 422 3566 id
457 3514 661 3584 praejudicaret
689 3513 811 3568 libertati
843 3513 976 3568 ccclesiae
1006 3513 1035 3567 in
1063 3508 1248 3565 sanctuarium
1273 3525 1328 3562 non
1350 3515 1424 3564 meet
1448 3508 1613 3565 calcandum
1636 3509 1688 3563 nisi
1709 3508 1891 3565 discalceatis.

205 3597 239 3654 N.
257 3596 289 3651 Τ.
328 3597 479 3653 Contentus
498 3600 596 3654 mortui
609 3599 727 3655 hominis
739 3599 946 3655 contaminabat
955 3601 1036 3669 juxta
1063 3594 1264 3651 tFallaciaeet
1275 3611 1376 3650 caueae
1387 3595 1538 3650 secundom
1549 3613 1605 3649 non
1615 3610 1736 3649 oausam.
1754 3593 1891 3666 Praerup-

91 3670 100 3699 ²
206 3683 295 3752 legem
314 3681 469 3737 Leviticam
485 3683 519 3739 V.
538 3685 571 3739 T.
591 3685 677 3740 nihilo
696 3691 789 3741 maren
807 3686 897 3739 minus
910 3685 1035 3756 Ignatius
1061 3681 1179 3754 ponitur,
1192 3679 1385 3735 abstinentiam
1398 3680 1434 3734 ab
1453 3680 1585 3735 uxoribus
1596 3685 1742 3751 propterea
1759 3683 1891 3753 praecipi,

206 3768 236 3823 ia
262 3767 379 3836 epistola
403 3768 439 3821 ad
466 3769 653 3825 Antiochense
682 3778 710 3826 et
731 3760 905 3842 Epiphanius
934 3772 964 3825 in
987 3772 1034 3825 do·
1061 3767 1311 3840 quodconsuetudo
1323 3767 1478 3838 conjugalis
1490 3766 1622 3838 inquinet,
1635 3784 1697 3821 cum
1709 3765 1891 3823 fueritadmo·

141 3906 144 3912 ,
206 3852 294 3908 cuins
312 3852 516 3923 compendiaria
535 3858 703 3920 κοπιῶντας,
722 3856 751 3910 id
770 3864 812 3912 eet
828 3858 990 3910 laborantes
1006 3856 1034 3911 in
1062 3855 1129 3910 nitio
1148 3855 1183 3908 de
1201 3853 1378 3923 agnoscenda
1408 3853 1499 3908 cordis
1529 3853 1707 3921 impuritate.)
1720 3854 1751 3888 ⁸*
1799 3851 1892 3911 Causa

206 3938 369 4009 sepeliendis
393 3940 522 4008 mortun,
549 3940 673 3997 referunt
698 3942 770 3997 inter
800 3942 910 3997 ordines
933 3959 1034 3998 sacros.
1061 3941 1144 4011 hiijus
1171 3939 1374 3997 constitutionis
1400 3939 1435 3995 de
1456 3939 1634 3995 femoralibus
1659 3940 1739 3996 lineis
1765 3945 1891 4000 sacerdo·
1905 3947 1989 3995 mi

207 4031 231 4081 2.
249 4024 328 4081 Haec
348 4025 440 4080 omnia
460 4030 525 4079 eunt
541 4026 698 4098 allegorica.
727 4027 792 4082 Jsm
811 4045 877 4084 vero
894 4029 1036 4096 tlteolopia
1063 4026 1158 4081 dotum
1181 4042 1236 4079 non
1264 4030 1308 4078 est
1323 4025 1421 4096 typica
1439 4025 1561 4095 conjugii
1583 4025 1746 4096 prohibitio,
1773 4028 1824 4082 sed
1843 4028 1891 4085 ho·

170 4124 172 4129 ⁴
206 4112 359 4181 symbolica
376 4120 403 4165 et
420 4111 576 4178 atleporico
594 4131 650 4166 non
676 4122 716 4166 est
740 4115 977 4181 arpumontotioo,
1003 4119 1036 4168 ut
1061 4111 1175 4165 nesam
1200 4127 1234 4165 ac
1258 4110 1403 4166 munditiei
1421 4109 1586 4167 observatio.
1621 4111 1708 4175 Exod.
1729 4119 1777 4178 20,
1800 4133 1827 4170 v.
1847 4121 1889 4173 26.

205 4200 357 4271 loquuntur
382 4195 561 4262 Scholastioi,
595 4198 622 4253 id
651 4205 693 4254 est
718 4216 774 4254 nou
801 4199 916 4270 praebet
943 4199 1035 4255 &mse
1065 4205 1088 4253 l.
1108 4196 1170 4253 Cor.
1191 4202 1238 4264 12,
1259 4212 1285 4248 v.
1306 4200 1349 4252 23.
1384 4195 1525 4249 “Mirum
1544 4213 1623 4266 vero,
1653 4214 1703 4251 cur
1729 4205 1816 4270 typus
1838 4200 1891 4256 iste

205 4285 347 4357 apodixen.
384 4284 427 4339 Ex
445 4283 591 4338 manifesto
612 4284 698 4356 igitur
717 4285 875 4356 Scripturas
896 4286 970 4341 dioto
988 4303 1036 4357 sp·
1063 4283 1097 4339 de
1122 4281 1202 4336 lineis
1224 4281 1402 4336 femoralibus
1424 4281 1662 4352 comprehenderit
1676 4291 1783 4340 tuntum
1803 4285 1839 4341 N.
1856 4286 1890 4342 Τ.

205 4370 318 4443 plicatio
345 4370 456 4425 illarum
480 4369 672 4441 allegoriarum
696 4372 732 4427 ad
758 4372 930 4427 sacerdotum
954 4373 1035 4428 coeli·
1063 4369 1219 4424 sacerdotes
1248 4374 1276 4422 st
1304 4385 1360 4422 uon
1385 4368 1420 4424 V.
1450 4385 1468 4422 s
1494 4369 1595 4440 quibus
1622 4370 1777 4442 gerebatur.
1814 4373 1891 4428 Nihil

206 4458 302 4515 batum
320 4457 397 4529 prius
416 4456 631 4511 demonstranda
647 4462 727 4514 esset.
765 4458 1035 4529 Recognomstle·
1063 4454 1234 4510 immundum
1259 4453 1371 4509 volebat
1393 4453 1422 4507 in
1446 4455 1632 4520 sanctuarium
1651 4456 1764 4527 Moyses
1787 4458 1889 4515 inferri

204 4544 336 4599 laminas
365 4559 417 4598 sua
440 4542 527 4596 verbs
552 4541 600 4596 lib.
625 4548 648 4599 3.
675 4542 710 4597 de
732 4543 817 4599 umbo
837 4543 893 4598 Dei
913 4561 936 4598 c.
956 4549 980 4599 3.
1007 4540 1150 4619 §.Atqui
1180 4539 1323 4610 conjugati
1351 4538 1380 4592 in
1407 4556 1439 4595 eo
1464 4540 1585 4610 quotidie
1603 4542 1798 4613 venabantur,
1826 4561 1892 4616 ergo

204 4628 505 4701 eedquamquumeus
521 4627 1036 4695 Conuenitinternosetoduersarios,
1063 4626 1225 4698 conjugium
1251 4642 1307 4680 nou
1332 4625 1497 4696 inquinabat
1521 4644 1572 4682 nec
1596 4628 1751 4684 immundos
1768 4629 1893 4686 homines

204 4733 238 4770 ea
262 4718 324 4770 solo
348 4716 457 4769 literali
478 4732 561 4768 sensu
582 4716 644 4784 peti
668 4715 768 4769 debere
792 4726 957 4783 arpumenta
975 4719 1036 4786 effi·
1063 4713 1205 4768 reddebat
1213 4713 1244 4746 *⁸¹
1284 4718 1308 4769 t.
1328 4710 1358 4768 Si
1383 4729 1416 4766 ex
1438 4729 1470 4767 eo
1496 4713 1571 4783 quod
1594 4731 1679 4785 panes
1696 4716 1891 4785 propositionis

208 4802 297 4857 cacia
333 4805 358 4856 3.
377 4800 407 4856 si
430 4802 497 4872 quid
519 4801 660 4857 allicerent
679 4801 748 4856 haec
765 4809 942 4873 argumenta,
968 4804 1036 4859 ohti·
1064 4816 1119 4852 non
1135 4798 1250 4854 suerunt
1267 4798 1324 4852 dati
1342 4797 1395 4851 nisi
1413 4797 1461 4863 iis,
1490 4799 1537 4870 qui
1556 4798 1592 4853 ab
1613 4817 1729 4855 morum
1746 4803 1893 4872 complexi·

205 4894 303 4944 nerent
319 4892 378 4942 toto
396 4886 430 4943 N.
449 4886 482 4942 Τ.
504 4893 533 4943 et
549 4888 589 4941 eie
607 4887 694 4958 ipsias
714 4888 820 4947 Christi
845 4896 871 4941 et
895 4890 1037 4956 apostolo·
1064 4884 1116 4940 bue
1136 4884 1350 4950 abstinuissent,
1383 4890 1458 4940 reete
1481 4886 1576 4941 inferri
1596 4896 1703 4957 posset,
1731 4895 1893 4960 perpetuam

165 4994 168 4999 ·
203 4992 267 5027 rum
284 4982 406 5043 tempore
424 4972 592 5027 coelibatum
611 4974 709 5029 luisset
726 4974 869 5030 ordinibus
888 4973 972 5029 amris
991 4991 1038 5029 an·
1064 4972 1092 5026 in
1116 4970 1305 5026 sacerdotibus
1328 4971 1432 5043 requiri
1457 4974 1670 5041 continentiam,
1696 4975 1792 5047 utique
1811 4977 1893 5032 etiam

187 5077 305 5121 ¹nexus,
336 5059 495 5126 etquidem
517 5059 586 5127 jure
608 5061 714 5124 etr'nino,
731 5061 806 5131 quod
824 5067 917 5115 tamen
933 5059 1038 5115 Bellar-
1064 5057 1157 5113 inferri
1176 5073 1211 5112 ax
1227 5073 1260 5111 eo
1277 5064 1385 5127 posset,
1409 5059 1439 5113 in
1456 5061 1583 5115 omnibus
1602 5060 1711 5115 omniuo
1731 5061 1894 5118 Christianis

204 5146 296 5200 minos
323 5163 378 5200 non
403 5144 490 5198 audet
518 5159 654 5213 asserere,
688 5146 737 5201 sed
763 5146 800 5200 sd
820 5148 868 5217 jas
889 5145 1038 5217 positivum
1065 5144 1180 5200 eandem
1198 5142 1315 5214 requiri,
1338 5160 1402 5199 eum
1427 5164 1520 5204 omnes
1540 5163 1640 5215 corpus
1659 5147 1762 5203 Christi
1779 5165 1829 5219 per
1845 5165 1893 5219 pa·

204 5231 277 5286 hunc
289 5229 413 5302 conjugii
425 5228 641 5300 prohibitionem
651 5239 771 5287 revocat.
784 5231 818 5287 Iu
826 5231 918 5303 specie
927 5247 1038 5303 respon·
1064 5228 1114 5285 nes
1130 5228 1325 5300 propositionis
1344 5230 1562 5304 praefiguratum
1581 5234 1743 5304 percipiant.
1776 5234 1812 5289 In
1838 5235 1893 5305 pri·

206 5318 316 5372 demus:
340 5326 361 5370 1.
379 5316 443 5373 Nou
462 5314 512 5370 soli
531 5316 704 5386 sacerdotes,
721 5318 770 5372 sed
783 5334 877 5373 ornnes
886 5316 1037 5373 Christiani
1065 5316 1160 5371 midra
1187 5315 1304 5371 ecclesis
1327 5317 1477 5374 Christiani
1502 5315 1625 5390 quotidie
1642 5318 1893 5389 communicabant,

206 5402 295 5459 adulti
319 5400 391 5456 fiunt
419 5401 567 5472 participes
588 5402 709 5471 corporis
726 5408 755 5457 et
774 5404 917 5476 sanguinis
935 5402 1038 5460 Christi
1065 5409 1096 5457 ut
1127 5421 1161 5458 ex
1192 5402 1289 5458 eccles.
1320 5403 1413 5461 histor.
1445 5407 1565 5465 constat,
1600 5408 1628 5456 et
1656 5410 1750 5460 nmen
1776 5406 1893 5461 ministri

205 5504 256 5560 per
277 5486 345 5558 agni
367 5487 509 5558 paschalis
532 5503 644 5543 car-uem
669 5494 699 5545 et
723 5490 884 5562 sanguimen
902 5488 1040 5562 praefigu·
1065 5496 1144 5547 aaut
1161 5489 1313 5562 conjugati.
1348 5497 1373 5549 t.
1390 5489 1528 5560 Nuepism
1546 5487 1645 5545 urent
1662 5488 1697 5545 V.
1716 5490 1748 5545 Τ.
1770 5491 1893 5562 historia

205 5550 1140 5646 ne,omorgsa1oa0ossssesrmaenau,ulvua
1161 5576 1347 5639 mutan
1372 5571 1545 5633 aarum
1559 5569 1892 5641 wesmannus«-
