4020 6014
648 287 700 343 111
718 283 942 345 meruero
959 283 1263 344 nccnnarssrrco.
1645 337 1649 343 .
1761 300 1798 356 27

99 440 132 494 de
151 441 258 496 Massia
274 448 431 512 repeterent
445 442 719 513 atqueillustrarent
755 440 860 497 Serism
871 439 935 492 1111-
948 473 951 517 f
964 427 1028 494 tres
1053 458 1139 496 annos
1171 443 1348 511 postmodum
1376 444 1404 497 in
1433 443 1476 497 his
1503 443 1582 499 terris
1609 443 1721 498 iunctus
1743 451 1801 511 est3

99 542 157 580 mm
177 526 375 596 prophetarum
394 529 501 582 orditur
519 527 618 582 Petrus
636 528 730 581 Actor.
751 533 779 593 3,
807 544 832 580 v.
853 530 893 579 21.
919 540 937 576 a
963 523 1080 593 Spiritus
1100 535 1212 581 sanctus
1231 527 1374 584 descendit
1390 529 1419 582 in
1441 529 1533 599 specie
1552 528 1697 583 columbae
1716 544 1801 598 super

99 611 235 675 Samuele,
254 612 302 683 qui
323 612 456 668 divinitus
474 613 527 667 init
546 613 680 668 excitatus
697 613 733 667 ad
750 611 893 667 doctrinae
910 615 950 675 et}
963 609 1116 680 Christum,
1135 615 1216 684 ungit
1235 630 1268 668 ac
1286 616 1376 686 replet
1394 633 1469 680 sum,
1494 625 1524 670 ut
1543 616 1712 684 euanpelizet
1727 632 1800 682 pau·

99 698 189 751 cultus
207 698 452 766 instaurationem,
472 717 534 752 cum
554 717 645 752 sermo
667 698 785 753 Domini
803 704 874 749 esset
890 714 937 748 ru·
948 713 951 757 i
960 698 1081 763 peritus,
1101 699 1174 754 Esai.
1197 704 1280 763 111.
1305 707 1326 755 1.
1343 701 1425 757 'Luc
1440 708 1503 768 4,1.
1523 708 1562 756 le.
1597 700 1725 754 Ceterum
1738 716 1801 752 cum

99 800 147 833 rus
165 784 320 837 admodum
340 789 361 839 1.
383 784 456 838 Sam.
476 789 500 847 3,
518 802 543 836 1.
566 791 587 838 1.
607 784 684 838 illum
702 783 790 837 secuti
807 788 872 835 sunt
890 780 937 834 alii
949 827 951 843 ,
964 797 1019 834 uon
1038 782 1127 836 solum
1144 784 1181 838 ad
1202 785 1365 847 docendum,
1383 785 1433 839 sed
1449 786 1531 839 etiam
1551 791 1579 839 11
1596 784 1708 855 quidem
1727 800 1800 838 cum·

100 868 251 937 prophetae
272 885 374 939 magno
393 886 515 930 numero,
536 877 558 924 2.
577 869 679 924 Chron.
697 875 737 930 36,
758 886 783 921 v.
806 875 849 923 15:
870 867 936 920 stis
950 855 952 863 ¹
965 867 1060 935 primis
1079 868 1116 922 ad
1135 886 1222 939 genus
1240 868 1391 924 humanum
1403 889 1453 940 per
1466 872 1622 940 passionem
1640 887 1673 924 ac
1686 876 1800 923 mortem
1814 867 1887 909 ΠΗ·
1901 867 1933 909 ⁶2

100 955 173 1008 tehsst
192 955 335 1008 Dominus
352 957 433 1008 Deus
447 964 560 1023 patrem
579 957 705 1024 ipsorum
731 957 772 1008 aci
788 954 938 1008 Isroc'litas
963 953 1153 1007 redimendum
1172 954 1296 1010 Christus
1319 974 1336 1010 a
1361 957 1445 1011 Patre
1464 957 1575 1011 coelesti
1592 955 1676 1009 1111111
1695 956 1801 1020 missus,

98 1056 150 1107 pes·
173 1059 289 1093 manum
314 1042 475 1094 astutiarum
499 1060 612 1094 morum
637 1057 717 1094 mnne
741 1041 881 1106 surpendo
911 1047 937 1091 et
965 1054 1019 1107 quo
1039 1039 1216 1094 redemtionis
1236 1056 1320 1110 opere
1338 1049 1450 1110 peracto
1466 1042 1502 1095 ad
1520 1042 1644 1096 dextram
1664 1039 1799 1094 11111111-

102 1125 246 1191 mittendo,
273 1143 305 1179 so
334 1129 411 1194 quod
432 1135 565 1197 parceret
592 1127 700 1194 populo
727 1133 754 1178 et
776 1124 938 1178 liabitaculo
964 1124 1054 1178 sidere
1078 1124 1188 1191 debuit,
1219 1127 1282 1181 ideo
1315 1127 1462 1182 duodecim
1490 1127 1576 1197 elegit
1600 1128 1745 1196 apostolos
1771 1120 1928 1179 1111011011·

102 1227 167 1278 suo;
183 1228 210 1265 v.
232 1219 271 1264 lh.
291 1219 322 1264 at
340 1212 388 1264 illi
406 1212 616 1265 subsannabant
628 1211 739 1263 rrumios
757 1212 852 1264 Deice
872 1210 937 1263 irri-
965 1210 1055 1280 primo
1073 1212 1166 1264 statim
1183 1211 1328 1266 ministerii
1346 1213 1389 1266 sui
1401 1212 1522 1275 exordio,
1543 1227 1612 1282 quos
1624 1210 1801 1282 peculiariter

102 1296 202 1350 debant
213 1313 355 1350 sermones
373 1298 435 1364 ejus
455 1298 664 1365 illudebantque
671 1298 827 1365 prophetis,
848 1297 938 1348 donec
965 1296 1018 1350 sibi
1030 1296 1151 1351 adscitos
1165 1302 1193 1350 11
1208 1298 1357 1352 associatos
1375 1298 1415 1352 ita
1432 1297 1597 1363 informavit,
1617 1301 1649 1349 ut
1664 1296 1700 1349 ed
1720 1312 1800 1350 evan·

102 1383 286 1435 adscenderet
321 1384 407 1444 furor
441 1384 560 1436 Domini
591 1384 621 1435 in
650 1383 788 1452 populum
822 1382 883 1449 ejus
913 1388 939 1432 11
967 1382 1070 1452 gclium
1091 1383 1120 1435 in
1139 1388 1197 1437 toto
1218 1383 1284 1438 orbe
1303 1382 1520 1452 praedicandum
1543 1382 1618 1450 ipsos
1640 1387 1737 1450 postea
1754 1381 1802 1434 ab·

103 1467 183 1520 nullo
203 1474 273 1520 esset
293 1469 412 1521 curatio.
447 1468 603 1537 Prophetae
621 1467 706 1538 igitur
723 1467 837 1522 fuerunt
854 1465 940 1521 veluti
967 1469 1086 1537 legaret,
1117 1468 1215 1522 Matth.
1240 1477 1269 1531 4,
1297 1488 1323 1523 v.
1353 1475 1390 1525 18.
1416 1487 1438 1522 1.
1465 1475 1511 1536 28,
1538 1487 1562 1521 1.
1584 1475 1689 1522 taem.
1709 1467 1802 1521 sedet

104 1552 219 1622 quidam
237 1552 336 1607 medici
355 1552 522 1628 spirituales,
540 1570 590 1623 per
610 1569 679 1624 quos
691 1552 769 1606 Deus
787 1552 939 1605 animarum
967 1553 1036 1606 alios
1050 1555 1228 1624 septuaginta
1239 1554 1388 1625 discipulos
1402 1555 1430 1606 in
1449 1554 1576 1608 civitates
1588 1552 1714 1607 iudaeae
1728 1551 1802 1606 misit

104 1637 215 1694 morbos
238 1639 267 1692 in
293 1639 396 1707 populo
422 1656 471 1692 suo
494 1655 526 1692 er
560 1639 722 1708 corruptelis
748 1638 890 1693 doctrinae
913 1643 939 1691 et
969 1640 1048 1692 binos
1066 1657 1100 1691 ac
1119 1641 1206 1706 binos,
1223 1657 1341 1710 quorum
1360 1639 1486 1709 opcrain
1501 1636 1707 1706 praedicatione
1725 1636 1802 1691 verbi

102 1725 174 1779 vitae
199 1731 274 1778 ortos
298 1741 397 1778 sanare
423 1725 523 1787 voluit,
554 1724 603 1778 sed
632 1725 699 1794 quia
729 1725 801 1778 hanc
829 1739 939 1776 manum
967 1741 1034 1778 usus
1051 1732 1101 1791 111,
1122 1724 1189 1778 Luc.
1208 1730 1246 1792 10,
1265 1743 1290 1776 v.
1314 1731 1336 1779 1.
1363 1724 1490 1793 Apostoli
1504 1740 1568 1777 cum
1581 1720 1692 1789 scirent,
1706 1730 1802 1776 exacto

103 1811 240 1864 medicam
268 1810 415 1865 admittere
440 1810 601 1878 noluerunt,
629 1810 711 1865 exitio
738 1808 884 1880 temporali
914 1816 941 1863 11
969 1811 1043 1864 vitae
1065 1810 1201 1865 curriculo
1226 1810 1279 1864 sibi
1304 1828 1336 1865 ex
1360 1810 1402 1864 his
1426 1810 1507 1864 terris
1532 1808 1703 1874 abeundum,
1732 1807 1800 1878 quin

104 1903 216 1951 aeterno
245 1895 313 1950 facti
345 1904 410 1951 sunt
439 1895 559 1951 obnoxii.
611 1896 791 1963 Quorundam
825 1894 940 1947 istorum
968 1896 1052 1949 etiam
1077 1913 1106 1950 se
1130 1896 1270 1965 accepisse
1296 1896 1456 1949 mandatum
1484 1895 1614 1966 generale
1641 1893 1675 1947 de
1694 1892 1801 1962 praedi-

104 1982 300 2052 prophetarum
320 1983 425 2052 scripta
452 1982 586 2053 singulari
611 1981 665 2036 Dei
691 1980 824 2035 beneficio
849 1980 940 2035 adhuc
968 1983 1077 2038 catione
1108 1982 1245 2054 evangelii
1274 1999 1324 2052 per
1350 1986 1438 2036 totum
1469 1987 1603 2034 terrarum
1630 1978 1741 2046 orbern,
1770 1993 1803 2031 11

104 2068 131 2122 in
151 2068 271 2135 11111111
287 2074 449 2140 supersunt,
479 2068 513 2122 de
540 2068 642 2138 quihus
670 2068 838 2128 1111111111,
866 2067 939 2136 quod
969 2068 1084 2137 proinde
1103 2068 1156 2122 sibi
1175 2085 1229 2122 non
1248 2085 1308 2122 esse
1326 2084 1381 2120 uno
1399 2066 1460 2121 loco
1479 2064 1693 2133 subsistendum,
1711 2070 1801 2134 pasto

104 2170 158 2208 non
175 2170 209 2208 eo
223 2154 278 2208 sibi
291 2154 409 2209 invicem
422 2154 606 2209 successerint
623 2154 727 2219 ordine,
745 2170 800 2224 quo
818 2154 940 2222 ipsorum
968 2170 1011 2207 res
1031 2160 1060 2207 11
1077 2152 1221 2224 episcopos
1239 2152 1293 2206 illis
1313 2151 1341 2205 in
1366 2152 1434 2206 locis
1454 2157 1519 2205 ante
1537 2168 1617 2206 suum
1632 2151 1738 2205 abitum
1758 2167 1801 2204 or·
1814 2147 1930 2199 apheopr.

104 2239 188 2294 libros
213 2240 242 2293 in
274 2239 375 2295 biblico
399 2241 495 2296 codice
519 2240 645 2294 videmus
664 2239 768 2309 positos
790 2240 850 2308 (qui
869 2240 941 2293 enim
969 2239 1114 2306 dinarunt,
1132 2240 1181 2294 ubi
1198 2240 1346 2293 salutarem
1365 2238 1442 2292 verbi
1465 2245 1616 2292 sementem
1636 2246 1801 2307 sparserant.

106 2339 151 2379 eos
167 2326 211 2379 sic
239 2325 390 2395 disposuit,
418 2326 455 2379 ad
478 2324 643 2395 dignitatern
669 2331 697 2378 et
719 2325 826 2394 copiam
851 2341 941 2378 rerum
970 2326 1064 2378 Actor.
1089 2332 1128 2387 11,
1145 2342 1171 2377 v.
1192 2331 1237 2379 ta:
1259 2325 1327 2377 Cum
1351 2322 1804 2393 111111111111111111(11111111-

106 2411 147 2465 vel
176 2410 214 2464 ad
241 2410 310 2465 alias
337 2412 473 2481 quasdam
500 2410 737 2472 circumstantias,
767 2426 942 2479 nequaquam
970 2409 1055 2474 sibus,
1073 2409 1175 2462 Iconiis
1194 2415 1223 2463 11
1234 2409 1426 2476 Αιι11111111111)
1443 2410 1623 2478 preslryteros
1638 2427 1693 2479 per
1710 2409 1805 2474 sinqu-

105 2511 169 2550 vero
196 2497 234 2549 ad
264 2497 362 2551 seriem
387 2496 517 2565 temporis
543 2503 699 2564 respectum
728 2494 842 2560 habuit).
887 2495 941 2551 Sed
970 2497 1015 2548 las
1030 2497 1162 2549 eccleciae
1177 2505 1202 2549 et
1216 2503 1351 2558 orassent,
1371 2498 1597 2549 commendarunt
1615 2496 1805 2550 eosDomino.

105 2580 218 2652 quidam
237 2598 270 2636 ex
288 2581 355 2651 ipsis
373 2581 543 2650 scripserunt
561 2588 626 2634 ante
638 2581 830 2650 captivitatem
850 2580 941 2650 Baby·
969 2580 1101 2650 Episcopi
1121 2581 1157 2634 ah
1174 2581 1306 2650 apostolis
1331 2581 1450 2635 ordinati
1477 2588 1505 2635 et
1523 2580 1667 2635 constituti
1686 2586 1805 2650 postmo-

105 2667 235 2730 lonicam,
266 2667 379 2736 quidam
404 2667 433 2719 in
452 2666 626 2734 captivitate,
656 2666 770 2735 quidam
797 2683 862 2720 vero
880 2672 942 2735 post
969 2667 1034 2719 dum
1054 2666 1123 2720 alios
1142 2667 1352 2730 constituerunt,
1371 2684 1421 2736 per
1438 2683 1507 2737 quos
1526 2666 1651 2721 doctrina
1669 2666 1805 2736 evangelii

105 2751 304 2823 captivitatem.
340 2752 415 2806 Ante
428 2751 617 2820 captivitatem
630 2751 831 2820 prophetarunt
848 2753 940 2805 Jonas
969 2752 1053 2823 longe
1071 2751 1182 2821 lateque
1203 2753 1257 2806 t'uit
1275 2758 1445 2823 propagata,
1465 2758 1629 2806 conservata
1646 2759 1673 2807 et
1687 2752 1804 2823 posteris

104 2847 129 2891 et
149 2840 291 2906 ohaam,
311 2837 496 2907 antiquissimi
516 2854 549 2891 ex
568 2837 695 2891 omnibus
715 2837 874 2906 prophetis,
893 2839 941 2907 qui
970 2837 1052 2907 quasi
1069 2853 1120 2906 per
1137 2854 1235 2890 manus
1255 2838 1366 2904 tradita,
1386 2838 1443 2893 Τ11.
1468 2846 1494 2906 1,
1512 2856 1537 2892 v.
1559 2846 1588 2894 5:
1608 2840 1680 2891 Ideo
1700 2839 1806 2907 reliqui

105 2932 166 2994 post
179 2924 297 2994 Moysen
309 2931 338 2978 et
349 2924 488 2978 Davidem
503 2922 681 2993 seripserunt,
695 2938 763 2993 quos
777 2922 829 2976 sub
841 2922 940 2977 Achab
969 2931 994 2975 tc
1015 2922 1122 2989 Cretae,
1141 2930 1172 2976 ut
1189 2940 1231 2990 eu,
1249 2941 1320 2993 quae
1339 2926 1449 2991 desunt,
1466 2926 1595 2992 corripus
1615 2926 1805 2979 desumimus

105 3019 131 3065 et
158 3009 310 3067 Jerobosn
338 3010 452 3081 regibus
480 3008 660 3064 idololatricis
689 3009 791 3061 vixisse
824 3018 939 3063 constat.
965 3024 1019 3076 per
1038 3008 1508 3076 111111111111111111111,1111111
1529 3026 1579 3077 epo
1600 3010 1803 3081 disposuitihi.

104 3094 186 3151 Circa
208 3103 318 3166 tempus
341 3095 512 3166 migrationis
538 3095 633 3150 decem
657 3094 778 3148 tribuum
801 3094 853 3147 sub
872 3094 941 3150 Usia
969 3093 1038 3147 Inde
1058 3092 1194 3147 Eusebius
1214 3093 1241 3146 in
1268 3092 1329 3148 hist.
1351 3093 1448 3147 eccles.
1473 3102 1598 3148 recenset
1626 3095 1724 3149 seriem
1749 3095 1805 3165 epi·

105 3186 132 3236 ct
147 3180 271 3237 Ezechia
297 3181 457 3235 claruerunt
477 3180 596 3240 Esaias,
623 3180 724 3241 Oseas,
749 3180 830 3242 Joel,
853 3182 941 3232 Amos
967 3197 1113 3250 scoparum
1126 3180 1155 3234 in
1169 3180 1292 3234 ecclesiis
1309 3197 1358 3249 per
1370 3181 1559 3249 apostolorum
1572 3181 1805 3250 praedicationem

104 3276 128 3322 et
146 3269 257 3329 Micho,
277 3269 325 3340 qui
345 3267 403 3323 fere
420 3267 571 3340 σύγχρονοι
587 3265 707 3328 fuerunt,
726 3271 788 3335 post
805 3281 874 3335 quos
886 3283 940 3320 non
967 3265 1100 3336 plantatis
1118 3283 1151 3320 11
1170 3265 1301 3334 fundatis,
1326 3265 1388 3320 libr.
1411 3271 1441 3334 3,
1465 3282 1488 3320 c.
1516 3274 1541 3321 1.
1579 3268 1735 3321 Timotheus
1754 3268 1804 3334 tin·

105 3352 192 3408 multo
213 3358 337 3424 tempore
355 3352 407 3407 sub
425 3352 554 3406 1111111111
578 3350 665 3406 secuti
690 3359 755 3404 sunt
778 3352 890 3404 sVuhum
916 3359 940 3402 et
968 3353 1038 3422 quit)
1059 3353 1171 3421 primus
1196 3352 1376 3421 Ephesianac
1396 3353 1553 3420 paroeciae
1581 3354 1653 3405 sicul
1673 3362 1698 3405 et
1725 3355 1804 3406 Ts'tus

105 3440 248 3492 Hahacue.
285 3438 409 3494 Instante
435 3438 600 3509 migratione
621 3437 698 3492 luda
728 3436 780 3489 sub
807 3436 885 3491 Josia
913 3443 941 3491 et
969 3440 1141 3493 Cretensium
1171 3440 1352 3492 ecclesiarum
1384 3440 1573 3510 episcopatum
1606 3439 1719 3493 sortitus
1753 3447 1801 3492 est.

103 3524 232 3580 Joschim
257 3525 460 3595 prophetarunt
482 3525 626 3578 Jeremius
652 3531 676 3576 et
701 3523 871 3591 Zephanias.
908 3524 940 3576 In
967 3526 1013 3577 Ec
1032 3525 1149 3592 reliquis
1166 3525 1256 3579 Pauli
1271 3525 1453 3579 sectatoribus
1474 3523 1606 3579 Crescens
1628 3525 1657 3577 in
1674 3525 1803 3579 Gallium

104 3613 165 3681 ipsa
183 3610 346 3681 captivitate
365 3608 507 3664 vaticinati
531 3615 597 3663 sunt
616 3608 745 3661 Ezechiel
770 3625 805 3659 uc
823 3608 940 3663 Daniel.
967 3612 1069 3664 missus
1094 3618 1142 3666 est.
1185 3612 1275 3664 Linus
1295 3620 1363 3680 post
1393 3612 1510 3664 Petrum
1531 3611 1642 3679 primus
1669 3611 1803 3664 1111111111

106 3696 173 3751 Post
200 3695 392 3766 captivitatem
412 3693 571 3765 prophetias
596 3709 662 3747 suas
685 3692 831 3747 ediderunt
863 3694 941 3760 Hau·
969 3697 1115 3750 Romuleae
1135 3697 1326 3764 episcopatum
1345 3697 1460 3749 sortitus
1480 3705 1533 3765 est,
1560 3696 1687 3750 Clemens
1707 3697 1803 3750 tertius

104 3799 199 3851 pueris,
229 3781 391 3835 Zacharias
415 3790 441 3834 et
470 3781 647 3848 Malachiae,
680 3779 727 3848 qui
748 3778 803 3832 fuit
828 3778 940 3832 ultimus
967 3783 1113 3836 Ronmnae
1132 3783 1266 3835 ecclesiae
1287 3784 1432 3852 episcopus
1446 3784 1611 3836 constitutus
1625 3791 1673 3847 est,
1694 3783 1802 3850 Diony·

107 3867 138 3922 V.
147 3867 180 3924 T.
189 3867 335 3939 propheta.
354 3867 530 3938 Augustinus
540 3866 587 3921 lib.
600 3872 639 3922 11.
655 3866 691 3918 de
705 3864 780 3918 civit.
794 3863 848 3919 Dei
858 3882 881 3918 1.
893 3870 940 3920 241
967 3869 1055 3934 sium,
1087 3884 1166 3935 quem
1192 3871 1284 3920 lucus
1310 3869 1341 3921 in
1359 3870 1439 3922 Actis
1455 3876 1522 3937 post
1541 3870 1629 3922 Pauli
1647 3871 1803 3922 concionem

109 3956 179 4008 Toto
209 3955 262 4009 illo
291 3962 429 4026 tenpus,
459 3970 491 4007 ac
518 3970 573 4021 quo
593 3951 715 4018 (ludaei)
741 3952 886 4004 redierunt
906 3953 941 4004 de
968 3954 1008 4005 acl
1030 3954 1212 4007 Athenienses
1229 3954 1353 4007 hobitum
1366 3957 1491 4022 primum
1506 3956 1662 4009 credidisse
1680 3955 1803 4023 scripsit,
1889 3992 1891 3996 ι

104 4040 282 4109 Babylonia,
305 4048 373 4109 post
392 4038 583 4105 hIalochiam,
611 4038 757 4105 Appoeum
785 4046 809 4088 et
831 4036 940 4089 Zacha-
967 4039 1089 4107 primum
1119 4040 1251 4092 ecclesiae
1284 4041 1496 4094 Atheniensium
1527 4042 1688 4110 episcopum
1713 4040 1803 4101 fuisse

103 4127 186 4193 111111,
204 4127 256 4195 qui
272 4134 335 4179 111111
351 4125 564 4194 prophetarunt,
583 4131 610 4176 et
622 4124 751 4179 Esdram
766 4140 821 4175 non
840 4122 940 4175 1111111-
967 4128 1082 4177 tradunt
1102 4130 1152 4179 111.
1172 4124 1234 4179 libr.
1253 4131 1281 4193 3,
1301 4143 1325 4180 1.
1346 4132 1390 4180 lt:
1427 4128 1496 4180 Post
1516 4128 1683 4194 nsartprium
1701 4127 1806 4180 Jacobs·

103 4221 171 4265 runt
183 4211 341 4282 prophetas
358 4229 444 4280 usqam
466 4213 506 4264 ad
524 4211 682 4264 salvatoris
700 4211 855 4264 aduentum.
964 4211 1054 4279 primi
1075 4212 1395 4275 Hierosotpnesnorsm
1413 4214 1539 4280 episcopi
1557 4231 1653 4266 rumor
1671 4221 1717 4279 cst,
1736 4229 1804 4277 upo-

25 4317 92 4351 sssss
140 4303 181 4353 11.
202 4297 236 4352 In
257 4297 291 4352 N.
313 4297 347 4354 T.
371 4296 513 4352 lohannes
540 4295 667 4365 Baptista
692 4294 785 4348 divino
810 4296 941 4348 mandato
966 4297 1053 4350 siclos
1071 4305 1098 4351 et
1117 4298 1272 4368 discipulos
1294 4299 1426 4365 Domini,
1445 4301 1569 4367 quitum
1587 4299 1680 4351 adime
1697 4300 1728 4352 in
1747 4298 1804 4350 uita

25 4363 46 4400 κ
106 4382 288 4439 manutium
301 4382 464 4437 docendian
482 4381 644 4452 baptizandi
659 4378 807 4434 inchoavit.
836 4380 905 4434 Luc.
916 4386 939 4436 3.
967 4383 1130 4451 superstites
1149 4391 1239 4447 ernnt,
1257 4382 1287 4435 in
1304 4402 1390 4437 renum
1407 4385 1530 4452 undique
1548 4403 1604 4442 unu
1624 4402 1684 4437 cum
1703 4400 1792 4452 copnu

104 4474 178 4525 121
208 4469 267 4523 ast
279 4469 459 4537 principibus
477 4469 655 4521 sacerdotum
674 4467 759 4518 Anna
786 4474 811 4517 et
831 4465 941 4535 Gnipho
969 4469 1005 4520 tis
1024 4468 1143 4520 Domini
1165 4471 1316 4521 seniculum
1342 4486 1455 4522 curnem
1478 4488 1537 4522 esse
1561 4477 1744 4535 conprcpatos
1769 4485 1803 4522 uc

102 4558 212 4620 suetum
241 4563 282 4608 est
311 4556 422 4608 vertum
452 4554 572 4608 Domini
602 4554 643 4605 acl
667 4553 833 4607 Johannem.
870 4553 940 4606 Eum
967 4554 1051 4605 simiel
1074 4555 1109 4605 cie
1135 4569 1166 4605 eo
1191 4553 1340 4607 consilium
1364 4558 1485 4625 cepisse,
1512 4571 1590 4623 qrsem
1610 4556 1651 4606 ud
1672 4555 1723 4607 hoc
1742 4556 1803 4623 olip-

25 4637 90 4679 'm-
103 4640 198 4696 statim
225 4645 336 4695 mutus
355 4646 398 4695 est
415 4641 476 4709 ipse
495 4639 619 4694 Christus
644 4637 699 4691 Dei
723 4637 796 4691 filius
813 4638 841 4690 in
860 4655 941 4692 carne
966 4657 1031 4690 11111
1044 4639 1181 4705 judicare
1200 4639 1337 4704 deberent,
1356 4641 1406 4707 uui
1416 4641 1525 4693 Jacobs
1537 4640 1704 4706 stacederet,
1723 4647 1805 4708 utque

102 4724 306 4793 manifoetatus,
325 4725 425 4781 luban.
447 4732 468 4791 1,
486 4743 511 4783 v.
532 4732 570 4780 15.
601 4723 687 4780 Hebr.
712 4730 734 4786 1,
753 4741 777 4776 1.
799 4728 821 4778 1.
842 4724 890 4793 qui
904 4724 941 4777 ad
967 4723 1008 4776 ito
1026 4733 1139 4777 cunctos
1157 4742 1213 4776 sena
1234 4732 1260 4776 et
1279 4726 1376 4778 eodem
1393 4726 1529 4778 sementia
1548 4724 1703 4778 Simeonem
1726 4726 1804 4780 Cleo·

103 4811 156 4866 hoc
175 4811 299 4867 officium
316 4812 464 4866 solenniter
482 4811 512 4866 in
531 4810 668 4880 baptismo
694 4810 770 4863 circa
787 4808 939 4863 ,Iordanem
963 4808 1038 4876 phas
1053 4810 1143 4872 filium
1156 4812 1222 4863 sede
1234 4812 1386 4877 paroeciae
1400 4805 1675 4877 Hierosolpinitunae
1689 4813 1805 4880 dipnum

101 4898 157 4953 init
174 4897 363 4964 introductus,
388 4897 485 4952 Mattb.
506 4903 536 4966 3,
566 4914 591 4948 v.
616 4898 653 4950 17.
672 4895 720 4950 ubi
737 4895 825 4964 probe
843 4902 938 4950 notan-
965 4896 1119 4962 judicasse.
1142 4894 1189 4953 lib.
1218 4900 1248 4963 3,
1268 4912 1292 4951 1.
1321 4901 1365 4950 ta:
1393 4897 1482 4949 Linus
1506 4898 1651 4950 Romanae
1670 4899 1805 4952 ecclesiae

103 4985 178 5046 dum,
195 4983 271 5054 quod
291 4983 369 5036 utin
387 4983 476 5053 primo
495 4981 592 5036 mundi
616 4982 742 5048 exordio,
767 4979 807 5035 ita
829 4997 939 5052 quoque
966 4981 1158 5049 ministerium,
1177 5000 1240 5035 cum
1260 4983 1289 5033 in
1309 5000 1340 5034 eo
1359 4982 1505 5034 duodecim
1524 4985 1608 5036 assisis
1622 4985 1804 5055 praefuisset,

101 5071 154 5126 sub
174 5069 209 5126 N.
234 5068 268 5122 Τ.
296 5067 419 5139 auspicio
445 5077 504 5122 tota
527 5072 704 5121 sacrosancta
720 5066 841 5120 Trinitas
860 5068 938 5121 mini·
967 5069 1104 5120 Anacleto
1129 5070 1225 5121 tradit.
1270 5069 1383 5122 Arriano
1403 5070 1497 5136 primo
1521 5071 1656 5124 ecclesiae
1682 5071 1804 5122 Aleuun·

100 5156 216 5212 natum
233 5155 453 5210 ecclesiasticum
471 5155 569 5209 iterum
588 5170 748 5208 consecrare
774 5159 801 5207 et
819 5152 938 5208 sanctifi·
967 5153 1069 5206 drincm
1093 5172 1215 5221 parocco
1247 5153 1375 5206 successit
1407 5153 1527 5210 Atilius.
1559 5155 1605 5212 lib.
1638 5161 1669 5221 3,
1703 5172 1726 5208 c.
1759 5162 1804 5210 14:

99 5257 165 5297 aare
181 5241 301 5296 voluerit
343 5240 427 5296 Pater
444 5242 516 5295 enim
535 5241 570 5294 de
589 5256 695 5293 summo
717 5238 785 5293 coeli
804 5246 938 5310 suggestu
967 5239 1104 5292 Anaclelo
1125 5241 1155 5291 in
1174 5239 1658 5312 11111111111111111111111111111111
1682 5242 1805 5295 succedit

100 5328 172 5384 hane
189 5345 286 5384 vocem
303 5328 375 5383 edit:
401 5328 457 5381 Hic
479 5335 520 5381 est
538 5328 631 5380 Filius
654 5343 728 5378 nicus
749 5326 883 5393 dilectam,
908 5328 937 5378 iu
966 5325 1102 5379 Clemens.
1121 5325 1180 5379 libr.
1200 5332 1231 5393 3,
1248 5341 1272 5379 1.
1298 5332 1340 5380 te:
1371 5328 1510 5380 Alition
1525 5328 1723 5381 Ales-andrina
1736 5347 1805 5399 pur·

99 5433 154 5484 quo
173 5431 254 5468 omne
271 5430 361 5469 meum
378 5412 596 5483 beneplacitum,
622 5411 710 5466 Filius
734 5412 890 5482 baptizatur
908 5411 937 5465 in
965 5412 1044 5465 occia
1061 5413 1184 5464 mecedit
1205 5410 1305 5465 Cerdo.
1325 5413 1372 5469 lib.
1393 5418 1424 5481 3,
1451 5429 1475 5466 c.
1499 5419 1542 5468 19:
1571 5414 1649 5465 lntcr
1668 5430 1729 5477 eos,
1756 5416 1806 5484 qui

97 5500 224 5558 iordane
242 5507 272 5557 et
289 5499 441 5555 ministerio
455 5498 574 5554 docendi
591 5503 775 5568 consecratur,
792 5515 847 5569 quo
863 5498 938 5551 ultra
966 5498 1111 5556 secusiam
1129 5496 1297 5551 Antiochiae
1316 5501 1517 5567 puter—nerunt,
1533 5498 1644 5568 primm
1663 5501 1795 5554 Euodius
