4020 6014
680 275 732 332 DE
750 273 974 337 samsima
993 273 1292 335 mantuanae.
1784 273 1824 337 bb

132 426 251 498 digitum
260 428 370 485 mittere
388 429 434 486 vel
446 447 558 486 manum
572 432 740 501 extendere),
759 436 788 486 et
804 436 915 486 constet
933 447 966 486 ex
979 431 981 457 ¹
994 431 1093 488 clasiae
1110 432 1237 489 adhiberi
1253 432 1344 488 debet.
1380 431 1436 489 Sed
1452 431 1529 502 prius
1547 429 1650 484 factum
1668 425 1704 481 ab
1716 429 1825 496 aposto·

133 520 202 570 orat
222 512 280 573 Cic.
298 532 350 585 pro
368 516 483 579 Flacco,
513 517 622 590 signum
639 518 764 589 suffragii
783 518 859 589 apud
880 516 966 572 Grae·
993 517 1036 586 lis,
1053 519 1147 576 Actor.
1169 525 1209 588 15,
1226 537 1252 576 τ.
1272 525 1321 575 22:
1340 520 1456 574 Placuit
1475 516 1610 587 apostolis
1629 522 1654 568 et
1671 511 1827 581 senioribus

133 617 180 655 cos
208 600 296 656 fuisse
323 618 455 657 manuum
484 603 672 660 elevationem.
720 604 853 670 Quamvis
883 603 1046 675 igitur‘air
1063 605 1113 679 11η
1140 609 1170 678 τῇ
1189 607 1318 674 ἐκκλησίᾳ
1344 608 1542 678 ἐκλεξαμένους
1560 599 1663 674 ἄνδρας
1687 600 1716 662 ἐξ
1735 595 1826 653 αὐτῶν

132 685 346 758 Chrysoetomns
372 688 465 746 homil.
494 695 532 745 11.
559 690 587 745 in
610 691 675 747 Act.
701 698 730 747 et
755 691 802 746 alii
821 690 967 761 scriptores
994 697 1113 762 πέμψαι,
1143 712 1169 748 v.
1189 699 1235 761 25:
1255 693 1370 750 Placuit
1387 692 1467 747 nobis
1486 689 1636 762 (inquiunt)
1654 683 1826 751 collecticio

133 773 314 828 ecclesiastici
327 781 487 844 χειροτονία
499 793 566 831 voce
582 781 696 832 utantur
712 794 762 848 pro
781 778 967 845 ordinatione,
979 764 981 835 1
994 798 1078 833 unum
1095 779 1198 849 eligere
1217 781 1294 835 ciros
1312 788 1337 834 et
1352 781 1458 834 mittere
1476 779 1516 832 ad
1526 795 1583 846 σον,
1600 794 1625 830 v.
1644 781 1685 830 27.
1703 772 1826 827 misimus

133 876 205 930 quae
230 858 263 915 fit
286 876 337 931 per
363 878 494 916 manuum
518 862 733 933 impositionem,
759 881 792 919 ex
820 881 853 918 eo
875 839 1081 932 tamenliqitur
1102 866 1211 918 ιΙιιιίονττ
1239 875 1264 920 et
1291 866 1383 920 Silam
1410 871 1461 921 etc.
1496 864 1571 936 Ergo
1590 861 1673 917 etiam
1689 856 1837 930 posterius.

132 945 262 1016 propriae
280 946 353 1001 illius
373 947 570 1020 significationi
584 949 654 1004 nihil
667 950 785 1019 decedit,
803 949 881 1006 aliud
894 949 966 1004 enim
994 951 1053 1006 fieri
1072 951 1162 1008 debet.
1198 958 1222 1009 t.
1242 952 1272 1007 Si
1291 952 1328 1006 ad
1347 953 1492 1007 διακονίαν
1511 949 1541 1003 in
1559 946 1685 1004 collectis
1712 944 1749 1000 ad
1770 941 1827 999 frs·

132 1038 176 1087 est
198 1039 357 1104 χειροτονία
382 1034 493 1106 proprie
517 1036 558 1090 sic
587 1036 671 1106 diota,
697 1036 773 1091 aliud
794 1040 967 1108 χειροθεσίαν,
994 1043 1050 1095 tres
1068 1056 1170 1111 egenos
1187 1038 1357 1109 perferendis
1371 1044 1535 1108 occupatam
1544 1055 1578 1105 χε
1591 1038 1704 1107 ροτονία
1723 1037 1752 1086 et
1768 1028 1825 1086 suf·

132 1135 185 1189 pro
207 1136 264 1190 qua
289 1137 372 1176 sensu
397 1121 586 1177 ecclesiastico
619 1123 785 1193 quandoque
808 1128 967 1192 χειροτονία
993 1124 1114 1197 fragium
1136 1125 1268 1182 aedesius
1293 1125 1347 1179 fuit
1369 1123 1538 1188 adhibitum,
1569 1121 1655 1176 multo
1676 1116 1764 1191 magis
1788 1114 1824 1171 ad
1910 1141 1914 1150 ·

132 1203 261 1274 ponitur,
287 1207 708 1279 ρτσρ1ετεεσοοε1χειροθεσία
727 1208 870 1264 ministerii
890 1225 966 1279 prae
994 1213 1140 1268 διακονίαν
1168 1212 1199 1267 in
1225 1210 1376 1266 ministerio
1404 1209 1481 1265 verbi
1509 1216 1537 1264 et
1566 1205 1678 1278 publico
1707 1199 1824 1257 docendi

133 1300 274 1362 8119901181
288 1301 464 1369 χειροτονίαν
481 1293 586 1365 populi.
621 1295 720 1367 Neque
739 1313 788 1366 per
806 1292 967 1367 τδχειροτο·
995 1316 1106 1355 τοοοετε
1123 1304 1287 1368 occupatam
1300 1302 1458 1368 χειροτονία
1472 1302 1499 1349 et
1516 1292 1680 1364 suffragium
1692 1288 1825 1346 ecclesiae

134 1385 195 1433 νεῖν
214 1379 265 1434 hoc
290 1381 352 1436 loco
379 1381 497 1453 intelligi
522 1399 652 1437 manuum
679 1382 882 1452 impositionem
909 1381 967 1435 sive
994 1385 1126 1441 adhibere
1156 1382 1247 1438 debet
1301 1381 1357 1438 Sed
1388 1381 1456 1436 illud
1483 1381 1589 1435 factum
1618 1377 1656 1433 ab
1683 1372 1825 1447 apostolis,

134 1465 352 1536 ordinationem,
378 1474 457 1539 patet
476 1487 508 1524 er
527 1469 595 1539 ipsis
614 1467 705 1525 verbis
722 1468 825 1537 Lucae,
845 1467 968 1539 sequitur
997 1479 1020 1529 1.
1040 1472 1101 1526 Cor.
1124 1476 1169 1534 16,
1192 1487 1218 1527 τ.
1237 1475 1260 1524 3.
1297 1475 1321 1524 2.
1343 1467 1404 1524 Cor.
1424 1473 1453 1537 8,
1480 1485 1506 1523 v.
1528 1472 1565 1522 19.
1600 1464 1675 1535 Ergo
1694 1467 1722 1517 et
1737 1461 1826 1516 hoca

134 1552 208 1606 enim
226 1557 273 1606 καὶ
292 1553 512 1628 προσευξάμενοι
531 1574 591 1610 cum
599 1556 721 1625 jejuniis
738 1557 967 1610 commendarunt
994 1558 1074 1614 nobis
1091 1557 1150 1614 fieri
1162 1557 1254 1612 debet.
1290 1561 1314 1611 3.
1332 1555 1361 1611 si
1376 1554 1406 1609 in
1417 1554 1546 1624 episeopo
1561 1551 1708 1622 requiritur
1721 1547 1825 1604 bonurn

133 1655 184 1691 eos
211 1640 287 1706 Deo,
317 1639 366 1694 nbi
393 1640 421 1695 in
447 1641 531 1696 verbo
555 1641 774 1711 προσευξάμενοι
791 1647 967 1712 χειροθεσίαν
995 1644 1182 1701 testimoninm
1199 1643 1237 1698 ab
1256 1641 1406 1703 armareis,
1430 1641 1516 1694 multo
1540 1635 1629 1709 magis
1652 1634 1682 1689 in
1700 1635 1760 1705 ipso
1777 1630 1824 1688 eli·

134 1724 246 1778 demum
268 1724 301 1779 tit
324 1726 442 1793 mentio,
470 1734 501 1781 nt
525 1727 661 1794 colligitur
683 1745 716 1783 ex
739 1728 805 1782 locis
823 1727 966 1782 similibus.
993 1732 1084 1804 gendo
1109 1729 1259 1803 requiritur
1286 1729 1389 1784 bonum
1421 1724 1609 1782 testimonium
1634 1720 1670 1775 ab
1699 1717 1825 1782 ecclesis,

133 1809 230 1866 Actor.
256 1817 284 1878 6,
309 1830 335 1869 τ.
368 1819 400 1867 6;
428 1814 547 1868 Orantee
577 1815 768 1884 imposuerunt
794 1815 835 1868 cis
862 1830 966 1868 manus.
993 1818 1038 1873 cni
1056 1816 1257 1889 praeficiendus
1275 1822 1323 1871 est
1359 1814 1414 1871 Sed
1433 1812 1509 1883 prius
1533 1811 1562 1865 in
1587 1808 1716 1880 episcopo
1733 1802 1825 1876 requi·

134 1896 230 1951 Actor.
252 1904 276 1959 7,
298 1917 324 1951 v.
346 1905 389 1954 l'l:
411 1900 536 1953 Orabant
554 1909 580 1955 st
598 1902 775 1970 imponebant
786 1901 847 1955 illis
859 1917 966 1953 aranas.
992 1905 1029 1960 rit
1055 1904 1198 1975 apostolus
1227 1910 1249 1959 1.
1274 1902 1346 1958 Tim.
1370 1907 1400 1965 3,
1429 1917 1456 1954 τ.
1481 1906 1506 1955 7.
1541 1897 1617 1968 Ergo
1642 1900 1671 1949 et
1688 1888 1824 1964 posteriue

131 1983 229 2039 Actor.
250 1990 294 2052 13,
321 2003 348 2042 v.
368 1994 397 2045 3:
423 1987 592 2055 Jejunantes
611 1997 637 2042 et
655 1997 766 2043 arantes
785 1989 966 2058 imponentes·
992 2010 1046 2046 non
1074 1991 1158 2047 debet
1183 1987 1373 2061 praetermitti.
1408 1984 1545 2059 Agnoscit
1570 1983 1626 2037 vim
1649 1996 1683 2037 ac
1710 1993 1823 2037 nervum

133 2087 188 2139 que
211 2070 270 2124 illis
295 2090 394 2126 manus
417 2073 582 2127 dimiserunt
608 2092 662 2130 eos.
698 2075 772 2147 Ergo
796 2075 966 2144 praecedens
992 2078 1089 2133 horum
1101 2083 1335 2149 argumentorum,
1347 2072 1509 2146 praesertim
1523 2088 1587 2126 vero
1599 2065 1823 2139 perspicuitatem
1839 2075 1948 2120 matt

127 2163 301 2225 χειροτονεῖν
319 2156 481 2213 electionem
498 2176 548 2229 per
566 2160 700 2231 suffragia
718 2161 859 2231 exprimit,
881 2177 964 2232 quam
991 2164 1045 2220 loci
1063 2170 1087 2220 2.
1105 2164 1166 2219 Cor.
1186 2168 1216 2231 8,
1239 2180 1264 2215 τ.
1287 2167 1324 2218 19.
1344 2159 1392 2237 nbi
1404 2166 1563 2231 χειροτονία
1581 2154 1683 2209 diserte
1700 2146 1824 2207 ecclfflfiss

132 2243 308 2314 impositione
327 2260 458 2299 mannum
475 2263 538 2301 cum
563 2247 691 2317 precibus
711 2256 739 2303 et
757 2247 871 2318 jejuniis
890 2248 965 2302 taeta
991 2251 1128 2314 tribuitur,
1142 2249 1228 2321 Alph.
1243 2246 1435 2314 Salmeronins,
1451 2244 1524 2298 unde
1535 2246 1616 2298 tract.
1631 2246 1673 2296 41.
1685 2238 1713 2292 in
1726 2252 1823 2291 comm.

132 2329 252 2400 apostoli
276 2328 480 2388 confirmarunt.
520 2332 607 2402 Syrus
632 2339 660 2389 et
684 2333 789 2397 Arabs,
819 2335 964 2388 constitue·
991 2355 1015 2394 c.
1036 2342 1076 2391 11.
1094 2335 1157 2390 Act
1177 2352 1242 2406 pag.
1262 2341 1319 2389 219.
1340 2333 1379 2388 sio
1398 2331 1506 2386 scribit:
1535 2329 1648 2384 Graeca
1667 2342 1719 2380 oon
1733 2340 1823 2397 χειρο-

133 2423 200 2468 runt
226 2434 259 2469 ac
286 2417 415 2479 fecerunt
435 2418 644 2488 illicientem,
665 2419 848 2475 Oecumenius
865 2421 894 2473 in
912 2419 964 2475 hoc
991 2422 1152 2492 πονήσαντες
1175 2421 1314 2476 irseenitur
1336 2420 1387 2472 boc
1411 2420 1472 2472 loeo
1497 2423 1605 2469 tantum
1630 2408 1824 2466 1110018.

132 2500 196 2556 loco
212 2499 282 2574 μετὰ
300 2504 432 2570 νηστειῶν
457 2507 503 2557 καὶ
526 2502 616 2574 εὐχῶν
643 2507 759 2560 ίττσίοον
789 2509 816 2561 ol
840 2512 963 2581 μαθηταὶ
991 2510 1166 2564 abires-bum
1184 2513 1389 2580 χειροτονηθείς
1410 2504 1515 2573 legitur
1538 2503 1569 2555 in
1590 2501 1671 2566 fante
1699 2495 1823 2563 Graeco,

127 2594 316 2658 χειροτονίας,
334 2591 529 2659 conjejuna
547 2600 572 2645 et
587 2593 718 2661 precibus
733 2595 863 2657 focerunt
881 2593 965 2646 dr'sci·
991 2598 1168 2666 decemper
1193 2595 1330 2664 majorem
1349 2600 1463 2662 partem
1488 2586 1691 2660 suffragiorum
1715 2582 1824 2636 electus.
1893 2636 1896 2641 Α

129 2675 339 2746 pulimunuum
351 2677 529 2746 mensiones,
549 2676 655 2733 hccest
672 2679 808 2735 dederunt
824 2678 964 2751 suffragia.
994 2684 1229 2748 Quemadmodum
1257 2682 1344 2750 igitur
1367 2677 1491 2748 apostoli
1514 2676 1697 2730 diaconorum
1722 2674 1824 2738 septem

133 2760 287 2833 Cajetanus
313 2761 342 2815 in
367 2779 478 2819 comm:
507 2763 575 2818 Cum
601 2766 818 2834 constituissent,
848 2767 898 2820 boe
926 2774 966 2820 est
993 2763 1559 2834 electionemetnominationemfldelibus
1572 2759 1736 2844 obtulerant,
1755 2771 1824 2823 quos

133 2848 304 2918 ἀείερὶτεοσί
317 2850 503 2920 presbyteros.
539 2851 656 2908 Frustra
673 2859 766 2909 autem
784 2853 966 2909 Bellarminus
992 2857 1049 2927 ipsi
1074 2855 1246 2910 orationibus
1273 2862 1299 2908 et
1316 2852 1492 2922 impositione
1518 2865 1651 2903 manuum
1669 2845 1710 2898 ad
1728 2843 1824 2896 diaco·

132 2935 256 3008 colligit,
273 2955 329 2993 non
346 2938 457 3008 populi,
482 2939 532 2994 sed
551 2941 737 3011 apostoloram
758 2943 893 2998 duntaxat
910 2940 965 2995 sut·
991 2951 1089 2997 natum
1111 2949 1327 3012 promoverem
1348 2939 1391 2994 ita
1415 2938 1460 2992 nic
1486 2935 1596 2990 Paulus
1619 2940 1644 2986 et
1671 2927 1825 2984 Barnabas

132 3022 225 3094 fragia
241 3022 287 3077 bic
304 3023 486 3096 intelligenda
504 3042 564 3081 esse
583 3045 616 3082 er
635 3045 679 3096 eo,
707 3029 780 3099 quod
804 3029 879 3098 apud
902 3046 964 3099 pro·
993 3032 1129 3085 dederunt
1147 3028 1322 3083 credentibus
1341 3026 1522 3093 facultatem,
1542 3031 1572 3076 ut
1594 3018 1771 3073 nominarent
1789 3031 1824 3069 σο

133 3109 215 3164 fanos
227 3109 375 3180 scriptores
393 3119 567 3182 χειροτονεῖν
587 3113 724 3185 significet
741 3117 852 3187 proprio
869 3115 966 3190 suffra·
992 3119 1125 3188 eligerent
1143 3118 1172 3171 in
1190 3134 1244 3170 sua
1269 3131 1378 3185 quaqua
1401 3112 1513 3166 civitate
1537 3109 1712 3180 episcopum,
1744 3117 1823 3175 imm

133 3195 183 3266 gio
206 3193 316 3267 eligere.
347 3205 519 3270 χειροτονεῖν
545 3199 618 3253 enim
642 3202 772 3270 generale
795 3210 838 3256 eet
862 3201 965 3273 signifi·
992 3206 1049 3275 ipsi
1061 3212 1162 3274 postea
1182 3203 1355 3257 orationibus
1373 3207 1399 3254 et
1411 3197 1535 3269 jejuniis
1550 3204 1575 3250 et
1590 3211 1721 3247 manuum
1738 3192 1824 3261 impo-

133 3298 201 3337 oans
213 3283 315 3354 eligere
326 3300 376 3354 per
389 3283 531 3356 suffragia,
542 3285 599 3342 sive
613 3287 762 3356 proprium,
774 3288 832 3344 sive
843 3289 966 3343 aliorum.
992 3293 1092 3347 sitione
1105 3291 1313 3346 consecrabant.
1343 3287 1421 3342 Haec
1430 3281 1617 3341 Salmeronins
1631 3283 1754 3335 nostram
1764 3293 1823 3331 sen·

132 3368 182 3425 sic
200 3370 276 3440 apud
300 3369 529 3441 Aristophanem:
556 3374 606 3439 τὴν
626 3371 713 3444 ἀρχὴν
735 3374 965 3447 κεχειροτόνημαι,
993 3380 1107 3448 carpam
1123 3376 1297 3448 approbans,
1321 3370 1491 3430 Bellarmino
1514 3385 1578 3424 vero
1597 3367 1701 3421 directe
1719 3369 1824 3418 contra

135 3456 328 3528 magistratum
338 3457 467 3526 aliorum,
486 3459 582 3528 populi
601 3460 715 3529 scilicet,
732 3461 864 3531 suffragio
881 3463 965 3533 adep·
993 3466 1096 3528 dicens,
1115 3464 1189 3519 unde
1207 3463 1290 3519 etiam
1304 3465 1486 3532 χειροθεσίαν
1499 3461 1544 3510 καὶ
1559 3451 1727 3508 κατάστασιν
1745 3448 1823 3504 mini-

134 3549 180 3598 tus
207 3561 281 3612 snm,
309 3550 418 3599 oreatus
443 3561 504 3598 sum
524 3547 708 3617 magistratus.
745 3548 826 3602 Plato
846 3550 880 3604 de
900 3549 965 3616 legi·
992 3553 1074 3608 sterio
1088 3551 1209 3606 debitam
1223 3552 1407 3620 exsuperante
1419 3543 1522 3615 populo
1537 3543 1709 3610 competente
1729 3536 1823 3591 distin·

132 3630 187 3684 bus
206 3625 247 3689 οἷς
266 3629 302 3684 cir
320 3634 432 3698 πλείστη
446 3638 606 3704 χειροτονία
624 3639 767 3704 γίγνηται,
800 3635 847 3706 qui
869 3636 966 3705 majori
992 3640 1062 3710 guit.
1102 3636 1219 3692 Lorinns
1242 3635 1325 3691 etiam
1344 3634 1374 3688 in
1397 3649 1491 3687 comm.
1515 3629 1598 3700 hujus
1618 3624 1671 3680 loci
1689 3621 1823 3694 agnoscit,

133 3715 330 3787 suffragiorum
356 3734 470 3773 numero
487 3727 552 3773 sunt
578 3718 686 3777 delecti.
728 3722 787 3778 Nec
813 3740 894 3792 posse
921 3724 964 3778 vel
992 3727 1149 3780 electionem
1170 3723 1279 3793 populo
1303 3722 1333 3773 in
1352 3721 1404 3773 bac
1422 3717 1611 3770 ministrorum
1630 3707 1822 3765 comtitulione

133 3805 235 3859 debere
254 3805 350 3875 populi
367 3805 501 3877 suffragia
518 3806 563 3861 hio
582 3807 692 3863 exclusa
711 3809 837 3880 intelligi,
857 3818 965 3866 constat
990 3814 1081 3875 fuisse
1099 3813 1287 3878 conjunctam,
1311 3805 1393 3861 modo
1416 3804 1547 3869 obtineat,
1567 3798 1767 3855 ordinationem
1786 3793 1822 3849 ab

131 3907 188 3946 non
206 3890 295 3946 solum
313 3908 346 3947 er
364 3898 455 3947 textus
477 3892 687 3949 circumstantiis
707 3898 789 3966 (quac
806 3896 878 3952 enim
896 3898 965 3954 hacc
991 3897 1121 3969 apostolis
1149 3896 1203 3951 illis
1234 3895 1270 3950 ab
1302 3892 1419 3950 ecclesia
1446 3888 1541 3945 electis
1570 3886 1698 3941 collatam
1727 3880 1821 3944 fnisse,

131 3978 233 4034 tumeat
246 3986 419 4049 χειροτονία,
448 3980 545 4035 electio
565 3998 615 4051 per
639 3982 785 4054 suffragia,
813 3987 835 4039 si
854 3987 882 4041 hi
910 3988 964 4041 duo
991 3985 1065 4056 quod
1083 4003 1133 4040 noe
1151 3983 1262 4037 minime
1280 3998 1422 4053 negamus.

133 4065 284 4133 duntaxat,
304 4065 408 4121 Paulus
427 4073 455 4122 et
472 4067 625 4130 Barnabas,
644 4071 754 4141 proprio
774 4073 886 4129 arbitrio
906 4074 964 4128 sine
1026 4080 1067 4128 91.
1093 4071 1216 4125 Tertiam
1243 4074 1468 4140 argumentorum
1495 4063 1611 4118 classem
1638 4057 1757 4130 petimus
1789 4061 1902 4108 ext-1³1

132 4151 268 4208 ecclesiae
295 4153 429 4224 suffragio
462 4154 641 4225 presbyteros
671 4159 909 4228 constituissent‘l)
937 4169 965 4218 et
992 4159 1070 4228 praxi
1109 4157 1265 4229 primitivae
1302 4153 1448 4220 ecclesiae,
1485 4151 1522 4205 ad
1552 4164 1635 4221 quam
1670 4142 1821 4215 pertinent:
1835 4115 1948 4217 illigetur

131 4257 165 4294 ex
183 4239 311 4294 vocabuli
329 4240 511 4310 proprietate,
536 4242 585 4296 sed
610 4244 693 4298 etiam
718 4263 751 4299 ex
776 4248 964 4315 superioribus
993 4249 1015 4297 1.
1027 4245 1208 4298 conciliorum
1230 4245 1357 4309 rlecreto,
1384 4243 1411 4293 2.
1426 4246 1542 4308 patrum
1558 4235 1642 4298 diota,
1661 4235 1687 4285 3.
1700 4230 1821 4300 probata
1834 4217 1952 4312 efff‘u

130 4325 265 4395 exemplis
291 4334 319 4382 et
346 4342 379 4381 er
406 4326 468 4381 aliis
495 4327 655 4398 Scripturas
682 4329 757 4386 locis.
800 4331 896 4390 Actor.
926 4341 963 4403 15,
991 4332 1132 4401 legitimae
1148 4329 1301 4383 vocationis
1320 4327 1453 4396 mempla.
1493 4332 1514 4381 1.
1532 4324 1565 4378 In
1584 4319 1735 4377 canonibus
1754 4333 1822 4388 apo·
1835 4320 1947 4363 renuitas.

130 4431 156 4466 τ.
177 4418 224 4468 22:
254 4413 369 4467 Placuit
378 4415 553 4483 apostolieae
571 4417 726 4470 senioribus
746 4437 806 4472 cum
826 4423 903 4474 omni
922 4439 963 4476 eo·
990 4418 1136 4484 stolorum,
1163 4433 1231 4487 quos
1256 4413 1370 4486 quidam
1395 4430 1427 4467 ex
1452 4408 1606 4465 Pontificiis
1623 4423 1674 4480 pro
1693 4402 1822 4477 genuinis

129 4500 218 4553 alesia
227 4499 486 4554 electoaenseoiros
495 4502 603 4556 marem
612 4504 800 4559 Antiochiam.
822 4507 913 4562 l.Cor.
925 4514 963 4573 16,
991 4508 1160 4576 agnoscunt,
1193 4518 1253 4557 can.
1274 4507 1315 4556 36.
1335 4498 1478 4564 statuitur,
1506 4499 1584 4567 quod
1602 4497 1747 4565 ⁶Pi⁶⁶⁰P²²⁸
1766 4511 1822 4548 ²²⁰'l

128 4603 154 4641 r.
175 4593 206 4642 3:
224 4584 295 4638 Cum
307 4604 442 4654 praecem
459 4589 560 4654 fuero,
584 4608 760 4660 quascunque
774 4594 964 4661 probaveritis
990 4591 1090 4644 debeat
1120 4588 1314 4641 ordinationes
1339 4588 1437 4650 facere
1463 4586 1493 4637 in
1515 4583 1674 4638 ciuitatibus
1693 4587 1718 4632 et
1735 4578 1819 4644 villis,

123 4688 180 4742 W
198 4672 343 4741 0111110109
362 4674 412 4727 bos
430 4674 544 4729 mittam.
580 4682 604 4731 2.
623 4675 684 4730 Cor.
705 4683 728 4746 8,
751 4696 776 4735 v.
799 4686 842 4736 19:
871 4685 964 4734 Lucae
990 4693 1061 4745 quae
1086 4675 1133 4728 illi
1155 4674 1235 4727 nullo
1258 4674 1327 4742 jure
1349 4673 1489 4742 subjectae
1514 4679 1578 4725 suist
1592 4676 1709 4737 practer
1727 4683 1822 4720 eorum

129 4767 169 4811 cst
180 4763 387 4830 χειροτονηθεὶς
405 4758 459 4814 ὑπὸ
473 4763 527 4816 τιίν
546 4762 704 4833 ἐκκλησιῶν,
721 4765 822 4819 εἰσοίσει
836 4770 963 4835 pasus·
989 4762 1199 4830 conscientiam,
1227 4761 1276 4830 qui
1298 4761 1424 4815 civitates
1441 4766 1467 4810 et
1484 4757 1569 4811 villas
1586 4754 1714 4807 detinent.
1750 4751 1821 4808 Gon·

124 4847 227 4913 fragia
245 4847 433 4912 ecclesiarum,
453 4865 542 4902 eomes
560 4859 663 4920 noster,
682 4851 730 4907 ubi
748 4849 778 4907 τὸ
791 4862 963 4924 χειροτονεῖν
989 4849 1082 4904 cilium
1101 4848 1252 4904 Nioaonum
1273 4847 1357 4901 talem
1375 4845 1544 4900 sanctionem
1562 4839 1711 4908 constituit,
1729 4846 1761 4894 ut
1779 4847 1821 4896 est

127 4931 252 4987 ecclesiis
275 4932 413 4989 tribuitur.
462 4941 482 4991 1.
506 4934 577 4990 Tim.
603 4943 633 5004 3,
663 4955 689 4996 r.
710 4945 739 4992 i:
769 4939 888 5007 Opertae
906 4942 962 5010 epi-
989 4937 1017 4990 in
1030 4934 1147 5006 epistola
1160 4934 1293 5004 synodica
1307 4932 1382 5004 apud
1394 4930 1599 4984 Theodoretum
1612 4927 1673 4983 libr.
1692 4926 1821 4983 l.histor.

125 5035 240 5088 scopum
260 5018 361 5072 labere
381 5020 480 5074 bonum
497 5022 698 5093 testimoninm,
726 5025 762 5078 ad
782 5043 852 5096 quae
870 5026 962 5081 omnia
990 5023 1085 5079 eccles.
1113 5038 1137 5076 c.
1162 5029 1185 5078 9.
1213 5021 1286 5075 circa
1313 5020 1412 5073 finenm
1433 5018 1478 5093 *si
1504 5017 1565 5085 quis
1587 5018 1662 5078 forte
1687 5014 1821 5070 ecclesiae

125 5103 311 5158 Bellarminus
328 5103 399 5158 1111111
415 5107 572 5177 respondet,
591 5109 640 5163 sed
654 5110 729 5165 sicco
744 5112 815 5181 pede
829 5129 862 5167 ea
873 5118 961 5166 mans·
984 5110 1103 5178 praesul
1122 5107 1322 5170 obdormierit,
1342 5107 1394 5174 jue
1412 5112 1485 5172 esto,
1507 5103 1600 5173 paulo
1621 5108 1686 5156 ante
1706 5101 1822 5170 receptis

125 5190 189 5244 silit.
226 5189 284 5244 Noe
304 5197 396 5246 autem
416 5209 451 5247 ex
471 5193 525 5246 illis
548 5193 618 5248 talia
643 5195 769 5251 ducimus
789 5206 960 5269 argumenta.
987 5197 1135 5249 succedere
1161 5195 1192 5247 in
1214 5195 1306 5246 locum
1330 5191 1482 5260 demortui,
1512 5191 1540 5243 ei
1563 5191 1646 5245 modo
1670 5195 1696 5242 et
1719 5185 1824 5240 mereri

126 5283 148 5333 1.
167 5276 246 5333 siin
268 5276 402 5348 eligendis
421 5278 490 5344 illis,
517 5280 566 5352 qui
589 5281 721 5336 mandata
746 5283 962 5339 extraordinarie
987 5283 1152 5335 videbuntur
1186 5287 1211 5333 et
1227 5279 1353 5349 populns
1371 5277 1502 5346 elegerit,
1530 5278 1571 5331 sic
1592 5286 1690 5339 ίοατεσ,
1711 5283 1742 5328 ut
1761 5275 1822 5340 suf-

124 5364 160 5418 ad
189 5362 322 5420 ecclesias
348 5364 513 5434 perferrent,
549 5365 713 5436 suffragium
746 5369 879 5425 ecclesiae
906 5371 961 5426 fnit
988 5369 1115 5437 fragium
1134 5375 1160 5420 et
1173 5366 1257 5436 quasi
1268 5363 1442 5431 concionatio
1456 5365 1573 5416 accedat
1590 5362 1715 5431 episcopi
1729 5359 1821 5415 catto·

124 5449 288 5518 adhibitum,
310 5454 414 5521 quanto
432 5452 521 5523 magis
539 5452 568 5507 in
586 5452 721 5523 eligendis
735 5454 805 5523 illis,
822 5456 869 5525 qui
888 5456 960 5510 ordi·
988 5455 1061 5508 licae
1079 5452 1293 5507 Alexandrinae
1310 5451 1452 5505 eccledae.
1487 5447 1608 5519 (Excipit
1627 5445 1820 5510 Benarminus,

125 5535 201 5591 nario
220 5534 338 5591 docendi
356 5553 470 5593 munere
488 5536 568 5610 iungi
586 5538 703 5607 debent,
733 5538 896 5610 suffragium
917 5557 960 5601 ec·
988 5559 1021 5601 ec
1039 5542 1090 5595 boc
1107 5537 1264 5597 cerimonia
1283 5537 1356 5594 nina
1373 5536 1459 5592 aliud
1475 5535 1574 5607 colligi
1579 5551 1674 5604 posse,
1694 5533 1752 5588 nisi
1756 5533 1821 5607 jam
