4020 6014
709 285 761 340 DE
786 278 1038 341 MAGIS'IRA'PU
1060 284 1245 343 Pontico.
1764 294 1821 350 441

138 457 200 494 cum
231 439 297 493 nihil
326 439 381 494 tale
409 439 445 494 ab
472 441 531 512 ipso
556 439 654 494 fuisset
678 439 789 495 iactum.
834 440 877 496 Sit
899 456 965 510 ergo
995 440 1038 510 psi
1067 441 1130 495 hist.
1157 440 1248 495 Caroli
1276 440 1326 494 IX.
1371 439 1480 496 Galliae
1508 441 1581 513 rogis
1608 458 1662 496 non
1690 440 1825 496 immerito

140 525 313 596 magistratui
346 532 479 596 perpetuo
516 526 544 579 in
576 533 726 597 conspectu
754 526 845 596 posita
876 526 969 579 divina
995 526 1055 596 ipse
1073 526 1294 598 reprehenditur,
1311 529 1388 596 quod
1400 527 1430 580 in
1443 528 1537 581 natali
1546 527 1631 594 filiae
1648 544 1723 594 suae,
1743 543 1826 595 quam

138 612 243 665 sancho
263 612 345 666 Deut
367 618 411 677 11,
432 631 457 665 ι.
478 619 507 668 t:
529 612 563 666 Si
579 613 670 666 scelus
688 613 809 680 aliquod
825 613 969 665 renuntia·
995 630 1028 666 ec
1060 614 1188 667 isabella
1219 615 1373 667 Austriaaa
1404 613 1601 668 Macimiliani
1628 613 1671 667 ΙΙ.
1700 613 1826 667 camara

138 707 195 750 tum
212 698 264 750 tibi
273 698 369 765 fuerit
391 706 472 766 atque
491 699 633 767 audieras,
656 700 791 767 inquirito
810 699 968 766 dilioenter,
993 700 1057 764 filia
1077 701 1154 766 tulit,
1179 707 1236 752 tam
1254 700 1356 752 auidus
1369 702 1466 766 fuerit
1486 701 1703 768 spectandorum
1719 698 1826 769 suppa

138 801 171 836 ac
200 784 227 837 si
248 801 315 836 oera
344 802 378 836 aa
406 794 484 837 certa
507 786 598 847 suerit
618 802 663 838 res
689 786 757 852 illa,
780 785 807 837 si
823 785 969 838 commuta
995 786 1110 848 ciorum,
1130 794 1160 838 ut
1173 788 1224 839 sub
1243 802 1371 839 occasum
1388 786 1458 839 solis
1476 788 1557 850 faces
1577 786 1697 839 accendi
1707 785 1828 854 jusserit

137 870 227 934 fuerit
250 871 421 925 abominatio
447 872 503 923 ista
531 872 561 923 in
584 871 711 939 Israe'ls,
739 879 803 923 tunc
826 874 969 939 produces
995 873 1072 925 circa
1084 874 1206 938 furcam,
1225 880 1256 925 ut
1273 873 1449 925 morientium
1465 890 1517 925 ora
1529 874 1632 926 certius
1644 876 1826 940 capnosceret.

138 958 226 1009 airum
244 956 325 1009 illum
343 964 392 1009 aut
410 957 552 1010 viridiorem
570 957 659 1010 illam.
679 973 701 1012 e.
723 963 770 1023 19,
790 975 816 1012 v.
838 962 881 1012 18:
902 958 970 1011 Οιιιιι
995 957 1167 1013 Detestanda
1184 964 1226 1012 est
1244 957 1388 1029 Caligulae
1407 958 1566 1025 crudelitas,
1584 958 1632 1029 qui
1652 975 1707 1012 non
1719 960 1827 1011 tantm

139 1043 351 1111 dilipentissims
372 1051 580 1117 perscrutantes
599 1043 714 1110 judices
731 1043 893 1106 inuenerint,
910 1043 970 1106 fal·
995 1043 1172 1114 cupidissime
1190 1045 1335 1114 spectabat
1354 1044 1504 1114 supplicia,
1525 1043 1676 1098 sedetiam
1696 1059 1757 1098 reos
1777 1040 1827 1096 mi-

139 1129 506 1182 sumtestimoniumcontra
525 1124 646 1192 fratrem
665 1129 778 1194 ᾱιιιζιιι,
798 1131 916 1182 reddent
935 1130 969 1191 ei,
995 1131 1069 1184 nutis
1099 1131 1213 1185 lacerari
1239 1131 1359 1200 jubebat
1381 1129 1498 1194 ictibus,
1527 1130 1646 1184 subinde
1670 1127 1826 1184 camificsm

137 1216 210 1268 ιιιιιι
225 1216 319 1279 fratri
335 1216 432 1277 facere
448 1214 589 1282 copitaoit.
626 1217 653 1271 3.
675 1213 834 1268 Sententiae
852 1223 877 1268 et
896 1231 970 1268 ease-
994 1216 1186 1287 interpellans:
1211 1219 1295 1285 Οιιιι,
1315 1225 1345 1269 ιιι
1362 1233 1393 1270 ιι
1410 1218 1484 1269 mari
1500 1217 1611 1284 sentiat,
1631 1215 1776 1271 Suetonius
1797 1214 1827 1268 in

139 1302 261 1355 cationes
291 1319 388 1353 earum
417 1300 448 1353 in
473 1301 644 1369 capitalibus
670 1301 790 1368 iudiciis
819 1319 876 1354 non
907 1272 1084 1401 sunticahg.
1128 1305 1167 1355 At
1191 1304 1321 1355 miseriem
1345 1304 1477 1355 senectuti
1499 1303 1710 1355 instrumentum
1734 1316 1827 1355 recor

137 1388 378 1485 praecipitandae.
422 1385 539 1474 Profluit
564 1385 616 1440 hoc
648 1401 681 1439 ex
713 1387 818 1456 priore,
846 1386 869 1440 si
897 1386 970 1441 euim
996 1390 1075 1442 datio
1088 1389 1264 1442 cmsdelitatis
1265 1389 1376 1459 rnqurt
1384 1388 1547 1442 Ammianus
1556 1386 1708 1442 Marcellin
1721 1387 1770 1442 lib.
1784 1391 1825 1442 ²9.

141 1473 231 1529 omnia
252 1474 398 1543 diligenter
416 1456 492 1542 prius
510 1472 688 1543 exquirenda,
708 1473 770 1526 ideo
790 1472 826 1526 ad
847 1472 971 1526 veritatis
997 1479 1021 1529 5
1047 1477 1083 1528 In
1110 1479 1252 1529 cadauera
1281 1476 1470 1538 maleficorum
1497 1475 1635 1544 supplicio
1663 1476 1827 1544 affectorum

141 1560 383 1631 investigationem
412 1560 479 1612 satis
502 1559 634 1628 temporis
661 1575 693 1612 ac
713 1558 875 1629 diligentiae
894 1557 970 1611 adhi-
996 1579 1051 1615 non
1070 1571 1110 1615 ιιι
1127 1563 1314 1617 saeviendum.
1348 1561 1466 1615 Furinae
1486 1560 1538 1615 hoc
1557 1567 1599 1614 est
1615 1558 1701 1613 rabiei
1720 1565 1748 1614 et
1765 1576 1826 1614 cru-

10 1655 68 1697 xiv.
83 1654 128 1696 ιιι.
140 1648 269 1702 bendum.
304 1645 476 1699 Theodosius
499 1662 560 1698 cum
586 1660 636 1714 per
655 1644 724 1698 iram
743 1661 837 1698 omnes
852 1643 969 1698 Thessa·
996 1646 1132 1711 (talitatis,
1161 1665 1197 1703 ne
1216 1649 1278 1719 ipsa
1295 1647 1406 1718 quidem
1430 1654 1516 1701 morte
1536 1646 1631 1700 satiari
1656 1662 1751 1717 posse,
1774 1645 1827 1702 aad

141 1733 294 1787 lonicense's
312 1733 483 1794 damnasset,
511 1730 616 1786 monitu
632 1729 772 1784 Ambrosii
789 1730 880 1800 legem
897 1729 969 1796 tulit,
996 1732 1023 1786 in
1056 1741 1223 1788 mortuorum
1249 1733 1387 1788 cadavera
1419 1733 1549 1803 injurium
1582 1748 1649 1786 esse.
1696 1729 1827 1796 Quamvis

141 1829 169 1873 ut
192 1819 333 1889 supplicia
359 1819 495 1887 capitalia
512 1826 579 1886 post
603 1817 784 1885 imperatoris
801 1816 969 1884 rescriptum
995 1836 1062 1890 ergo
1087 1837 1203 1891 corpora
1231 1822 1423 1876 damnatorum
1447 1827 1511 1890 post
1540 1821 1636 1874 mortis
1663 1818 1827 1874 sententiam
1925 1802 1928 1815 ¹

135 1921 191 1975 por
208 1905 399 1972 tripintaoties
415 1906 659 1972 nispeneierentur,
678 1902 877 1973 quaehabetur
895 1902 912 1954 l.
928 1908 968 1956 20.
995 1907 1164 1960 exsecutioni
1195 1907 1289 1962 datam
1316 1908 1418 1961 nemini
1442 1907 1525 1961 hceat
1556 1907 1662 1977 absque
1692 1920 1827 1960 consensu

138 1991 166 2046 C.
194 1990 229 2044 de
258 1990 362 2060 poenis.
388 2007 410 2043 c.
454 1990 540 2059 Apud
564 1989 790 2044 Thessalonicam
825 1994 863 2042 11.
893 2005 919 2057 q.
945 1993 969 2042 3.
996 1992 1173 2062 magistratus
1197 2009 1313 2049 ecruce
1331 1994 1375 2047 vel
1400 1994 1525 2065 patibulo
1542 1991 1639 2047 tollere
1659 1998 1687 2046 et
1705 1992 1827 2061 sepultu-

138 2075 310 2146 Nicephorus
330 2075 375 2129 lib.
399 2080 438 2130 11.
458 2075 521 2131 hist.
540 2075 637 2130 eccles.
655 2093 679 2128 c.
697 2081 739 2130 41.
773 2073 927 2129 Festinatio
941 2079 969 2128 et
995 2093 1043 2132 rae
1060 2079 1176 2143 tradere,
1195 2097 1230 2134 ne
1249 2080 1310 2149 ipso
1327 2078 1403 2133 facto
1421 2079 1558 2133 sententia
1574 2078 1677 2149 judicis
1694 2077 1826 2132 adversus

139 2161 180 2217 ira
199 2168 266 2216 runt
282 2162 353 2215 duae
377 2160 536 2231 capitalium
551 2160 719 2231 judiciorum
744 2166 844 2231 pestes.
882 2162 970 2228 Lepos
996 2179 1043 2217 ecs
1061 2164 1170 2233 prolata
1189 2164 1343 2235 injustitiae
1361 2163 1485 2219 accusari
1497 2163 1632 2228 videatur,
1649 2170 1682 2219 ut
1693 2164 1828 2234 colligunt

141 2251 182 2302 ad
199 2249 372 2318 puniendum
390 2265 445 2301 non
459 2248 618 2317 iracundia,
637 2250 690 2301 sed
706 2248 848 2316 aequitate
866 2249 971 2300 ducun-
992 2248 1063 2317 juris
1081 2249 1243 2320 interpretes
1262 2267 1295 2304 ex
1316 2251 1333 2303 Ι.
1352 2249 1519 2320 Capitalium
1537 2255 1565 2303 et
1584 2249 1601 2306 l.
1625 2249 1776 2320 Corporum
1795 2247 1826 2303 ff.

139 2345 193 2402 tur,
206 2335 302 2390 Cicero
311 2334 357 2388 lib.
372 2340 393 2389 1.
408 2333 480 2388 offic.
507 2334 611 2390 Eodem
625 2352 690 2401 ergo
705 2335 786 2389 modo
796 2334 883 2404 judex
896 2338 970 2404 agat,
997 2334 1031 2388 de
1048 2335 1229 2390 cadavmibus
1244 2337 1449 2402 damnatorum
1467 2343 1560 2391 tamen
1575 2335 1650 2390 dicta
1669 2336 1687 2389 l.
1707 2335 1828 2406 Corpora

140 2422 242 2492 quippe
270 2420 317 2490 qui
344 2426 387 2475 est
415 2421 459 2475 lex
487 2421 615 2475 animata
657 2421 717 2476 Nec
743 2420 797 2474 alia
826 2420 861 2472 de
887 2435 971 2473 causa
997 2427 1025 2475 et
1044 2421 1061 2475 l.
1080 2419 1189 2476 Graeca
1214 2428 1238 2478 o.
1263 2421 1294 2478 C.
1324 2423 1359 2477 de
1377 2420 1506 2478 haeretic.
1525 2428 1614 2477 exstat
1631 2422 1714 2493 plena
1732 2421 1827 2476 huma·

140 2525 222 2578 quam
248 2508 304 2561 irae
329 2507 466 2562 sedandae
490 2508 582 2578 gratia
612 2523 720 2561 secures
741 2506 816 2576 apud
833 2506 971 2560 Romanos
996 2507 1090 2562 nitatis
1115 2507 1287 2576 constitutio,
1318 2509 1394 2577 quod
1415 2526 1471 2561 non
1492 2509 1582 2562 solum
1606 2509 1747 2576 eopnatis,
1776 2508 1829 2561 scd

140 2595 261 2649 fascibus
281 2601 360 2648 erant
380 2593 519 2664 alligatae,
539 2592 707 2648 Plutarchus
727 2593 755 2646 in
774 2592 970 2663 quaestRom.
996 2595 1080 2648 etiam
1110 2594 1274 2663 quibuslibet
1300 2594 1457 2664 petentibus
1486 2612 1606 2664 corpora
1630 2597 1828 2649 damnatorum

141 2700 166 2752 q.
188 2687 229 2736 82.
265 2680 376 2750 Cogitet
400 2695 465 2751 ergo
485 2678 573 2749 judex
595 2678 664 2732 illud
689 2677 809 2734 Senecae
827 2679 875 2732 lib.
894 2685 918 2734 ι.
936 2679 972 2733 de
997 2682 1038 2734 ad
1056 2681 1229 2749 sepulturam
1246 2683 1347 2735 danda
1360 2682 1423 2749 sint,
1444 2681 1518 2735 unde
1531 2679 1628 2736 Cicero
1640 2680 1721 2737 Verri
1734 2679 1827 2750 probri

142 2769 183 2822 ira
208 2784 231 2821 c.
259 2775 303 2823 ιιι
330 2768 427 2820 Ροιιιι
450 2782 545 2834 poena
569 2767 661 2818 dilata
687 2765 776 2834 eripi,
802 2783 858 2818 non
878 2766 1056 2833 potcst¹loco
1075 2765 1188 2836 objicit,
1214 2771 1291 2838 qrsod
1314 2768 1487 2837 sepulturam
1504 2767 1667 2836 paniarum
1687 2770 1826 2836 denepare

142 2863 240 2909 scama
258 2854 394 2907 rationari.
430 2852 645 2906 Anaxandridas
666 2852 768 2906 Leonis
791 2849 864 2904 filius
889 2850 971 2904 inter·
997 2860 1046 2906 ant
1066 2854 1218 2907 divendere
1234 2855 1293 2918 risit
1310 2855 1416 2910 solitus.
1455 2852 1536 2918 Quod
1553 2870 1619 2924 ergo
1638 2869 1753 2923 corpora
1769 2868 1827 2907 ιιιι-

141 2947 262 3012 rogatus,
281 2956 331 2994 cur
348 2956 411 2992 cum
430 2939 466 2992 de
484 2938 543 2992 vita
560 2938 654 3009 agitur
670 2938 698 2990 in
714 2937 835 3008 judicio,
854 2952 971 2990 musas
996 2955 1143 3008 pensorum
1171 2940 1199 2992 in
1225 2940 1350 3009 patibulo
1374 2940 1418 2995 vel
1434 2946 1496 2994 rota
1521 2939 1672 2995 fractorum
1690 2937 1828 3008 insepulta

140 3026 291 3082 senioribus
318 3043 367 3096 per
397 3024 551 3094 complures
578 3023 637 3078 dies
667 3023 837 3093 disceptetur
867 3028 895 3077 et
923 3023 971 3092 qui
996 3025 1204 3096 relinquuntur,
1226 3025 1297 3079 illud
1320 3024 1491 3096 probabilem
1517 3025 1627 3097 quidem
1644 3024 1730 3079 habet
1744 3024 1827 3078 ratio·

139 3113 307 3175 absolvimur,
341 3110 518 3164 nihilominus
558 3126 621 3164 reus
658 3116 781 3174 maneat,
815 3108 970 3179 respondit:
997 3129 1068 3175 nem,
1086 3118 1118 3165 ut
1135 3111 1240 3166 scilicet
1258 3112 1306 3166 alii
1326 3111 1363 3166 ab
1375 3111 1472 3166 iisdem
1489 3111 1659 3166 facinoribus
1677 3116 1827 3181 conspectu

142 3200 242 3252 Plures
263 3199 322 3250 dies
336 3198 450 3265 judicio
467 3196 600 3264 impendi,
620 3198 696 3265 quod
714 3196 741 3247 si
757 3196 787 3247 in
806 3211 837 3247 re
855 3195 973 3263 capitali
998 3198 1195 3267 deterreantur,
1212 3199 1289 3254 dicta
1307 3199 1326 3254 l.
1339 3198 1519 3270 Capitolium
1537 3198 1647 3253 interim
1664 3216 1725 3253 cum
1744 3215 1826 3268 gens·

142 3287 269 3351 titubent,
295 3284 400 3337 nonsit
417 3284 458 3335 ad
476 3282 674 3350 poenitentiam
692 3298 842 3350 repressus,
861 3281 970 3334 interim
997 3285 1055 3341 rale
1075 3290 1103 3339 et
1121 3285 1342 3355 antiquissimum
1368 3290 1457 3340 exstet
1475 3285 1527 3340 Dei
1546 3288 1698 3348 decretum,
1723 3283 1824 3339 Genea.

141 3389 216 3424 reum
237 3371 323 3423 teneri
344 3369 465 3436 lapibus,
491 3368 568 3436 quod
595 3368 647 3420 bac
672 3368 733 3436 lcps
759 3367 843 3421 liceat
868 3369 971 3421 sentires
998 3377 1022 3439 3,
1041 3390 1068 3424 v.
1090 3378 1135 3426 19:
1158 3373 1246 3425 Terra
1265 3389 1301 3439 es,
1325 3379 1351 3423 ct
1363 3372 1393 3424 in
1406 3379 1511 3425 terram
1524 3372 1679 3439 reverteris,
1698 3370 1825 3442 specialis

141 3459 253 3526 aliquid
285 3458 320 3508 dc
349 3472 381 3508 co
412 3454 584 3523 ἀιιιιιιιιιι,
620 3452 784 3507 Plutarchus
812 3453 841 3507 in
869 3453 970 3508 Lacon.
996 3463 1061 3511 item
1080 3458 1187 3512 sanctio
1207 3457 1289 3512 Deut.
1310 3463 1357 3524 21,
1383 3474 1408 3512 v.
1435 3463 1481 3512 ιιι
1505 3459 1570 3511 Non
1583 3458 1760 3526 permanebit
1779 3474 1825 3510 aa·
1840 3467 1893 3510 nv.
1909 3466 1952 3510 ιιι.

143 3552 166 3600 ι,
194 3545 229 3596 Ιιι
261 3544 326 3612 ipsa
358 3557 514 3611 poenarum
561 3541 735 3609 irrepatione
766 3541 971 3594 commiseratio
997 3545 1085 3597 dacer
1102 3545 1132 3596 in
1151 3544 1237 3613 lipno,
1254 3544 1347 3596 sedin
1361 3545 1458 3596 cadem
1471 3545 1517 3596 die
1531 3544 1690 3613 sepelietur,
1709 3559 1827 3615 cumque

140 3631 280 3699 principis
292 3629 436 3695 elucescat,
451 3645 484 3681 ne
498 3643 611 3680 reorum
620 3627 719 3695 poenis
729 3627 866 3680 delectari
876 3628 971 3680 uidea-
997 3646 1060 3683 ossa
1076 3628 1195 3684 filiorum
1214 3629 1304 3684 Saulis
1331 3629 1405 3684 cruci
1425 3628 1568 3685 affixarum
1586 3628 1678 3683 David
1696 3629 1828 3700 colligare

142 3726 196 3770 tur.
233 3716 298 3769 Bias
310 3715 461 3770 Prienaeus
474 3714 653 3767 damnaturus
667 3711 789 3783 aliquem
801 3712 837 3766 ad
855 3718 971 3766 mortem
998 3721 1027 3769 et
1049 3715 1208 3785 sepulturae
1233 3716 1344 3770 madere
1364 3715 1497 3786 jubeatur
1526 3721 1549 3772 ι.
1569 3708 1643 3771 Sam.
1663 3721 1711 3784 21,
1733 3735 1759 3771 v.
1786 3721 1826 3772 ιι.

143 3805 309 3873 lacrymasse
334 3801 422 3857 fertur
449 3802 484 3855 ob
510 3799 627 3854 hominis
654 3798 799 3853 miseriam.
845 3798 1060 3868 Quodam,ideo
1086 3820 1118 3857 cr
1151 3802 1168 3856 l
1194 3801 1301 3857 Graeca
1324 3808 1347 3858 9.
1381 3801 1412 3860 C.
1443 3802 1478 3857 de
1502 3801 1647 3858 haeretic:
1674 3802 1828 3866 Quaslibet

142 3906 207 3943 vero
222 3889 344 3954 dicente,
363 3886 430 3957 quid
450 3893 500 3950 est,
518 3886 592 3957 quod
611 3885 722 3952 defleas,
743 3901 805 3938 cum
822 3884 851 3938 in
869 3885 973 3939 tuerit
997 3889 1158 3942 nocentibus
1175 3906 1232 3941 non
1259 3889 1396 3957 denepari
1413 3890 1465 3958 jus
1481 3889 1655 3959 sepulturae,
1679 3889 1827 3943 humanum

142 3975 256 4030 arbitrio
273 3973 456 4030 condemnare
476 3979 524 4026 aut
541 3971 658 4026 liberare
674 3970 834 4025 hominem?
861 3988 971 4042 raspon-
997 3982 1024 4028 et
1042 3982 1167 4028 sanctum
1186 3990 1244 4028 esse
1262 3974 1389 4030 dicimus.

142 4063 190 4129 dit,
213 4060 398 4114 ιιιιιιαιιιιιιι
416 4059 528 4127 quidem
554 4075 611 4111 esse
631 4066 751 4111 natiuae
767 4058 929 4120 condolere,
953 4077 972 4111 a
1032 4066 1090 4116 311.
1126 4059 1254 4115 citarum
1278 4060 1314 4114 de
1337 4060 1418 4115 modo
1444 4060 1653 4132 irrogandorum
1680 4060 1828 4132 supplicio·
1839 4065 1872 4106 Dc
1885 4066 1952 4106 mous

142 4150 200 4217 lepe
218 4156 310 4200 autem
331 4154 356 4198 ct
370 4145 501 4213 justitiae
522 4144 619 4211 rapula
635 4144 880 4210 discederemaqis
895 4147 971 4213 peri·
997 4165 1058 4203 rum
1089 4147 1241 4217 quaeritur,
1279 4150 1302 4198 1.
1333 4164 1371 4199 an
1399 4147 1550 4217 probanda
1579 4147 1616 4199 sit
1648 4148 1760 4201 sortitio
1791 4149 1826 4201 dc
1839 4117 1934 4209 :iffi

142 4235 281 4301 culorum,
315 4230 452 4289 Stobaeus
484 4249 561 4286 serm
592 4236 635 4287 44.
680 4230 867 4300 Vespasianus
896 4232 971 4301 apud
996 4234 1116 4305 poenis!
1152 4231 1249 4286 Cicero
1272 4249 1323 4302 pro
1344 4231 1471 4286 Cluentio
1490 4231 1571 4286 dicit:
1599 4231 1763 4285 Statuerum
1786 4218 1919 4286 tub-²¹

142 4320 302 4376 Suetonium
330 4318 473 4383 laudatur,
502 4317 576 4388 quod
604 4316 711 4369 nullius
741 4333 862 4384 unquam
886 4318 972 4370 caede
997 4321 1121 4390 majores
1145 4319 1250 4386 nostri,
1275 4325 1306 4370 ut
1329 4321 1356 4370 si
1379 4336 1397 4370 a
1423 4318 1518 4371 multis
1539 4316 1676 4384 tlaqitium
1698 4325 1769 4372 esset
1784 4319 1830 4372 rei
1823 4274 1940 4364 bini?

142 4408 261 4460 laetatus
270 4406 360 4475 josetis
379 4406 462 4458 etiam
481 4404 630 4472 supplicas
642 4402 832 4469 illacrymaret
850 4410 876 4456 et
895 4404 970 4470 inpe-
997 4405 1132 4459 militaris
1148 4405 1315 4466 ιάιιιιιιιιιιι,
1334 4404 1479 4456 sortitione
1495 4403 1526 4455 in
1545 4404 1679 4471 quosdam
1700 4406 1828 4459 animael-
1840 4374 1966 4476 milia.

143 4494 249 4546 mucrit.
287 4490 444 4545 Antoninus
463 4489 556 4544 dicere
574 4487 695 4556 solebat,
715 4489 894 4540 inhumanum
913 4505 972 4559 esse
996 4499 1162 4555 verteretur,
1187 4498 1218 4543 ut
1243 4497 1329 4541 metus
1355 4491 1397 4542 ad
1422 4503 1527 4555 omnes,
1549 4505 1644 4557 poena
1664 4492 1704 4543 ad
1721 4507 1828 4560 paucos

142 4580 269 4633 humanis
293 4577 401 4631 casibm
426 4584 451 4629 et
477 4575 686 4629 adamantibus
712 4591 767 4627 non
786 4575 972 4643 inpomiscerc.
994 4578 1151 4647 perueniat.
1187 4574 1284 4630 Videri
1306 4573 1388 4628 alicui
1407 4581 1517 4645 poterat
1532 4573 1585 4628 hoc
1610 4590 1670 4629 esse
1685 4574 1828 4645 injustum,

141 4665 321 4736 Magistratus
340 4679 406 4733 ergo
425 4676 480 4715 non
499 4662 603 4731 irroget
614 4676 718 4731 poenas
731 4659 871 4730 puriores
890 4676 972 4731 quam
999 4680 1062 4718 cum
1081 4663 1109 4716 in
1129 4662 1226 4733 poenis
1245 4660 1402 4731 irrogandis
1415 4660 1525 4729 justitia
1536 4661 1656 4730 spectari
1668 4661 1776 4725 debeat,
1795 4677 1829 4715 ea

142 4767 211 4821 quae
236 4750 346 4821 legibus
378 4753 443 4801 sunt
478 4745 621 4813 definitae,
658 4763 692 4800 ne
718 4751 776 4799 tam
802 4762 835 4799 ex
863 4747 973 4816 proprio
998 4767 1063 4804 vero
1083 4765 1139 4803 non
1158 4746 1295 4810 admittat,
1313 4752 1344 4800 ιιι
1361 4745 1458 4800 iisdem
1477 4746 1512 4801 de
1531 4747 1622 4800 causis
1642 4746 1689 4801 alii
1704 4747 1837 4818 plectam--

141 4836 271 4905 arbitrio,
289 4852 372 4907 quam
390 4834 484 4904 legum
502 4830 617 4901 imperio
635 4831 772 4901 supplicia
791 4830 892 4886 inferre
911 4850 972 4888 cen·
998 4843 1057 4904 tur,
1083 4835 1130 4888 alii
1154 4834 1274 4889 evadant
1288 4834 1430 4902 impunes,
1456 4832 1504 4886 sed
1531 4849 1634 4903 poenm
1651 4833 1751 4900 jubeat
1769 4849 1829 4889 esse

141 4929 248 4989 seatur3
277 4938 328 4975 nec
351 4925 456 4992 spectet
480 4918 628 4988 supplicia,
659 4934 694 4972 ne
712 4933 746 4971 ex
769 4916 824 4970 illis
849 4918 972 4990 volupta·
999 4920 1143 4992 aequales3
1161 4919 1210 4973 sed
1230 4916 1457 4989 distinguendum
1469 4919 1541 4970 inter
1553 4920 1658 4972 delicta
1671 4935 1830 4989 paucorum

141 5016 195 5065 tem
220 5009 341 5080 aliquam
371 5021 470 5077 capere
495 5004 631 5058 videatur.
679 5003 786 5056 Farina
809 5004 903 5057 rabies
926 5013 973 5069 est,
999 5014 1027 5062 et
1047 5007 1131 5060 totius
1150 5005 1274 5073 alicujus
1299 5004 1510 5057 communitatis.
1548 5004 1581 5058 ln
1604 5003 1712 5058 delictis
1729 5019 1830 5074 pauco·

141 5096 276 5166 sanquine
302 5102 326 5147 et
353 5092 515 5145 catonibus
533 5092 669 5158 pandas,
694 5088 785 5159 inquit
804 5088 908 5143 Seneca
925 5089 973 5144 lib.
999 5110 1061 5146 rum
1080 5091 1173 5146 nullus
1194 5089 1278 5145 debet
1291 5088 1426 5144 sortitioni
1438 5089 1497 5145 dari
1515 5089 1599 5157 locus,
1621 5090 1669 5144 sed
1688 5089 1829 5145 indelicta

148 5190 167 5237 1
196 5183 231 5236 de
259 5180 384 5234 clement.
410 5195 432 5231 c.
458 5182 499 5233 24.
552 5175 606 5237 Qui
629 5175 766 5230 bominem
789 5176 914 5243 momnis
940 5177 974 5230 ob
999 5179 1083 5234 totius
1113 5175 1317 5232 communitatis
1341 5190 1373 5228 ao
1392 5175 1591 5240 multitudinis,
1607 5176 1718 5246 quando
1734 5191 1830 5230 omues

142 5270 241 5322 merita
258 5269 288 5319 in
306 5273 451 5337 conspeetu
462 5280 513 5316 suo
526 5261 661 5332 jupulari
669 5278 726 5331 pro
744 5261 884 5329 uoluptate
903 5278 973 5316 com·
1000 5264 1091 5334 puniri
1109 5280 1172 5317 cum
1198 5269 1319 5316 extremo
1344 5260 1512 5332 reipublicae
1530 5261 1574 5316 vel
1593 5261 1727 5315 exercitus
1746 5261 1829 5316 detri-

138 5363 230 5425 putat‚
247 5371 333 5423 aeque
352 5370 429 5406 suam
446 5351 552 5421 polluit
570 5349 775 5413 conscientiam,
793 5366 913 5418 ριιιιιιιιι
909 5349 974 5403 bo·
985 5342 1093 5411 (mento
1113 5349 1292 5420 conjunctum
1311 5355 1397 5414 esset,
1421 5347 1559 5417 aliquibus
1577 5346 1737 5400 duntaxat
1730 5364 1758 5401 ιιι
1775 5353 1828 5403 ter·

142 5440 258 5502 midaii,
278 5441 354 5507 quod
362 5439 398 5507 fit
418 5437 531 5502 ocadte,
550 5442 691 5506 spectator
710 5443 736 5489 et
753 5435 897 5504 particeps
915 5418 989 5546 stati
1000 5453 1089 5492 rorem
1124 5435 1293 5506 reliquorum
1329 5448 1419 5503 poena
1455 5432 1604 5502 irroganda
1631 5436 1660 5485 et
1690 5449 1733 5487 res
1762 5432 1829 5488 sorti

143 5525 305 5582 Lactantius
324 5524 371 5580 lib.
391 5531 414 5580 6.
435 5523 471 5577 de
482 5539 547 5578 vero
565 5522 684 5577 cultus.
699 5527 740 5576 211.
759 5519 874 5574 undem
892 5538 981 5592 syna·
986 5499 1223 5578 ιιιοιιιιιιίιιιιιιίιι.
1260 5517 1346 5575 Simili
1376 5518 1434 5573 tere
1461 5516 1567 5572 ratione
1598 5517 1807 5589 Augustinus
1799 5536 1828 5574 ιιι
