4020 6014
588 148 640 205 DE
664 147 889 208 mxumo
910 145 1212 208 masuerum.
1688 157 1749 217 tta

58 302 155 358 rtcmli
172 301 337 371 consistam,
354 303 452 374 ntique
469 303 554 359 otiam
571 303 596 358 ir
614 320 633 359 s
649 305 783 375 pastorali
802 302 895 360 officio
917 303 1083 374 interpretes
1096 306 1177 375 juris
1195 305 1328 360 amoniti
1342 307 1443 361 ἀοιιιιι
1464 304 1496 359 in
1520 304 1633 359 tiuhan
1651 305 1688 359 de
1707 305 1751 358 di·

58 389 194 442 arcendus
211 388 291 453 foret,
312 388 359 459 qui
378 388 479 444 liberos
497 389 583 445 habet
600 407 634 445 ex
651 391 769 462 conjuge
783 391 889 445 demor·
916 393 1015 457 pomis.
1049 392 1150 446 Prima
1170 400 1211 446 est
1230 392 1358 462 dipamia
1379 409 1448 447 nera
1463 399 1492 445 et
1511 391 1649 460 propria,
1678 407 1751 460 quae

58 480 106 528 tua
134 483 285 545 susceptos.
323 475 411 546 Atqui
438 476 522 530 talem
550 477 586 530 ad
615 476 739 532 officium
767 475 889 548 episcopi
920 494 953 530 ea
989 479 1097 531 duobus
1131 480 1206 532 seris
1243 479 1429 532 matrimoniis
1464 478 1564 533 oritur.
1610 477 1751 546 Continpit

57 560 208 615 admissum
226 561 291 615 olim
308 561 403 630 firisse,
422 578 477 615 non
495 568 588 632 potest
604 571 736 634 negatum
764 564 804 618 ire
824 562 889 618 Bel·
918 572 1010 618 amem
1027 566 1117 618 tribue
1144 566 1250 634 modis,
1276 566 1371 634 primo
1396 582 1429 618 ee
1448 572 1534 633 porte
1557 564 1614 617 uiri
1633 572 1750 632 tantum,

58 648 199 712 larminua
219 666 282 703 cum
299 649 389 704 locum
409 649 590 718 apostolicum
611 656 632 705 1.
645 649 717 707 Tim.
731 655 755 704 3.
774 650 891 720 ipsemet
917 668 979 704 cum
1005 652 1049 705 eir
1081 652 1177 705 tabuit
1208 654 1282 705 duas
1312 669 1394 705 veras
1418 667 1535 720 acores,·
1570 653 1692 705 renardo
1718 667 1751 704 ee

58 741 179 806 exponat
196 738 231 789 de
253 736 396 802 anemius,
419 754 490 804 quas
517 744 582 789 ante
606 737 813 790 ordinationem
836 736 892 805 epi·
913 746 999 805 parte
1016 739 1112 790 acoris
1129 745 1253 806 tantum,
1280 756 1342 792 cum
1367 756 1438 792 utor
1461 739 1558 791 habuit
1582 739 1653 791 duos
1670 752 1750 790 seros

56 824 138 891 scopi
163 831 189 875 et
215 822 331 875 diaconi
353 823 505 892 accipiunt.
544 828 568 878 5.
593 822 668 878 Cura
690 822 838 893 pastoralis
863 828 892 876 et
918 823 1048 886 maritoe,·
1075 825 1157 878 tertio
1177 842 1209 879 erc
1225 833 1309 893 parte
1327 824 1486 892 utriusque,
1510 840 1572 878 cum
1591 825 1693 877 nidum
1711 825 1751 876 ai·

58 925 213 979 pauperum
240 925 307 963 cura
333 909 419 979 probe
446 909 595 964 consistere
613 913 731 979 possunt
747 925 811 963 cum
829 925 891 963 oon·
918 910 1004 961 duam
1028 911 1114 963 ducit.
1153 910 1284 964 &menda
1308 917 1349 963 est
1373 910 1501 978 dipomia
1528 910 1750 979 interpretativa,

54 994 135 1064 jugie
152 995 208 1065 pio,
225 994 341 1049 honesto
357 1011 390 1049 ac
409 995 539 1051 decenter
547 1001 673 1050 mactato.
703 994 808 1048 ἔνεσιιν
826 991 892 1046 αὐτὸ
917 994 950 1046 id
966 1004 1006 1048 est
1034 1014 1107 1066 quae
1134 1015 1198 1050 vers
1227 1014 1259 1050 ea
1281 1005 1384 1051 natura
1407 998 1453 1050 rei
1475 1015 1532 1050 non
1557 998 1749 1065 meipsam,

56 1086 305 1152 μεταχειρίσασθαι
322 1083 419 1148 καλῶς,
440 1086 467 1135 el
483 1102 523 1141 τις
540 1079 674 1150 poilorro,
694 1080 786 1151 inquit
803 1078 892 1149 Chry-
917 1083 968 1134 sed
979 1083 1059 1151 juris
1076 1083 1304 1154 interpretatione
1320 1084 1435 1137 tabam
1455 1101 1490 1136 oo
1503 1091 1650 1151 reputatur
1670 1083 1751 1150 diqu-

57 1173 194 1221 sostomus
217 1166 309 1221 homil.
336 1175 375 1224 10.
402 1168 431 1222 in
459 1174 481 1224 l.
506 1168 576 1223 Tim.
596 1174 620 1222 3.
656 1166 891 1237 Distinguendum
917 1168 983 1222 mia.
1019 1168 1161 1237 Continpit
1180 1177 1271 1222 auum
1288 1169 1358 1222 laec
1375 1169 1516 1238 dipamia,
1536 1169 1750 1237 quotiescunque

56 1253 142 1324 igitur
161 1253 234 1308 inter
252 1271 373 1309 amorem
387 1253 562 1325 conjugalem
580 1253 727 1309 honestum
745 1269 779 1308 ao
797 1253 890 1307 mode·
917 1254 1024 1322 aliquis
1045 1256 1122 1308 ducit
1142 1257 1294 1309 sumendam
1310 1272 1433 1324 acorem
1453 1262 1502 1308 eut
1514 1272 1584 1308 uror
1599 1256 1750 1309 secundum

57 1345 149 1394 ratum
168 1346 197 1393 et
213 1340 285 1394 inter
308 1341 368 1410 ejus
391 1357 533 1395 excessum
556 1341 694 1396 vitiosum.
734 1338 891 1395 Coelibutui
915 1340 1007 1392 cirum
1026 1343 1062 1393 de
1078 1343 1174 1405 facto,
1200 1360 1255 1396 non
1273 1343 1407 1410 dejure,
1428 1342 1486 1394 sive
1509 1341 1634 1409 primum
1653 1340 1749 1408 conju

57 1425 225 1494 αὐτάρκειαν
243 1433 270 1480 et
291 1425 485 1481 liberalitatem
510 1443 576 1498 erga
597 1443 733 1497 pauperes
755 1444 811 1481 non
831 1442 891 1480 esse
916 1426 992 1494 pium
1012 1429 1048 1479 de
1059 1428 1142 1496 jure,
1167 1428 1224 1481 sine
1242 1436 1348 1481 tanturn
1366 1431 1402 1482 de
1421 1430 1500 1491 facto
1518 1428 1613 1491 fierit.
1653 1427 1750 1479 Tertia

57 1518 191 1583 perpetuo
226 1514 417 1581 conjunctam,
445 1513 547 1567 multis
582 1513 763 1569 demonstrari
798 1516 891 1582 potest
916 1511 1021 1579 species
1038 1521 1079 1566 est
1097 1513 1225 1580 dipamia
1244 1515 1443 1583 metaphorica,
1468 1531 1538 1582 quae
1555 1514 1699 1581 consurqit
1716 1531 1750 1566 en

57 1598 204 1667 exemplis,
234 1599 394 1668 praesertim
424 1599 629 1654 monachorum.
675 1607 699 1655 6.
733 1598 889 1653 Discrimen
916 1598 1027 1665 duplici
1042 1600 1188 1668 conjupio,
1215 1619 1331 1670 quorum
1349 1600 1468 1653 aberam
1487 1618 1542 1654 non
1561 1617 1670 1664 neman,
1698 1602 1750 1653 sed

57 1685 129 1738 inter
147 1683 260 1739 elericos
278 1692 307 1738 et
324 1685 408 1739 laicos
426 1701 604 1756 nequequam
620 1685 741 1753 tollitur,
767 1685 790 1738 si
808 1684 889 1739 liber-
915 1686 1134 1754 metaphoricum
1155 1687 1252 1749 suerit.
1294 1687 1329 1740 Si
1354 1688 1426 1740 enim
1451 1686 1599 1739 concilium
1622 1687 1749 1753 Ancyra·

57 1777 99 1824 tas
127 1770 251 1840 conjugii
278 1771 403 1843 utrisque
433 1773 587 1826 communis
615 1771 795 1842 relinquitur,
826 1788 890 1825 cum
915 1788 980 1822 num
1007 1788 1068 1826 ean.
1094 1776 1137 1826 19.
1156 1774 1228 1826 inter
1248 1774 1376 1840 diqamos
1400 1773 1500 1826 haberi
1511 1772 1594 1841 jubet
1612 1788 1674 1840 eos,
1701 1773 1750 1841 qui

59 1857 170 1912 vocatio
188 1862 217 1910 et
233 1855 340 1911 functio
364 1875 443 1913 sacra
467 1858 496 1912 in
513 1858 629 1928 publica
652 1857 729 1913 verbi
747 1856 889 1928 praedica·
911 1864 979 1924 post
990 1865 1080 1910 cotum
1094 1860 1282 1912 continentiae
1294 1861 1334 1912 ad
1345 1857 1551 1912 matrimonium
1568 1858 1749 1925 transierum,

58 1944 147 2005 tione,
168 1950 401 1997 sacramentorum
420 1944 658 1999 administratione
676 1949 705 1998 et
723 1944 786 1998 aliis
803 1942 890 1998 ecele-
915 1942 1053 2010 maen
1078 1952 1170 1996 sotum
1192 1944 1378 1998 continentiae
1403 1961 1490 2014 penus
1515 1952 1556 1998 est
1579 1943 1751 1996 matrimonii

60 2029 164 2083 siastici
193 2029 336 2083 ministerii
362 2030 488 2099 partibus
517 2037 654 2102 occupata
680 2030 793 2085 evidens
819 2029 890 2083 inter
916 2028 1027 2082 animae
1044 2047 1106 2082 cum
1122 2031 1202 2098 Deo,
1227 2030 1293 2084 licet
1319 2031 1546 2099 metaphoricum
1585 2029 1664 2084 Haec
1687 2029 1750 2083 Bel·

59 2123 191 2186 utrosque
209 2116 356 2169 discrimen
374 2116 531 2171 constituet.
915 2115 1048 2170 larminus
1064 2116 1181 2182 addam,
1208 2117 1273 2170 licet
1290 2117 1353 2184 illi,
1380 2119 1431 2186 qui
1448 2135 1533 2171 unam
1550 2132 1665 2170 sinerem
1681 2116 1750 2184 lepi-

9 2229 18 2239 ·
95 2209 154 2258 355.
188 2201 282 2272 Atque
303 2205 371 2256 haec
389 2203 463 2257 dicta
478 2203 534 2257 sint
553 2204 587 2258 de
605 2203 735 2274 conjugio
752 2200 890 2254 ministro·
916 2202 980 2254 time
998 2204 1142 2276 deserunt,
1161 2210 1189 2256 et
1201 2203 1321 2257 abnam
1332 2221 1389 2257 non
1406 2205 1535 2273 lepitime,
1555 2205 1674 2272 itemque
1691 2202 1746 2269 illi,

9 2274 26 2352 ,ζ
60 2308 121 2344 rnm
143 2288 284 2352 ecclesiae,
304 2289 379 2359 quod
398 2289 497 2343 nititur
512 2287 647 2359 expressis
661 2289 753 2344 verbis
770 2286 889 2358 apostoli
916 2288 966 2355 qui
978 2296 1046 2356 post
1062 2296 1155 2341 notum
1172 2288 1286 2343 solem
1305 2308 1389 2342 unam
1415 2305 1528 2344 urorem
1546 2292 1664 2355 ducunt,
1686 2304 1749 2340 vere

9 2383 13 2393 '
62 2384 84 2432 l.
102 2375 172 2430 iim.
192 2380 216 2438 3,
234 2393 259 2428 v.
281 2381 311 2429 2:
330 2376 489 2445 Ερὶιιιριιι
500 2378 537 2428 sit
552 2377 635 2429 unius
651 2377 747 2430 ueors'e
764 2375 890 2427 maritus.
916 2391 972 2426 non
989 2375 1045 2427 sint
1064 2375 1177 2442 bipami,
1198 2383 1291 2429 temm
1308 2377 1455 2430 ecclemam
1472 2377 1513 2442 (id
1532 2384 1575 2432 est
1591 2374 1748 2446 pontificem

12 2471 46 2508 ιιι
60 2461 198 2516 Pontificii
226 2461 281 2515 vim
306 2478 339 2515 ac
366 2461 451 2515 robur
474 2461 631 2533 argumenti
657 2461 743 2515 nostri
769 2477 803 2516 ex
830 2460 890 2514 loco
915 2460 944 2514 in
961 2460 1025 2528 jure
1036 2461 1180 2528 canonico)
1193 2479 1317 2530 poenam
1335 2463 1507 2530 bipemorum
1525 2463 1609 2515 etiam
1622 2463 1663 2514 ad
1680 2461 1748 2514 illoc

10 2531 32 2559 ⁰¹
58 2549 106 2602 illo
126 2549 276 2618 apostalice
295 2548 406 2602 deducti
425 2547 550 2602 videntes
574 2564 606 2602 eo
631 2547 749 2614 abeunt,
778 2554 810 2600 ut
836 2553 889 2600 sta-
916 2549 1060 2600 eatendsrs
1084 2549 1213 2601 commas.
1251 2549 1298 2602 Ad
1320 2548 1490 2604 succesivarn
1514 2554 1544 2603 et
1562 2546 1748 2618 interpretati·

59 2642 154 2700 tuant,
181 2636 272 2688 uerbis
296 2635 355 2688 illis
374 2653 430 2687 non
443 2635 566 2703 probari
581 2634 612 2687 in
637 2635 777 2703 episcopia
795 2634 890 2700 conju·
915 2649 979 2687 vam
998 2633 1075 2688 illam
1095 2633 1245 2705 digamiam
1270 2635 1394 2689 referunt
1414 2634 1497 2688 etiam
1524 2633 1609 2701 illud,
1636 2633 1748 2704 quando

57 2722 149 2789 mum,
180 2722 232 2773 sed
253 2729 360 2773 tontum
388 2721 502 2774 secludi
522 2739 540 2773 a
566 2721 721 2774 ministerio
752 2736 810 2782 eos,
842 2722 890 2788 qui
915 2721 978 2789 quis
1008 2720 1084 2774 ducit
1114 2719 1289 2776 fornicariam
1313 2721 1358 2775 vel
1386 2720 1441 2775 alio
1470 2721 1552 2774 modo
1581 2725 1747 2789 corruptam,

54 2809 153 2876 priore
176 2807 294 2874 coniupe
319 2808 466 2860 demortua
493 2809 608 2875 nuptias
633 2808 789 2873 iterarunt,
820 2821 889 2876 quos
914 2807 1027 2873 quondo
1039 2814 1133 2861 autem
1143 2808 1325 2874 fornicarius
1345 2808 1576 2875 ducitrirpinem,
1595 2808 1628 2860 id
1644 2814 1747 2875 nepant

58 2900 160 2948 vocant
177 2895 313 2959 dipamos.
349 2891 404 2948 Sed
423 2893 583 2960 notandum,
604 2893 678 2962 quod
697 2909 760 2948 vere
778 2898 807 2948 et
824 2908 889 2962 pro-
914 2908 973 2945 esse
992 2892 1151 2962 bipamiom,
1169 2893 1198 2947 in
1216 2893 1454 2965 quoconciliando
1471 2893 1619 2963 plurimum
1637 2893 1747 2948 laborat

56 2979 117 3050 pria
136 2979 160 3031 is
178 2980 288 3032 demum
305 2978 342 3033 sit
359 2979 497 3048 dieamus,
520 2979 568 3049 qui
591 2977 660 3033 ιιιιιά
678 2976 787 3041 ταύτὸν,
805 2977 889 3031 simul
913 2978 1104 3033 Bellarminus.

58 3085 93 3120 ac
110 3066 210 3132 semel,
233 3065 303 3119 duas
321 3065 407 3119 habet
424 3082 539 3129 uxores,
566 3065 655 3136 qualis
674 3065 796 3136 digamia
813 3064 888 3134 apud
948 3070 1010 3120 356.
1026 3064 1112 3120 Hisce
1130 3065 1170 3120 ita
1187 3066 1317 3136 expositis
1345 3065 1509 3121 sententiam
1532 3070 1653 3121 nostram
1673 3083 1746 3121 com·
1759 3074 1830 3123 erm·

57 3154 191 3224 populum
207 3151 357 3206 Judaicum
383 3152 412 3205 in
437 3151 471 3206 V.
490 3151 524 3206 Τ.
550 3157 578 3206 et
602 3153 678 3222 apud
703 3151 820 3222 gentiles
835 3150 889 3205 fuit
914 3152 1061 3221 plectimur
1078 3151 1130 3206 hac
1142 3152 1344 3222 propositione:
1363 3153 1438 3208 Vera
1454 3160 1482 3207 et
1494 3153 1604 3224 proprie
1619 3153 1659 3207 sic
1671 3153 1747 3208 dieta
1759 3131 1851 3217 fflss.

56 3241 160 3294 usitata
185 3255 219 3292 ac
248 3238 356 3309 qualem
381 3238 522 3308 apostolus
543 3236 595 3292 hoc
621 3239 681 3292 loco
706 3239 736 3292 in
760 3239 888 3307 episcopo
915 3237 1046 3309 digamia,
1066 3255 1122 3309 qua
1139 3239 1203 3309 quis
1222 3238 1303 3292 simul
1321 3238 1406 3293 habet
1424 3239 1494 3292 duas
1513 3255 1625 3307 mores,
1644 3245 1672 3293 et
1692 3239 1746 3293 cle·
1759 3234 1850 3322 :irim

56 3325 204 3397 improbet,
222 3340 396 3395 nequaquam
413 3341 478 3378 vero
497 3324 624 3395 digamus
640 3331 699 3394 ast,
717 3324 766 3396 qui
782 3342 888 3378 moces·
914 3325 978 3378 ricis
996 3330 1024 3379 et
1041 3324 1118 3378 laicis
1137 3324 1261 3395 adeoque
1280 3325 1408 3380 omnibus
1428 3324 1592 3379 Christianis
1610 3327 1640 3378 in
1658 3324 1692 3380 N.
1711 3325 1745 3378 T.

56 3415 114 3466 sine
142 3412 212 3465 duas
242 3410 327 3465 habet
354 3426 467 3478 uxores,
506 3413 558 3465 hoe
590 3417 633 3466 est
662 3412 710 3482 qui
746 3412 891 3466 demortua
915 3418 957 3465 est
974 3410 1129 3481 prohibita3
1154 3412 1203 3466 sed
1221 3411 1430 3482 interpretativa
1447 3420 1475 3467 et
1494 3412 1653 3466 successiva
1669 3411 1746 3482 dign·

56 3500 148 3571 priore
167 3499 287 3568 conjuge
302 3497 340 3551 ad
359 3497 481 3552 secunda
498 3504 564 3551 vcta
581 3497 695 3565 transit,
718 3504 738 3552 Ι.
758 3515 821 3552 cum
839 3515 889 3551 nu·
914 3499 979 3562 mia,
998 3515 1054 3568 qua
1072 3498 1134 3569 quis
1152 3499 1198 3552 vel
1213 3499 1325 3552 viduam
1339 3498 1424 3563 ducit,
1442 3497 1486 3553 vel
1498 3498 1640 3553 demortua
1657 3497 1749 3570 priore

57 3587 132 3657 puae
150 3584 265 3639 iteratae
284 3585 412 3654 nuspiam
429 3584 458 3637 in
476 3583 512 3640 N.
523 3583 558 3638 T.
575 3583 731 3653 prohibitae
748 3584 888 3655 legentum
915 3585 1034 3655 conjuge
1051 3584 1163 3654 nuptias
1180 3585 1276 3652 iterat,
1302 3600 1354 3638 nec
1377 3583 1496 3651 clericis,
1527 3601 1578 3638 nec
1603 3584 1681 3639 laicis
1706 3590 1749 3640 est

61 3678 85 3728 2.
104 3687 222 3741 cumque
240 3670 315 3723 aliud
332 3671 369 3723 sit
387 3672 614 3743 δευτερογαμιῑν,
638 3671 714 3741 quod
739 3671 769 3725 in
785 3671 889 3742 pande·
914 3670 1070 3742 prohibita,
1095 3671 1211 3741 proinde
1233 3687 1288 3724 non
1315 3675 1381 3724 sunt
1402 3687 1420 3724 a
1451 3670 1601 3725 ministerio
1625 3671 1747 3740 arcendi,

57 3760 109 3813 ctis
129 3763 279 3826 usurpatur
296 3773 346 3827 pro
364 3774 405 3821 eo,
423 3758 497 3828 quod
515 3765 557 3812 est
575 3759 696 3813 secundo
709 3774 822 3813 uxorem
839 3759 888 3812 du·
914 3758 962 3829 qni
979 3758 1023 3811 vel
1041 3757 1152 3810 viduam
1164 3757 1276 3824 ducunt,
1298 3757 1341 3812 vel
1361 3757 1408 3828 qni
1426 3756 1558 3813 defuncta
1574 3757 1665 3828 priore
1684 3774 1748 3813 con-
1852 3754 1857 3763 '

57 3863 127 3908 cere,
149 3843 226 3897 aliud
250 3844 399 3913 ἐπιγιμεῖν
417 3849 463 3896 καὶ
481 3844 624 3913 διγιιμεῖν,
652 3844 726 3914 quod
745 3851 787 3898 est
804 3844 888 3914 priori
911 3845 981 3915 juge
1001 3842 1082 3898 aliam
1100 3843 1225 3914 legitime
1243 3843 1297 3898 sibi
1324 3843 1469 3898 associant
1505 3842 1550 3898 De
1571 3844 1662 3915 priore
1685 3861 1749 3914 pro·

57 3933 172 4002 conjugi
190 3928 281 3983 adhuc
299 3929 402 3984 viventi
421 3929 503 3983 alim
527 3930 754 4000 superinducam
780 3936 805 3984 3.
825 3947 888 3984 cum
914 3929 1056 4000 positionis
1074 3937 1153 3998 parte
1176 3929 1205 3982 in
1223 3929 1285 3983 loco
1303 3929 1338 3983 de
1357 3929 1486 4001 conjugio
1515 3938 1630 4000 agetur,
1657 3937 1748 4001 poste-

56 4016 80 4069 is
100 4016 148 4086 qui
169 4015 319 4070 secundam
338 4031 450 4069 uxorem
470 4015 559 4078 ducit,
585 4031 642 4070 non
664 4016 752 4087 possit
773 4017 888 4071 maritus
914 4016 1012 4070 riorem
1022 4016 1241 4070 demonstramus
1250 4016 1430 4086 sequentibus
1439 4015 1642 4071 fundamentis:
1662 4016 1748 4071 tlte·
1760 4025 1874 4068 tarra-

57 4103 150 4156 uroris
167 4108 290 4155 mortuae
311 4101 382 4169 dici,
407 4102 511 4172 quippe
528 4118 546 4156 a
563 4104 644 4173 quus
668 4102 731 4173 lege
749 4120 798 4173 per
817 4120 888 4157 mor·
913 4109 991 4156 ratae
1009 4101 1124 4173 nuptiae
1142 4109 1205 4172 post
1223 4102 1329 4159 obitum
1349 4103 1479 4173 conjugis
1497 4109 1548 4158 aut
1568 4109 1633 4157 sunt
1650 4120 1700 4172 per
1716 4119 1747 4157 se
1760 4083 1889 4178 {fffflm

56 4197 112 4242 tem
133 4192 175 4242 est
192 4187 324 4241 liberatus
343 4192 366 4240 1.
386 4187 447 4242 Cor.
472 4195 495 4256 7,
513 4205 538 4242 v.
558 4194 599 4245 39.
640 4196 665 4245 l.
685 4189 805 4261 denique
823 4206 887 4244 eum
914 4188 977 4260 piae
997 4197 1025 4243 et
1043 4188 1199 4259 legitimae,
1226 4197 1276 4244 aut
1294 4207 1344 4260 per
1368 4207 1398 4245 se
1415 4195 1511 4260 turpes
1532 4198 1561 4245 et
1577 4190 1746 4246 inhonestae.
1759 4183 1854 4274 mh

58 4293 124 4329 vera
143 4282 171 4330 et
189 4273 298 4344 proprie
317 4272 392 4328 dicta
409 4275 532 4344 digamia
550 4277 587 4328 sit
603 4277 735 4346 conjugio
752 4277 887 4347 opposita.
915 4276 944 4331 Si
963 4275 1048 4345 prius,
1068 4292 1213 4345 perperam
1233 4275 1413 4346 prohibentur
1438 4277 1572 4331 ecclesiae
1600 4275 1744 4344 ministris3

58 4365 98 4416 At
115 4359 270 4415 successiva
295 4359 343 4414 illa
365 4360 488 4431 digamia
511 4368 630 4417 nonest
654 4363 784 4433 conjugio
803 4379 888 4433 oppo·
914 4363 937 4417 si
955 4362 1102 4432 posterius,
1118 4360 1187 4415 nulli
1206 4361 1424 4415 Christianorum
1444 4362 1645 4417 concedendae.
1681 4361 1747 4415 Jam

59 4449 121 4513 sita,
140 4464 203 4501 cum
222 4445 346 4501 definitio
365 4448 489 4519 conjugii
509 4450 598 4504 eidem
617 4449 758 4519 competit
786 4448 889 4504 Contra
914 4463 980 4502 vero
997 4449 1111 4518 nuptiae
1124 4456 1186 4518 post
1201 4448 1327 4519 conjugis
1339 4449 1438 4519 prioris
1456 4449 1562 4505 obitum
1579 4450 1610 4501 in
1623 4450 1746 4502 Domino

57 4532 197 4588 Pontifieii
230 4534 367 4601 statuunt,
401 4537 473 4588 duas
502 4553 562 4591 esse
601 4537 743 4605 dipamiue
774 4539 889 4604 species.
914 4535 1029 4590 iteratae
1047 4542 1112 4588 sunt
1130 4551 1178 4605 per
1194 4551 1224 4589 se
1241 4535 1346 4605 pmeet
1365 4536 1513 4606 legitimae.
1532 4535 1611 4588 Rom.
1630 4540 1655 4602 t,
1672 4552 1699 4590 v.
1718 4541 1746 4591 2:

59 4621 164 4688 Prima,
192 4620 304 4690 quando
323 4621 384 4690 quis
404 4620 485 4675 simul
507 4623 592 4677 habet
619 4623 688 4676 duas
709 4638 820 4687 uxores;
847 4642 889 4679 se·
918 4620 996 4683 Quae
1013 4622 1064 4674 sub
1084 4622 1147 4676 viro
1164 4629 1208 4674 est
1227 4622 1329 4674 mulier
1348 4624 1454 4675 vivente
1472 4624 1549 4690 viro,
1567 4622 1690 4690 altipeta
1707 4629 1748 4676 est

58 4708 158 4772 cunda,
186 4707 297 4778 quaudo
315 4707 377 4777 quis
394 4707 548 4762 successive
563 4709 632 4764 duas
648 4725 747 4764 uxores
765 4709 843 4765 ducit
861 4719 889 4767 et
915 4707 985 4776 lepi,
1012 4709 1039 4760 ai
1062 4715 1155 4761 eutem
1180 4716 1306 4761 mortuus
1324 4710 1414 4772 suerit
1439 4709 1496 4771 uir,
1529 4708 1648 4760 liberata
1669 4717 1709 4760 est
1728 4727 1747 4761 e

58 4794 149 4863 priore
168 4793 288 4862 conjuga
308 4794 452 4846 demortua
469 4794 581 4862 nuptias
606 4795 697 4852 iterat.
734 4795 814 4848 lllam
831 4813 887 4849 om·
915 4794 974 4862 lepe
992 4794 1056 4849 uiri.
1074 4811 1100 4849 v.
1121 4799 1145 4848 3.
1165 4793 1258 4861 ipim
1286 4794 1391 4848 uiuente
1415 4794 1476 4847 uiro
1499 4793 1642 4847 amabitur
1664 4796 1748 4848 adul
1781 4846 1785 4853 ,

12 4883 45 4927 ⁰&
58 4879 140 4933 nibus
158 4877 320 4932 Christianis
338 4883 465 4932 statuunt
483 4878 666 4949 prohibitum,
695 4881 768 4935 hanc
785 4881 888 4952 specia-
914 4889 984 4948 tera,
1001 4881 1028 4932 si
1047 4881 1136 4942 fuerit
1153 4898 1215 4933 cum
1232 4882 1292 4935 alio
1307 4883 1385 4949 niro;
1405 4881 1433 4933 si
1449 4889 1538 4932 niuem
1557 4888 1683 4935 mortuus
1694 4884 1747 4948 su·

58 4967 121 5020 liter
138 4964 245 5020 clericis
262 4964 438 5018 interdictam
454 4962 624 5034 existimant,
652 4968 693 5022 ita
716 4974 748 5022 ut
766 4966 888 5038 prohibi·
915 4967 969 5018 erit
991 4967 1035 5018 eir
1058 4967 1134 5035 ejus,
1160 4968 1283 5020 liberata
1308 4974 1349 5019 est
1367 4983 1385 5019 a
1412 4966 1472 5032 lepe
1497 4965 1565 5028 uiri,
1591 4973 1621 5018 at
1637 4985 1693 5020 non
1710 4968 1748 5021 eit

59 5059 118 5106 tum
146 5052 182 5105 sit
211 5051 296 5105 saone
323 5050 465 5105 ordinibus
490 5049 601 5104 initiare
629 5068 692 5121 eos,
724 5053 772 5124 qui
792 5054 889 5124 quovis
915 5053 1063 5118 adultere,
1085 5053 1112 5105 si
1134 5053 1224 5116 fuerit
1243 5070 1305 5106 cum
1330 5052 1388 5104 alio
1406 5052 1475 5104 siro.
1515 5051 1595 5106 Idem
1610 5053 1747 5122 judicium

60 5139 141 5193 modo
158 5137 263 5206 bigami
279 5137 399 5192 fuerunt.
435 5137 522 5190 Porro
541 5134 634 5189 fictam
645 5137 722 5192 illam
740 5139 889 5211 digamiam
914 5145 958 5194 est
976 5138 1010 5193 de
1025 5139 1085 5192 viro
1108 5155 1141 5193 er
1158 5146 1260 5193 namra
1278 5137 1435 5193 relatorum.
1462 5144 1482 5191 1.
1508 5138 1570 5193 Cor.
1597 5141 1625 5208 t,
1655 5158 1680 5195 v.
1701 5146 1748 5195 ³9:

60 5225 243 5280 successivam
261 5225 360 5279 iterum
379 5227 409 5279 in
428 5232 483 5279 tres
502 5223 607 5294 species
630 5224 819 5282 subdividunt
845 5227 891 5283 Sic
915 5224 1025 5278 Mulier
1044 5225 1167 5293 alliqata
1186 5232 1227 5277 ert
1245 5225 1317 5293 lepi,
1343 5232 1447 5292 quanto
1474 5233 1594 5294 tempore
1618 5227 1664 5279 uir
1686 5226 1753 5293 ejus·

59 5313 133 5367 euim
151 5311 334 5366 Bellarminus
351 5310 413 5366 libr.
437 5318 458 5367 Ι.
480 5310 515 5364 de
535 5307 642 5364 clericis
670 5303 736 5380 ιιιρ.Ι
758 5316 800 5367 st.
819 5329 890 5382 resp.
915 5312 994 5381 uisi,
1026 5312 1129 5379 qrrodsi
1152 5311 1300 5364 dormierit
1329 5311 1373 5363 uir
1395 5310 1474 5379 ejus,
1501 5312 1593 5366 libera
1621 5321 1677 5382 est,
1701 5313 1749 5365 cui

58 5398 94 5452 ad
115 5405 139 5454 Ἰ.
159 5397 261 5469 object
276 5397 387 5453 scribit:
408 5399 479 5450 Tres
495 5405 560 5450 sunt
570 5395 675 5464 species
695 5395 843 5467 apamiae,
859 5408 889 5453 ut
915 5399 975 5452 orslt
1004 5399 1104 5462 ιιιιὸαι,
1123 5406 1229 5450 tantum
1255 5398 1286 5452 in
1303 5397 1436 5453 Domino.
1480 5406 1502 5454 l.
1521 5398 1593 5455 Tim.
1613 5405 1637 5464 5,
1655 5417 1680 5453 v.
1703 5405 1745 5455 rt:
