4020 6014
214 377 274 435 332
794 373 915 430 LOCUS
932 368 1137 429 VICESIMUS
1156 374 1336 439 QUARTUS

213 539 255 577 me
272 526 409 579 rationem
428 536 571 595 repetant,
589 546 775 582 annumerare
792 547 879 597 penas
898 525 1064 634 burrianum(

212 619 335 680 parnaso
365 631 439 678 suns,
467 612 507 668 ait
532 612 638 667 Seneca
662 613 723 667 libr.
751 621 771 667 1.
791 613 827 667 de
847 614 925 668 clem.
943 629 1003 682 cap.
1026 619 1047 666 t.
1326 596 1345 654 S
1371 597 1397 655 Ε
1423 597 1444 656 0
1467 598 1491 659 T
1513 596 1529 655 Ῑ
1552 597 1575 656 0
1611 595 1657 654 ῙῙ·

215 696 307 750 Audit
318 698 461 767 princeps,
480 701 570 751 omnis
585 707 712 768 potestas
731 718 750 751 a
768 702 830 752 Deo
849 707 898 765 est,
915 699 1048 771 protinas

213 791 332 848 mmm„
358 785 468 837 ennae.
522 785 579 838 Cu,
609 786 700 852 mepte
732 786 869 838 teoriaem
897 793 924 838 ω
951 754 1062 881 ,3qu
1088 748 1335 826 QUOMODO
1363 750 1741 818 MAGISTRATUS
1770 749 1899 837 SESE

215 866 364 939 sarpam
382 887 465 938 aaa
477 870 638 923 sessoriani
656 871 780 938 coporos,
800 873 876 940 queo
895 872 973 923 oen
990 878 1060 936 ινα-ς
1195 852 1398 919 ΒΕΒΕΑΤ
1427 854 1632 920 GERERE
1660 852 1791 918 aaut

215 952 290 1006 elidit
307 953 360 1006 tibi
376 956 529 1022 gerendam
547 955 703 1024 imperium,
721 964 748 1008 et
765 975 820 1009 non
839 957 953 1023 capitas,
970 941 1062 1024 quodi
1377 954 1435 1019 SE
1446 955 1610 1020 IPSUM.

212 1038 286 1105 pesti
302 1039 414 1106 imperii
431 1039 506 1091 idem
526 1040 780 1109 ammirationem,
801 1041 932 1096 Erasmus
950 1041 979 1094 in
997 1041 1046 1094 mi·

211 1122 251 1176 lit.
278 1122 378 1177 Christ.
403 1141 431 1192 p.
458 1131 513 1181 162.
549 1124 683 1195 Princeps
708 1132 740 1179 ut
763 1126 919 1180 hominibus
947 1143 976 1180 se
998 1127 1046 1180 im·
1112 1127 1167 1174 145.
1203 1122 1245 1175 Ea
1262 1139 1334 1194 quae
1352 1123 1529 1190 magistratus
1553 1122 1636 1178 debat
1659 1122 1798 1192 sibiipsi,
1822 1123 1911 1174 conti·
1925 1116 2008 1213 ἓξὲξ

212 1224 309 1277 parare
327 1209 407 1276 norit,
428 1209 467 1263 ita
485 1227 514 1264 se
529 1209 588 1264 Deo
607 1211 764 1266 inferiorem
782 1220 810 1266 et
828 1230 858 1267 se
870 1213 961 1283 ipsum
979 1230 1046 1280 quo·
1073 1208 1184 1260 tentiae
1205 1208 1314 1262 nomine
1332 1208 1538 1278 complectimur
1555 1209 1656 1276 omnia,
1675 1215 1707 1262 ul
1725 1207 1832 1262 ⁸0fflssfll
1852 1225 1909 1276 <1¹¹0
1922 1220 2004 1307 {¹⁰2¹}

214 1309 269 1362 que
288 1293 425 1348 hominem
455 1311 515 1350 esse
541 1295 662 1367 cogitet,
685 1298 779 1367 imque
799 1316 877 1351 voees
896 1307 920 1351 et
937 1300 1046 1365 laeam,
1072 1290 1135 1361 plus
1153 1292 1218 1346 licet
1237 1293 1420 1363 magistratui,
1440 1310 1473 1348 eo
1493 1295 1590 1349 minus*
1603 1295 1656 1364 ipsi
1674 1295 1769 1349 libeat.
1809 1292 1908 1363 Augu-
1922 1279 2000 1367 gill

176 1365 180 1375 ’
212 1394 282 1447 quae
307 1381 363 1432 soli
386 1382 495 1434 numini
521 1382 662 1448 debentur,
688 1391 822 1453 tanquam
849 1384 1046 1452 putidissimae
1072 1377 1161 1431 ttinuss
1186 1378 1247 1432 libr.
1274 1386 1297 1434 5.
1319 1380 1354 1432 de
1376 1379 1449 1434 tivit·
1474 1380 1528 1433 Del
1551 1398 1610 1451 ⁰81)-
1639 1387 1680 1437 24·
1707 1381 1807 1444 selim
1826 1396 1908 1447 ''09⁶‘'
1921 1382 2009 1470 iffi}

210 1467 412 1519 assentationes
433 1469 535 1531 oderit,
555 1468 661 1521 Plinius
678 1468 707 1521 iu
727 1485 826 1537 paneg.
845 1469 961 1540 Trajan.
1071 1464 1136 1528 fore
1153 1465 1201 1532 tit,
1225 1466 1253 1517 tl
1269 1466 1324 1518 tint
1343 1467 1456 1518 bamaria
1473 1474 1552 1519 tanto
1572 1467 1781 1534 castigatiores,
1801 1473 1907 1533 quanto
1921 1473 2006 1564 gnua

1070 1558 1188 1616 possunt
1212 1568 1270 1603 esse
1287 1552 1441 1620 liberiores,
1462 1553 1540 1604 acsi
1558 1554 1694 1620 imperent
1719 1552 1778 1603 saia
1797 1551 1909 1618 cupidi·
1923 1578 2000 1624 qum,

1071 1636 1184 1691 totilae.
1210 1637 1354 1692 Pertinent
1371 1643 1464 1692 autem
1482 1637 1518 1691 ad
1536 1637 1733 1691 continentiam
1753 1641 1776 1691 1.
1796 1636 1908 1691 Sobrie-
1921 1630 2004 1718 ,¹³⁰3

1072 1729 1116 1773 tas
1134 1739 1168 1774 ac
1187 1725 1387 1794 temperantia,
1416 1741 1487 1795 quae
1507 1723 1535 1776 in
1554 1723 1617 1777 cibo
1638 1740 1671 1777 ac
1689 1728 1758 1792 potu
1778 1721 1905 1859 debitsgm
1921 1737 2006 1822 {ffi-

1879 1824 1905 1861 e.

303 1586 360 1638 Dis
377 1594 402 1639 te
420 1588 553 1641 minorem
571 1589 648 1655 quoa
666 1589 749 1655 peria,
768 1590 891 1658 imperas
901 1611 911 1656 ,·

295 1673 371 1725 Hinc
391 1691 469 1726 omne
485 1674 671 1743 principium,
688 1675 739 1727 bac
756 1677 834 1737 refer
853 1676 963 1739 mitam

210 1808 285 1863 canit
304 1808 437 1862 Horatius
455 1809 503 1867 lib.
524 1815 548 1868 3.
566 1811 608 1864 od.
623 1819 646 1863 a.
681 1810 820 1881 losephus
834 1829 932 1881 prorex
950 1813 1045 1884 Aegy·
1071 1806 1201 1862 observat
1227 1809 1348 1863 modum.
1390 1809 1433 1863 Ea
1455 1825 1521 1864 vero
1546 1808 1720 1879 magistratui
1749 1823 1833 1861 curae

110 1901 196 1942 ΜΗ.
211 1895 253 1965 pti
272 1895 439 1950 constitutus
461 1903 532 1962 erat,
552 1896 625 1950 idem
644 1902 737 1950 tamen
756 1904 917 1952 reverentur
934 1917 964 1954 se
983 1900 1044 1953 Deo
1070 1892 1118 1946 bet
1136 1910 1195 1947 ease
1212 1891 1256 1949 vel
1275 1895 1400 1949 maxime.
1441 1902 1463 1950 l.
1481 1895 1528 1948 Ad
1541 1895 1693 1964 gerandum
1711 1893 1904 1964 magistratum

213 1980 336 2051 subjicit,
355 1981 465 2051 arando
484 1981 617 2036 iratribus
635 1982 691 2036 suis
715 1983 930 2053 deprecantibus
948 2000 1044 2037 amau-
1071 1979 1220 2049 requiritur
1237 1980 1399 2049 prudentia,
1419 1997 1454 2034 ea
1473 1997 1537 2035 vero
1556 1980 1584 2033 in
1604 1980 1766 2034 temulentia
1780 1986 1808 2034 et
1826 1980 1904 2033 luxu-

211 2065 315 2121 tissime
328 2067 489 2135 respondet:
512 2069 724 2136 Nolitetimere,
745 2071 813 2137 qaia
833 2070 1044 2123 submerum
1071 2064 1113 2118 ria
1143 2083 1197 2119 non
1230 2072 1323 2135 potest
1347 2065 1449 2120 habere
1479 2066 1578 2120 locum.
1616 2067 1842 2118 Fundamentum
1860 2084 1905 2116 sa-

214 2169 274 2220 epo,
295 2151 365 2205 Gen.
385 2160 432 2221 50,
459 2171 484 2205 v.
506 2159 545 2208 19.
580 2154 674 2207 David
692 2171 821 2210 eoronam
840 2171 918 2209 suam
938 2157 1043 2227 regiam
1066 2152 1194 2217 pientiae
1225 2152 1438 2220 temperantiam
1466 2168 1538 2215 esse,
1569 2151 1680 2205 dicebat
1708 2150 1904 2219 Xenophanes.

208 2237 270 2292 Deo
289 2236 404 2308 subjicit
424 2238 517 2293 dicens
535 2239 639 2294 Psalm.
666 2247 728 2309 115,
745 2258 772 2297 v.
794 2247 840 2297 16:
868 2243 892 2295 0
912 2243 1042 2307 Domine,
1071 2239 1108 2289 In
1125 2238 1199 2290 ricco
1220 2239 1348 2291 taenara
1368 2239 1545 2306 sapientiam,
1562 2237 1675 2291 dicebat
1694 2238 1829 2300 boemias,
1848 2255 1904 2289 ⁷¹0¹*

207 2339 257 2390 epo
274 2342 371 2377 servas
391 2332 469 2392 taus,
492 2342 542 2394 epo
570 2343 666 2378 aarum
691 2335 755 2379 troas
781 2335 807 2380 et
825 2328 903 2391 filius
920 2329 1043 2382 ancillae
1069 2323 1098 2373 ln
1126 2324 1248 2379 humido·
1296 2323 1471 2397 supportet
1501 2322 1616 2378 Gffiffliss
1647 2322 1724 2377 dim
1751 2329 1794 2377 ⁰⁸i
1825 2323 1903 2393 (limi

210 2417 283 2464 tuae.
321 2409 467 2480 Philippus
492 2411 674 2466 Macedonum
700 2431 748 2466 rex
773 2431 823 2482 per
848 2431 964 2483 puerum
989 2414 1042 2468 eibi
1069 2407 1192 2472 σώζουσα
1212 2408 1261 2477 τὴν
1280 2410 1431 2484 apiriam
1451 2416 1548 2464 canna
1561 2427 1626 2464 vero
1639 2408 1743 2462 domito
1761 2409 1903 2464 sobrietati

206 2495 324 2567 singulis
344 2496 441 2566 diebus
459 2498 605 2552 acclamari
624 2498 755 2553 curabat:
773 2503 896 2554 tulliane
913 2505 1041 2574 μέμνησο
1068 2496 1204 2565 opposita·
1215 2497 1391 2565 prudentiam
1404 2496 1525 2550 suffocat
1537 2513 1654 2551 omnem.
1678 2496 1760 2551 Pras.
1780 2502 1901 2564 20,v.1:

206 2577 356 2652 ἄνθρωπος
374 2577 452 2639 εἶναι.
492 2583 596 2638 Conna
619 2585 745 2640 Herodes
769 2586 834 2640 dum
859 2588 964 2657 patitur
989 2589 1041 2643 sibi
1068 2583 1227 2660 Laertem
1246 2600 1292 2636 ree
1311 2590 1350 2635 ees
1368 2584 1475 2646 marein,
1500 2583 1671 2635 renascere
1689 2583 1823 2650 eatam,
1843 2584 1901 2650 aui

207 2667 315 2723 divinos
339 2667 457 2723 honores
484 2670 568 2724 tribui
588 2670 699 2741 sibique
715 2672 875 2727 acclamari:
909 2675 968 2727 Voa
985 2676 1044 2728 lici
1069 2684 1175 2734 canuae
1195 2668 1239 2720 bis
1258 2668 1428 2732 delectatur,
1452 2669 1565 2736 sapione
1582 2686 1637 2721 non
1658 2670 1720 2724 erit.
1760 2674 1781 2723 2.
1802 2667 1901 2723 Temu-

207 2760 233 2806 et
252 2772 309 2807 non
321 2755 447 2824 tumninio,
465 2756 502 2810 ab
517 2756 617 2827 angelo
635 2774 781 2826 percussus
794 2758 892 2811 misere
912 2759 1041 2829 exspirat,
1068 2754 1153 2809 lentie
1171 2760 1213 2808 etl
1231 2755 1330 2808 vilium
1346 2754 1460 2823 servile,
1478 2755 1596 2825 ideoque
1612 2755 1791 2825 magistram
1811 2755 1901 2826 digni·

207 2841 434 2910 Act.12,v.23.
470 2842 596 2910 Perseus,
616 2829 649 2897 ut
665 2847 709 2898 est
727 2843 756 2897 in
769 2845 914 2913 pcbtarum
930 2844 1042 2911 tabulis,
1067 2847 1125 2896 tate
1149 2847 1177 2895 et
1200 2842 1365 2896 arammtate
1396 2841 1478 2910 plane
1502 2839 1658 2911 iudignum.
1701 2841 1757 2902 Qui
1775 2842 1856 2895 latui
1872 2850 1898 2894 tt

207 2925 304 2981 habuit
326 2926 484 2998 Gorgonem
508 2928 552 2982 rel
570 2929 715 2998 clypeum,
746 2947 801 3000 quo
834 2931 904 2985 aiios
927 2931 956 2984 in
974 2948 1043 2987 saxa
1067 2927 1184 2993 somnae
1202 2928 1358 2995 manupae
1374 2935 1447 2995 eam,
1464 2934 1495 2979 m
1521 2927 1625 2994 ianam
1648 2926 1803 2996 animalia,
1822 2928 1849 2979 ee·
1865 2927 1901 2980 oi-

209 3012 354 3080 convertit,
374 3012 544 3083 prohibitum
564 3021 657 3070 autem
675 3014 793 3069 fuitsibi
811 3016 874 3087 ipsi,
893 3035 928 3070 ne
944 3021 1041 3088 adspi-
1068 3014 1131 3065 bam
1148 3029 1299 3082 suppares,
1330 3014 1423 3081 iacent
1449 3021 1613 3082 tmpentaae
1634 3020 1660 3066 et
1675 3013 1841 3082 praeterito,
1859 3013 1900 3065 in·

207 3107 282 3152 ceret
300 3117 380 3151 saum
398 3098 537 3167 clypeam,
565 3100 615 3153 sed
633 3099 703 3154 illud
724 3101 869 3173 negligens
888 3111 916 3157 et
934 3102 1040 3175 Gorgo·
1067 3099 1186 3165 stantia,
1218 3100 1319 3163 satura
1333 3100 1407 3167 pari
1430 3100 1568 3152 obliuione
1601 3100 1756 3167 dimittant,
1786 3098 1900 3154 Tacitus

207 3202 269 3240 nem
294 3185 488 3255 introspiciens
517 3202 665 3240 conversus
688 3186 780 3241 estin
804 3203 914 3252 aarum,
944 3190 972 3243 id
999 3198 1040 3245 est
1067 3186 1084 3238 l·
1111 3191 1135 3242 2.
1160 3184 1222 3238 hist·
1267 3192 1291 3240 3·
1317 3185 1444 3239 Ebrietas
1467 3203 1485 3240 t
1510 3202 1577 3239 cura
1601 3185 1770 3254 reipublicae
1794 3187 1901 3240 animos

205 3270 334 3340 princeps
351 3288 406 3324 non
425 3270 508 3325 debet
525 3265 754 3326 admirari⁴suam
766 3274 928 3344 potentiam,
946 3294 981 3331 ne
999 3278 1039 3330 in.
1066 3270 1246 3341 magistratus
1264 3270 1401 3324 abstrahit
1420 3277 1448 3325 et
1466 3271 1503 3324 ad
1515 3272 1637 3341 corporis
1649 3271 1798 3326 cuticulam
1818 3272 1899 3326 unice

206 3356 282 3411 cidat
310 3358 338 3411 in
365 3356 468 3411 fastum
499 3362 527 3410 et
554 3374 587 3411 ex
604 3356 679 3411 fastu
702 3357 730 3412 in
749 3359 870 3414 exitium.
906 3364 932 3415 3.
962 3363 1038 3416 Vitae
1065 3357 1216 3410 curandam
1233 3367 1353 3410 revocat
1373 3354 1449 3410 Eccl.
1471 3362 1510 3423 10,
1529 3375 1555 3411 v.
1579 3363 1624 3412 16:
1656 3356 1712 3408 Vae
1735 3357 1788 3408 tibi
1812 3365 1897 3420 terra,

206 3443 361 3508 integritas.
391 3442 461 3496 Cum
478 3442 537 3495 vita
553 3443 686 3512 principis
700 3443 777 3498 velut
790 3447 932 3515 speculum
951 3450 1037 3518 quod·
1065 3442 1146 3510 tillut
1163 3458 1213 3493 ΜΞ
1234 3458 1307 3509 W?
1327 3449 1377 3505 0⁸⁶2
1406 3450 1431 3494 ⁰⁶
1449 3444 1530 3511 wlff
1548 3443 1692 3511 princip&
1710 3459 1792 3495 ’ΜΝ
1812 3461 1897 3496 ⁶⁰⁷720·

206 3527 269 3582 dam
294 3527 423 3582 omnibus
448 3527 567 3583 subditis
591 3528 627 3583 sit
652 3530 837 3599 propositum,
869 3532 932 3586 ideo
951 3534 1036 3589 vitam
1064 3530 1154 3595 duum·
1178 3545 1202 3581 V·
1226 3533 1263 3581 Π·
1285 3529 1367 3580 botta
1385 3535 1476 3596 lem,
1499 3529 1582 3596 ij
1599 3545 1648 3581 rex
1665 3529 1768 3581 nobilit
1788 3538 1843 3595 eti.
1870 3539 1897 3582 el

205 3629 283 3668 suam
301 3629 410 3667 omnem
424 3615 460 3667 ad
477 3615 546 3684 legis
565 3614 676 3670 divinae
689 3632 813 3670 normam
825 3634 858 3671 ac
870 3617 922 3672 Dei
941 3621 1037 3674 vulun-
1064 3616 1144 3682 ij
1158 3614 1305 3683 principat
1324 3622 1468 3666 vomatur
1493 3615 1524 3667 in
1547 3622 1669 3683 tempore
1694 3632 1744 3666 ⁸²⁴0
1771 3619 1812 3667 ad
1835 3617 1896 3684 refi-

204 3703 290 3753 tatem
310 3699 483 3754 conformare
510 3716 683 3770 summopere
705 3701 823 3756 studeat.
859 3705 978 3757 Nullum
997 3717 1038 3761 eat
1063 3702 1192 3753 ciendum
1214 3707 1240 3752 tl
1265 3716 1320 3752 tot
1345 3703 1385 3752 ad
1408 3700 1553 3753 hommem·
1599 3699 1808 3769 Epaminondas
1833 3717 1896 3755 cum

200 3784 406 3853 praestabilius
426 3791 452 3837 et
465 3786 614 3853 psslcbriae
627 3785 686 3838 Dcs'
702 3805 802 3839 manas
819 3805 888 3856 erpa
905 3793 1038 3846 mortales
1062 3786 1134 3839 seito
1151 3785 1272 3855 quodam
1290 3784 1335 3838 die
1352 3784 1451 3853 reliqui
1469 3784 1542 3838 cives
1566 3786 1761 3854 compilationi
1784 3803 1897 3856 optram

202 3887 286 3938 qnam
304 3878 397 3923 castae
416 3877 442 3923 et
459 3878 572 3924 sanatis
592 3879 617 3923 et
634 3874 697 3926 Deo
720 3874 881 3927 simillimas
895 3878 1038 3947 princepe,
1063 3873 1169 3938 darent,
1181 3872 1255 3924 eolus
1267 3870 1429 3925 circumiens
1443 3888 1534 3925 muros
1546 3871 1691 3935 lustrabat,
1705 3873 1827 3926 sobrium
1839 3892 1896 3927 esse

201 3955 242 4009 ait
259 3955 366 4009 Plinius
386 3955 414 4008 in
434 3972 535 4026 paneg.
556 3955 669 4027 'l'rajan
705 3958 820 4014 Noverit
837 3961 979 4032 princeps,
1005 3981 1035 4018 se
1063 3965 1089 4011 et
1106 3958 1227 4026 vicilare
1240 3975 1269 4010 se
1289 3957 1399 4020 dicens,
1419 3966 1450 4010 ut
1468 3958 1535 4010 aliis
1553 3958 1640 4010 ebriis
1652 3976 1709 4012 esse
1731 3967 1757 4011 et
1772 3961 1895 4014 donnire

202 4046 235 4095 ut
251 4040 325 4107 Deo,
352 4041 392 4095 ita
411 4057 521 4112 quoque
540 4042 640 4096 divinis
659 4043 769 4115 legibus
789 4063 849 4100 esse
869 4047 1034 4119 subjectum,
1062 4045 1167 4109 liceret,
1194 4042 1361 4096 Plutarchus
1386 4043 1422 4096 ad
1438 4043 1532 4099 Princ.
1551 4042 1607 4097 ind.
1644 4051 1667 4098 t.
1694 4045 1836 4100 Sobrietas
1854 4052 1896 4100 est
1910 4047 1961 4084 ΚΝ
1975 4046 1992 4084 ⁴⁰·

201 4142 374 4195 summopere
392 4127 479 4197 igitur
499 4129 611 4183 candeat
630 4131 712 4199 juxta
742 4131 896 4186 divinorum
922 4136 1034 4189 manda·
1060 4129 1168 4184 frenum
1188 4128 1341 4199 potestatis,
1359 4146 1414 4199 quo
1432 4146 1482 4199 per
1498 4129 1678 4183 vinolentiam
1695 4131 1805 4187 sublato
1823 4133 1894 4202 inju-

200 4219 290 4278 tornm
310 4212 434 4282 regulam
452 4213 538 4268 vitam
557 4214 729 4270 conformare
755 4233 862 4272 ornnem
881 4224 909 4273 et
928 4221 957 4273 in
976 4238 1033 4275 om·
1061 4216 1136 4270 stitia
1154 4221 1183 4269 et
1200 4214 1304 4269 abusus
1323 4215 1434 4285 pessimi
1453 4215 1543 4269 solent
1560 4215 1701 4286 consequi.
1735 4215 1895 4272 Alexander

200 4298 282 4353 nibus
302 4299 362 4353 Dec
382 4315 442 4354 sese
463 4298 660 4370 obsequentem
684 4307 833 4371 praestare.
872 4304 1033 4374 Alphonsus
1060 4301 1125 4355 rino
1143 4307 1273 4355 aestuans
1292 4301 1396 4355 Clitum
1417 4299 1581 4353 familiarem
1609 4318 1689 4354 suum
1714 4302 1831 4359 interfici
1848 4322 1893 4359 cu·

200 4400 307 4454 semper
334 4384 362 4437 in
391 4401 437 4439 ore
464 4384 601 4454 habebat,
631 4395 709 4440 tanto
728 4388 855 4455 priuatis
878 4391 1033 4447 bominibus
1060 4386 1147 4453 ravit,
1175 4387 1224 4440 ted
1247 4392 1346 4456 postea
1370 4391 1449 4439 lania
1469 4386 1568 4439 ductus
1593 4392 1637 4440 etl
1653 4389 1842 4456 poenitudine,
1863 4397 1894 4444 ut

199 4486 280 4536 repes
308 4470 437 4523 meliores
465 4486 524 4523 esse
549 4472 666 4537 debere,
696 4481 801 4541 quanto
826 4476 977 4531 lonombaa
1008 4488 1033 4533 et
1061 4473 1114 4527 sibi
1134 4473 1187 4542 ipsi
1208 4489 1305 4526 manus
1323 4470 1425 4525 inferre
1444 4471 1570 4526 voluerit.
1602 4471 1777 4527 Sacratasad
1792 4475 1892 4530 Demo-

201 4554 338 4623 dipnitate
359 4557 570 4622 antecellerent,
585 4557 797 4614 Panormitanns
816 4560 864 4614 lib.
886 4569 908 4616 6.
937 4564 972 4619 de
992 4582 1032 4620 re·
1060 4558 1152 4612 uicum
1176 4557 1288 4624 Scribit,
1317 4556 1404 4610 menti
1425 4556 1488 4608 ”5²²⁰
1517 4558 1634 4610 ammae
1657 4559 1732 4611 idem
1756 4561 1893 4629 accidere,

201 4639 253 4693 bus
281 4641 366 4710 gestis
397 4640 532 4711 Alpheus.
566 4641 714 4698 Contraria
733 4645 833 4714 pietati
853 4655 917 4703 sunt
935 4669 1032 4720 saper·
1061 4647 1137 4713 quod
1160 4645 1287 4696 curribm
1310 4642 1412 4707 amaa
1438 4658 1569 4709 tacuero,
1602 4660 1665 4697 cum
1685 4661 1740 4713 quo
1757 4648 1895 4704 consentit

200 4725 278 4778 stitia
291 4725 319 4778 in
340 4743 453 4781 excessu
473 4734 501 4781 et
525 4729 656 4797 impietas
680 4729 708 4783 in
728 4730 840 4786 defectu
859 4751 989 4803 peccans,
1017 4754 1033 4791 a
1060 4731 1129 4785 illud
1156 4728 1277 4822 {enecas
1300 4728 1379 4796 epist.
1408 4733 1455 4781 83:
1484 4730 1550 4781 Non
1575 4739 1614 4782 est
1648 4732 1757 4783 animas
1781 4733 1811 4784 in
1842 4751 1905 4788 sua,

201 4811 301 4882 quibus
320 4817 454 4882 tanquam
471 4815 592 4884 scopulis
611 4815 664 4869 sibi
682 4832 779 4872 cavere
793 4817 877 4874 debet
895 4821 1032 4892 princeps,
1057 4823 1195 4884 potetate
1221 4814 1353 4866 omnimo
1377 4814 1528 4871 devinciet·
1573 4823 1597 4871 5·
1627 4816 1824 4886 Temperantia
1853 4826 1895 4872 est

198 4912 234 4951 na
249 4897 333 4952 exitio
350 4898 538 4968 immergatur.
1059 4900 1195 4955 emtitatis
1225 4899 1363 4953 nutricula
1394 4905 1422 4953 et
1453 4900 1667 4968 munimentum,
1698 4908 1794 4957 contra
1829 4920 1894 4957 vero

1059 4994 1151 5039 venter
1174 5001 1251 5038 mero
1274 4991 1407 5037 aestuans
1432 4986 1487 5039 cito
1510 4989 1656 5055 dmpamat
1686 4989 1716 5040 in
1740 4989 1894 5052 libidinem,

1060 5090 1083 5126 c.
1101 5070 1208 5125 Venter
1221 5074 1273 5124 etc.
1286 5069 1350 5125 dist.
1363 5076 1405 5125 35.
1418 5078 1446 5125 et
1452 5073 1601 5143 proximae
1615 5090 1634 5125 a
1645 5072 1747 5126 Libero
1755 5081 1843 5143 patre
1854 5078 1895 5128 acl

1061 5158 1251 5209 inconcessam
1284 5155 1414 5209 Venerem
1447 5165 1487 5209 est
1517 5158 1749 5227 intemperantiae
1776 5163 1893 5226 predas,

1059 5240 1187 5297 Valerius
1202 5240 1338 5295 Maximus
1356 5242 1403 5297 lib.
1430 5248 1455 5296 2.
1480 5244 1629 5299 memorab.
1660 5247 1820 5299 Mammam
1844 5248 1893 5300 lra-

1058 5329 1167 5378 beretar
1190 5326 1280 5380 libido
1304 5328 1364 5380 aine
1390 5328 1474 5396 pala,
1499 5347 1561 5382 cam
1579 5330 1647 5383 laec
1666 5333 1723 5384 duo
1738 5339 1795 5385 tam
1812 5335 1893 5387 unita

1058 5420 1140 5480 iaaac
1159 5414 1378 5481 concremant,
1404 5423 1435 5467 at
1452 5415 1479 5467 si
1502 5414 1631 5485 oajeepe·
1653 5418 1764 5470 omnino
1785 5420 1892 5486 patuis·

1057 5505 1128 5562 sent,
1158 5499 1217 5568 ipsi
1233 5500 1319 5568 prins
1342 5500 1434 5553 uentri
1453 5502 1590 5569 pudende
1616 5520 1672 5557 non
1696 5504 1890 5559 adbaament.

1057 5583 1247 5641 Tutullianus
1262 5584 1326 5640 adv.
1338 5585 1491 5655 Psychicos
1517 5587 1614 5643 Venta·
1631 5598 1658 5645 st
1675 5589 1813 5657 amitals‘a
1823 5591 1892 5644 sibi-
