4020 6014
27 297 86 357 396
608 291 731 349 LOCUS
749 288 953 348 VIGESIMUS
975 288 1155 357 QUARTUS

25 445 81 502 tale
104 447 211 504 scilicet
235 447 434 505 incrementum
457 464 491 502 ac
515 446 579 502 talis
596 444 859 517 superabundantia,
890 444 939 515 qui
956 461 1020 500 cnm
1032 446 1088 500 sint
1099 442 1276 512 ἀκατάληπτα
1292 442 1440 519 μυστήρια,
1461 459 1569 498 omnem
1587 443 1726 498 humanae

26 549 98 603 quac
118 533 230 589 danum
247 541 360 605 gravat,
378 539 486 600 onerat,
511 531 642 604 opprimit
669 537 697 586 ct
715 531 860 587 consumit.
886 530 1001 585 rationis
1019 537 1132 602 captum
1149 531 1294 599 excedunt,
1313 536 1342 584 et
1355 530 1427 585 inter
1438 535 1599 585 contractus
1619 529 1658 584 ad
1675 529 1726 584 hu·

26 617 114 672 Exod.
137 625 183 689 22,
206 637 233 676 r.
259 626 307 675 21:
334 620 520 688 Peregrinum
544 637 600 672 non
614 618 768 688 populatis
787 619 861 686 (non
887 632 998 670 menam
1016 622 1045 672 et
1062 617 1172 672 civilem
1196 617 1283 671 vitam
1300 616 1483 687 pertinentes,
1508 616 1545 670 ds
1571 615 1675 687 quibus
1693 632 1725 671 ex

29 705 138 769 inferes
149 707 205 760 uim
214 707 376 776 perrarino,
396 705 453 779 2¹¹3ss
472 703 580 773 afflixit,
589 703 737 776 oppressit,
746 703 860 773 deprae·
887 702 989 757 lumine
1010 709 1125 758 naturae
1141 703 1280 774 judicium
1299 701 1359 757 fieri
1378 708 1485 773 potest,
1504 701 1578 756 unde
1597 700 1725 756 Christus

27 790 110 845 datus
129 793 192 860 est),
211 810 239 846 v.
259 797 308 846 25:
345 791 380 844 Si
402 798 548 858 arpentum
567 789 736 844 mutuaveris
750 788 860 858 populo
888 788 947 858 ipse
967 788 1080 843 deducit
1099 807 1149 843 nos
1167 789 1203 844 ad
1223 789 1348 860 regulam
1362 789 1434 860 juris
1454 785 1588 842 naturalis
1602 785 1725 841 omnium

28 894 87 930 mea
96 877 225 946 pauperi
231 884 327 944 tecum,
341 893 396 929 non
409 877 465 930 aria
478 876 506 930 ci
517 875 676 945 usurarius,
689 875 861 944 nccporietir
888 873 1029 928 hominum
1047 874 1187 930 mentibus
1214 875 1376 945 inscriptam
1395 879 1480 944 atque
1505 873 1674 943 insculptam
1698 874 1751 927 et·

26 978 112 1031 super
124 978 186 1016 aum
197 958 313 1016 tauram
332 963 475 1033 (tanquam
495 979 564 1017 onus
582 961 723 1033 quoddam
734 977 861 1032 premens
888 960 1040 1015 secundum
1058 978 1119 1015 eam
1130 961 1165 1016 de
1180 960 1283 1016 talibus
1301 959 1490 1016 contractibus
1507 958 1647 1028 judicium
1659 957 1725 1012 ferri

28 1053 57 1104 et
76 1049 199 1118 urgens),
218 1047 308 1103 Lavit.
330 1053 371 1114 25,
389 1065 414 1102 r.
434 1054 481 1104 36:
500 1049 566 1102 Non
585 1048 711 1118 accipiat
730 1065 748 1100 a
767 1049 863 1112 fratre
888 1046 1031 1116 permittit.
1061 1047 1128 1102 Pari
1146 1047 1251 1102 ratione
1274 1063 1405 1118 magnum
1425 1045 1573 1101 discrimen
1591 1050 1635 1099 est
1652 1044 1725 1099 inter

30 1141 77 1189 tuo
90 1152 207 1187 neuram
221 1141 247 1186 et
259 1135 463 1199 incrementum,
481 1134 620 1210 Lutherus
633 1133 719 1189 vertit
729 1133 862 1203 deberint.
890 1131 1064 1187 dilectionem
1090 1133 1144 1188 Dei
1170 1138 1198 1186 et
1215 1132 1320 1186 cultum
1344 1131 1468 1186 divinum
1487 1130 1516 1184 in
1535 1130 1626 1201 prima
1643 1130 1724 1185 deca·

28 1218 131 1274 Psalm.
146 1225 208 1288 109,
232 1237 258 1275 r.
273 1226 318 1276 11:
335 1220 478 1291 illaqueet
489 1223 652 1286 foenerator
664 1221 773 1288 omnia,
791 1237 864 1288 qnae
889 1218 947 1289 logi
965 1218 1061 1272 tabula
1079 1219 1280 1289 praescriptum
1295 1223 1323 1273 et
1335 1218 1407 1272 iuter
1419 1216 1593 1273 dilectionem
1607 1216 1724 1288 proximi

25 1313 89 1359 runt
118 1306 159 1373 ci,
187 1294 262 1381 23932,
285 1307 399 1378 qnidam
416 1295 668 1380 deducuutattt'122
689 1306 864 1376 illaqueavit,
889 1304 918 1358 in
935 1304 1058 1359 secunda
1074 1303 1200 1375 decalogi
1220 1304 1318 1359 tabula
1344 1304 1517 1370 mandatum,
1543 1319 1640 1356 norma
1658 1302 1724 1358 dile
1737 1302 1807 1347 mi

27 1390 147 1446 irretivit
151 1412 164 1461 ,·
178 1381 545 1466 quicamau'ppoacaea·r‚
556 1393 726 1463 prostravit,·
738 1391 862 1462 Targum
891 1390 990 1445 ationis
1010 1390 1121 1446 divinae
1141 1408 1174 1446 ac
1195 1391 1287 1446 cultus
1302 1391 1361 1446 Deo
1380 1389 1466 1445 debiti
1484 1407 1540 1444 non
1553 1393 1646 1459 potest
1666 1388 1724 1459 pcti

27 1476 100 1553 ²2:22}
128 1477 261 1546 caltiaat,
287 1476 371 1532 LXX
400 1477 515 1549 interpr.
541 1475 760 1550 ἒξερευνηαάτω,
789 1494 864 1529 scra·
891 1493 924 1531 ex
941 1481 1056 1532 natmae
1073 1477 1185 1547 lumine,
1203 1478 1253 1532 scd
1272 1477 1307 1532 de
1327 1475 1476 1531 dilectione
1488 1475 1607 1546 proximi
1626 1492 1659 1531 ex
1677 1493 1724 1530 na·

25 1570 106 1628 tetur,
126 1567 294 1634 acceperunt
314 1580 365 1634 pro
383 1552 468 1636 &322
486 1569 600 1635 propter
611 1563 753 1619 literarum
776 1563 864 1617 aar:
891 1562 974 1617 turali
999 1563 1139 1633 aequitate
1165 1562 1287 1635 judicari
1315 1567 1416 1633 potest.
1467 1560 1572 1631 Quodsi
1603 1562 1666 1633 quis
1696 1562 1725 1616 in

27 1648 243 1705 similitudinem.
279 1648 437 1704 Latherns:
465 1649 522 1705 aer
541 1651 675 1720 {badacer
701 1651 780 1720 attile
799 1653 864 1706 aad·
892 1649 950 1704 istis
971 1666 1117 1704 usurarum
1136 1647 1369 1720 prohibitionibus
1388 1647 1485 1704 literae
1504 1646 1667 1718 simpliciter
1685 1648 1725 1702 in·

27 1735 124 1804 langen
147 1735 214 1791 citet
238 1724 297 1792 teat
321 1748 348 1791 tt
369 1736 422 1804 bat.
459 1735 559 1789 Erech
581 1740 626 1802 18,
644 1752 671 1792 r.
692 1740 723 1791 8:
745 1736 796 1789 Vir
816 1737 865 1805 qui
891 1734 1004 1790 haerere
1022 1741 1106 1806 atque
1125 1753 1158 1791 ex
1170 1733 1314 1790 eainferre
1325 1733 1400 1798 velit,
1421 1733 1450 1786 in
1467 1733 1544 1786 nullo
1556 1733 1639 1803 plane
1657 1749 1724 1788 casu

27 1839 88 1874 eum
112 1838 202 1874 neura
223 1838 280 1874 aaa
304 1820 414 1874 dederit
440 1828 466 1874 et
490 1821 614 1890 amplius
636 1839 693 1875 non
716 1822 864 1891 acceperit,
891 1820 998 1874 licitum
1016 1835 1075 1876 esse
1093 1820 1129 1876 oh
1149 1838 1229 1875 usum
1248 1820 1384 1891 pecuniae
1396 1825 1491 1874 mutuo
1511 1819 1594 1874 datae
1612 1836 1725 1875 censum

26 1906 167 1962 Lutherus
183 1905 307 1961 reddidit
324 1907 369 1963 brt
388 1905 511 1963 alemant
534 1907 671 1977 llbetleptt,
689 1907 739 1975 qui
756 1908 791 1960 ab
811 1907 863 1960 ini·
892 1906 1013 1978 aliquem
1039 1906 1149 1978 exigere
1174 1924 1207 1962 ac
1226 1905 1385 1977 prohibitae
1412 1922 1513 1961 usurae
1538 1905 1724 1976 appellatione

27 1992 134 2064 quitata
161 1992 293 2046 ava-terit
325 2009 438 2045 manum
467 2009 562 2060 suam,
597 1993 623 2046 is
649 1992 766 2047 avendo
784 1992 862 2048 ciaet.
890 1993 983 2047 venire
1002 2008 1082 2047 omne
1099 1993 1143 2057 id,
1162 1992 1238 2063 quod
1258 1992 1332 2046 ultra
1350 1996 1452 2046 sortem
1470 1990 1620 2061 accipitur,
1640 1990 1663 2045 si
1681 1992 1725 2047 rel

27 2095 51 2132 c.
70 2083 112 2147 22,
128 2095 154 2132 r.
178 2083 221 2134 12:
245 2079 364 2133 Uauram
384 2086 409 2132 et
420 2079 711 2148 superabundantiam
729 2079 865 2148 accpisti
889 2077 1013 2132 maxime
1026 2078 1166 2148 proximas
1184 2094 1216 2133 eo
1237 2093 1292 2132 non
1317 2082 1463 2148 gravetur,
1488 2076 1597 2148 cogitur
1614 2094 1647 2132 ex
1665 2096 1725 2148 pro

28 2171 53 2218 st
68 2165 232 2228 fraudabor
250 2165 341 2219 socios
361 2171 423 2219 tuos
441 2165 470 2217 in
494 2165 683 2234 oppressione.
720 2165 755 2219 In
773 2163 817 2219 his
835 2171 864 2220 et
888 2164 1024 2221 bibitione
1053 2164 1089 2220 de
1117 2181 1173 2219 non
1203 2162 1362 2219 mentiendo
1395 2163 1454 2233 pari
1481 2163 1589 2219 ratione
1615 2164 1723 2230 elicere,

27 2249 165 2305 similibus
183 2248 265 2305 dictis
290 2267 376 2305 usura
394 2250 560 2306 describitur
580 2267 630 2321 per
647 2249 862 2321 oppressionem,
888 2251 963 2321 quod
981 2249 1058 2305 nullo
1075 2251 1158 2321 plane
1177 2267 1244 2305 casu
1261 2249 1368 2304 licitum
1386 2249 1423 2302 sit
1438 2247 1519 2304 aliter
1535 2248 1620 2321 loqui,
1639 2267 1723 2322 quam

27 2422 176 2494 descriptio
194 2439 249 2478 non
268 2423 401 2494 competit
417 2423 546 2480 censibus
557 2422 612 2478 illis
624 2423 731 2489 annus,
749 2424 785 2480 de
801 2424 861 2496 qui·
888 2425 981 2480 venire
998 2423 1067 2478 illud
1088 2438 1181 2490 omne,
1203 2422 1279 2494 quod
1302 2421 1331 2475 in
1356 2437 1481 2476 sermone
1502 2439 1558 2478 non
1585 2423 1723 2480 consentit

27 2509 80 2566 hus
97 2509 227 2565 hocloco
244 2508 362 2580 agimus.
888 2527 951 2565 cum
966 2527 996 2566 re
1015 2510 1091 2582 ipsa,
1107 2509 1131 2564 si
1149 2509 1194 2565 rel
1210 2509 1328 2564 maxime
1345 2504 1487 2578 proximus
1505 2524 1538 2564 eo
1557 2526 1612 2565 non
1631 2511 1722 2566 laeda-

63 2601 122 2654 att.
157 2599 182 2651 d.
198 2596 245 2649 Eu
266 2596 408 2649 naturalia
432 2596 584 2665 aequitatis
610 2604 636 2650 ct
659 2604 772 2651 mutuae
789 2597 862 2651 eari-
888 2603 934 2652 tur
950 2612 1002 2651 nec
1021 2595 1190 2667 decipiatur,
1209 2595 1285 2667 quod
1303 2602 1397 2650 umen
1418 2593 1477 2665 ipse
1496 2594 1673 2651 Chemnicius
1695 2604 1724 2654 et

26 2684 94 2738 tatis
129 2682 297 2737 conditione.
350 2680 465 2738 Summa
493 2681 577 2737 totius
608 2683 746 2738 secundae
781 2683 862 2738 deca-
889 2682 937 2737 alii
954 2680 1077 2753 theologi
1092 2698 1147 2737 non
1163 2681 1329 2736 concedunt.
1362 2679 1454 2745 Quare
1465 2686 1497 2735 ut
1511 2697 1544 2734 ex
1562 2680 1617 2735 illis
1632 2681 1724 2752 dictis,

25 2768 84 2840 logi
108 2768 221 2825 tabulae
246 2768 411 2840 proponitur
440 2769 469 2824 in
500 2769 548 2824 illa
570 2769 732 2825 authentica
760 2767 863 2825 Christi
889 2784 965 2841 quae
978 2768 1007 2822 in
1025 2784 1128 2839 genere
1146 2766 1296 2838 prohibent
1314 2766 1504 2832 mendacium,
1523 2785 1579 2822 non
1595 2775 1638 2824 est
1655 2769 1724 2825 infe

26 2854 124 2910 Matth.
145 2862 169 2919 7,
188 2872 213 2908 r.
236 2859 282 2911 12:
322 2854 468 2925 Quidquid
484 2855 577 2924 aaa,
597 2863 627 2909 ut
645 2856 763 2922 saciant
786 2856 864 2910 uobis
889 2855 1019 2920 rendum,
1042 2870 1123 2909 omne
1143 2853 1214 2908 illud
1231 2853 1368 2909 mendacii
1391 2853 1502 2908 nomine
1520 2855 1626 2924 venire,
1650 2857 1725 2926 quod

26 2941 159 3010 heminae,
175 2941 227 2996 hac
238 2941 335 3008 jacite
353 2942 438 2994 etiam
455 2941 536 3012 ipsis,
552 2942 622 2995 haec
634 2949 674 2996 at
688 2942 734 2997 lca
752 2949 778 2994 st
794 2959 862 3011 pro·
888 2943 918 2996 in
933 2957 1059 2997 sermone
1071 2957 1135 2994 eum
1154 2958 1185 2996 re
1196 2957 1251 2994 non
1266 2939 1402 3010 convenit,
1421 2941 1470 2994 sed
1488 2941 1526 2995 ad
1538 2940 1725 2998 definitionem

22 3028 143 3097 phatua-
163 3026 289 3082 consistit
305 3025 378 3082 enim
396 3026 518 3082 ommuni
536 3033 748 3098 praeceptorum
764 3044 862 3084 secun·
888 3027 1026 3084 mendacii
1045 3044 1078 3082 ex
1103 3043 1199 3083 norma
1222 3027 1360 3095 caritatis,
1390 3045 1463 3098 quae
1491 3033 1534 3083 est
1561 3027 1625 3082 finis
1645 3028 1724 3101 legis,

27 3112 79 3169 dae
96 3111 211 3168 tabulae
221 3130 328 3168 summa
339 3113 369 3167 in
382 3112 530 3168 dilectione
541 3113 674 3183 proximi,
691 3111 807 3170 Ramm
821 3120 862 3180 13,
888 3114 1043 3171 nocasario
1070 3114 1244 3181 addendum,
1269 3114 1344 3185 qnod
1371 3114 1399 3168 id
1425 3113 1537 3169 demum
1557 3114 1594 3168 sit
1611 3115 1723 3169 menda·

25 3218 51 3257 r.
66 3206 111 3256 10:
131 3197 269 3279 πλήρωμα
287 3197 405 3273 νόμουὴ
424 3196 527 3269 ἀγάπη.
546 3217 572 3254 v.
588 3203 617 3254 8:
636 3199 688 3269 qai
700 3200 861 3268 maximum
887 3202 962 3257 cium
979 3200 1164 3272 prohibitum,
1185 3201 1212 3254 ai
1229 3202 1338 3264 falsum
1354 3202 1526 3270 proseratur
1545 3218 1607 3253 cam
1627 3201 1722 3255 volun·

26 3286 132 3357 dilipit,
151 3286 241 3355 tapam
255 3285 396 3355 impleuit,-
415 3302 441 3338 r.
456 3290 480 3341 9.
500 3286 552 3339 hoc
565 3285 646 3351 anim,
666 3288 860 3341 nanmoecha·
887 3296 945 3343 tate
969 3305 1019 3342 aen
1040 3287 1190 3342 intentione
1217 3287 1392 3356 titubandi,
1422 3286 1539 3342 docente
1563 3286 1723 3343 Chemnicio

27 3373 109 3442 baris,
127 3388 183 3425 noa
202 3371 321 3440 occides,
339 3388 394 3425 non
405 3370 566 3438 furaberis,
584 3388 641 3424 non
659 3371 737 3426 dices
753 3373 861 3435 falsum
886 3380 960 3444 part.
973 3378 997 3428 2.
1018 3373 1101 3429 locor.
1114 3389 1137 3428 c.
1152 3372 1188 3428 de
1202 3373 1264 3444 lege
1275 3371 1330 3428 Dei
1348 3372 1377 3427 in
1390 3372 1521 3444 explicat.
1540 3372 1632 3427 octavi
1644 3389 1722 3443 prae·

27 3457 222 3521 testimonium,
242 3474 299 3510 aon
314 3456 501 3525 canwpt'aces,
520 3463 546 3508 et
564 3456 590 3509 ri
602 3458 680 3525 qaod
690 3457 774 3512 atiud
785 3476 862 3513 man·
888 3459 963 3530 cepti
986 3476 1015 3529 p.
1036 3463 1095 3514 235.
1112 3457 1153 3513 its
1171 3475 1282 3529 quoque
1301 3474 1335 3513 ex
1350 3458 1405 3513 illis
1427 3458 1518 3526 dictis,
1537 3475 1609 3529 quae
1626 3458 1656 3511 in
1674 3474 1724 3529 ge-

28 3547 127 3600 datum
147 3543 177 3597 in
194 3544 247 3597 hac
264 3542 345 3598 rerba
366 3541 629 3611 ἀνακεφαλαιοῦται,
647 3544 863 3616 recapitulatur,
889 3562 954 3601 nere
972 3545 1122 3616 prohibent
1138 3561 1247 3613 usuras,
1263 3562 1319 3599 non
1336 3550 1428 3615 potest
1445 3561 1496 3599 nec
1517 3543 1600 3599 debet
1617 3543 1720 3612 inferri,

27 3634 253 3694 atinatauratur,
273 3628 627 3698 dilipeaprocimumtaum
639 3629 748 3684 acuite
761 3630 861 3701 ipsam.
889 3648 968 3688 omne
986 3632 1055 3687 illud
1079 3647 1179 3686 usurae
1202 3630 1312 3685 nomine
1339 3630 1564 3702 intelligendum,
1592 3631 1668 3701 quod
1694 3629 1723 3685 in

27 3717 106 3773 idem
132 3716 214 3771 docet
236 3714 362 3771 Christus
385 3714 484 3770 Matth.
505 3720 550 3786 22,
577 3733 603 3773 r.
629 3720 671 3771 39.
713 3714 777 3771 Jam
797 3733 863 3773 vero
888 3718 1023 3790 pecuniae
1040 3734 1093 3773 usu
1113 3716 1194 3772 alteri
1216 3733 1347 3772 concesso
1367 3717 1440 3771 ultra
1460 3723 1561 3771 sortem
1577 3716 1723 3788 accipitur,

28 3803 247 3860 demonstratum
264 3806 307 3856 est
324 3801 459 3873 superius,
478 3803 863 3873 nequaqnamcumnaturali
888 3804 938 3860 sed
964 3805 1001 3859 ad
1025 3802 1213 3858 definitionem
1236 3819 1337 3858 usurae
1363 3820 1396 3857 ex
1423 3802 1520 3857 eadem
1544 3802 1668 3857 caritatis
1695 3809 1724 3858 et

27 3888 168 3961 aequitate
179 3889 224 3944 rel
240 3887 397 3944 Christiana
415 3887 531 3944 caritate
541 3904 676 3961 pugnare,
694 3888 718 3942 si
734 3889 764 3943 in
780 3889 862 3944 certis
889 3889 1038 3962 aeqmtatis
1055 3906 1152 3944 norma
1166 3889 1322 3944 necessario
1340 3888 1507 3954 addendum,
1524 3888 1600 3959 quod
1621 3905 1655 3943 ea
1674 3889 1721 3945 de-

28 3974 195 4047 quibnsdam
208 3973 376 4040 casibus,ah
393 3973 554 4043 iisscilicet,
573 3974 752 4046 quipecunia
768 3979 864 4030 nostm
889 3993 964 4031 mum
1000 3975 1036 4031 sit
1070 3992 1155 4030 usura
1189 3975 1342 4047 prohibita,
1375 3974 1486 4046 quando
1514 3973 1621 4045 aliquid
1652 3974 1725 4030 ultra

26 4059 177 4132 plurimum
202 4061 359 4128 lucrantur,
385 4077 436 4130 pro
466 4061 527 4131 ejus
559 4078 611 4114 usu
638 4077 737 4115 census
761 4060 862 4132 aliquis
888 4068 990 4118 sortem
1022 4061 1160 4132 accipitur
1189 4078 1252 4116 cum
1285 4060 1449 4116 detrimento
1478 4065 1507 4114 st
1543 4061 1723 4132 oppressione

27 4147 186 4202 moderatus
223 4162 256 4201 ac
294 4146 404 4217 legibus
444 4144 573 4203 definitus
606 4145 740 4218 exigatur.
786 4145 862 4218 Ergo
887 4148 1013 4219 proximi.

26 4231 176 4306 prohibitio
201 4248 347 4287 usurarum
373 4232 402 4286 in
428 4232 491 4304 lege
509 4231 604 4287 divina
621 4231 765 4302 proposita
779 4233 862 4304 juxta
923 4241 982 4291 245.
1017 4239 1043 4289 t.
1062 4235 1109 4287 Eu
1128 4234 1266 4304 paritatis
1294 4235 1411 4289 ratione.
1447 4233 1480 4287 ln
1502 4232 1648 4304 Scriptura
1667 4251 1722 4289 non

26 4320 100 4376 hanc
124 4335 249 4374 normam
270 4317 418 4388 aequitatis
446 4322 475 4372 et
491 4316 616 4372 caritatis
635 4317 808 4388 explicanda,
827 4335 862 4374 ne
889 4329 931 4378 est
950 4319 1112 4392 infrequens
1130 4320 1266 4386 absolute,
1292 4327 1320 4374 et
1343 4318 1506 4389 simpliciter
1529 4336 1584 4373 nno
1609 4320 1638 4374 in
1662 4319 1722 4374 loco

27 4423 89 4464 eam
109 4409 224 4473 evertat,
242 4403 290 4459 scd
302 4404 395 4474 potius
411 4403 542 4459 stabiliat
574 4403 634 4460 Nec
651 4410 695 4460 est
712 4404 787 4475 quod
800 4404 862 4477 quis
888 4407 994 4479 ahquid
1019 4405 1145 4462 mandari
1169 4407 1212 4461 rel
1232 4405 1386 4476 prohiberi,
1414 4405 1459 4460 cui
1483 4411 1575 4460 tamen
1603 4422 1638 4460 ex
1661 4404 1722 4461 aliis
1795 4472 1805 4491 ·

27 4493 162 4560 ohrcrtat,
182 4492 417 4560 quemadmodum
435 4491 465 4545 ia
483 4493 553 4554 sidet
571 4491 702 4546 articulis
711 4510 768 4546 non
782 4493 862 4546 dahe-
888 4494 1049 4566 Scripturas
1078 4492 1147 4547 locis
1177 4492 1314 4563 quaedam
1348 4490 1484 4546 restrictio
1512 4498 1554 4546 est
1584 4491 1721 4546 addenda.

26 4597 88 4634 mus
106 4577 188 4646 aeqrd
204 4576 344 4630 dictamen
363 4578 502 4631 humane
525 4578 660 4645 rationis,
684 4580 736 4632 aed
754 4578 863 4633 claram
889 4580 936 4636 Sic
958 4579 1026 4635 Luc
1051 4584 1080 4646 6,
1105 4596 1132 4635 r.
1150 4583 1192 4637 39.
1232 4576 1359 4632 Christus
1387 4578 1416 4631 in
1441 4592 1544 4649 genere
1573 4576 1720 4648 praecipit:

26 4665 141 4719 literam
166 4661 281 4716 divinas
308 4663 488 4717 revelatione}
515 4668 539 4718 2.
564 4661 625 4720 cor.
657 4669 704 4728 1⁰,
733 4682 759 4717 v.
787 4671 811 4720 5.
838 4654 940 4733 etlDa
959 4665 1167 4736 omnipotenti,
1186 4664 1295 4720 interim
1312 4681 1375 4719 cum
1396 4669 1474 4719 certa
1491 4663 1656 4719 limitatione
1670 4663 1722 4718 hoc

27 4748 264 4818 quemadmodum
289 4748 320 4801 in
345 4749 422 4802 cultu
447 4749 543 4804 diuina
568 4749 650 4804 verbo
670 4750 728 4805 Dei
744 4769 799 4804 aon
817 4753 864 4805 de·
889 4752 1095 4823 accipiendum,
1115 4751 1152 4804 da
1170 4750 1244 4805 omni
1262 4751 1369 4821 petenti
1390 4750 1497 4806 scilicet
1516 4751 1670 4818 indr'peati,
1687 4751 1723 4804 ds

27 4836 121 4889 barura
140 4841 236 4888 nostra
255 4835 373 4889 arbitrio
392 4835 506 4905 aliquid
518 4836 625 4889 addere
643 4835 688 4890 vet
707 4837 863 4903 datrairers,
889 4856 939 4909 pro
965 4839 1076 4893 ratione
1103 4845 1216 4890 tuarum
1240 4837 1411 4903 sacrdtatum
1438 4842 1492 4893 etc.
1519 4835 1595 4907 quod
1618 4836 1641 4890 si
1662 4837 1723 4909 quis

26 4922 79 4975 sed
96 4920 262 4990 simpliciter
280 4920 362 4975 narba
383 4921 527 4975 inhaerere
545 4918 630 4976 Dent.
649 4926 674 4989 t,
689 4939 715 4977 v.
736 4927 760 4977 9.
780 4920 864 4978 Num.
890 4928 1070 4996 praeceptum
1090 4921 1159 4977 illud
1172 4921 1275 4979 Christi
1293 4923 1333 4978 ita
1352 4923 1426 4979 nude
1445 4939 1478 4978 ac
1495 4923 1581 4978 crude
1598 4922 1666 4979 velit
1683 4923 1724 4977 in-

30 5011 71 5076 15,
89 5023 115 5059 r.
134 5009 166 5060 39
194 5004 258 5058 Esa.
279 5010 331 5075 29,
348 5025 375 5061 v.
396 5012 433 5063 13.
462 5005 562 5064 hlatth.
586 5012 631 5075 15,
650 5024 675 5060 r.
696 5013 721 5063 9.
739 5007 781 5061 ita
799 5024 864 5076 quo·
889 5011 1027 5082 colligere,
1062 5008 1184 5065 dmdum
1219 5026 1279 5066 esse
1303 5010 1392 5065 cuivis
1413 5008 1519 5079 petenti
1547 5009 1683 5081 quidquid
1707 5028 1725 5065 a

26 5108 79 5163 que
96 5089 127 5144 in
140 5090 338 5160 prohibitoria
361 5095 504 5148 mandatis
530 5109 633 5148 usurae
651 5093 790 5163 apparata
807 5111 864 5147 non
889 5096 968 5152 nohis
991 5093 1129 5166 postulet,
1153 5112 1336 5168 quaecunque
1360 5095 1474 5151 tandem
1498 5095 1534 5150 sit
1558 5096 1602 5150 vel
1619 5101 1723 5164 nostra,

26 5194 85 5233 aare
103 5177 289 5244 audiendam,
313 5178 383 5247 qaid
407 5180 484 5234 ratio
503 5187 601 5234 nostra
627 5178 766 5251 aequitati
784 5186 863 5232 nata·
887 5182 933 5239 rel
958 5178 1045 5252 ipsius
1075 5181 1211 5252 conditio,
1243 5181 1266 5236 is
1300 5187 1450 5252 praecepto
1477 5179 1579 5236 Christi
1606 5182 1724 5252 pessime

27 5264 89 5320 ruli
105 5269 132 5316 et
149 5259 329 5316 Christianae
348 5265 465 5318 caritati
492 5283 644 5336 congruam
660 5266 787 5335 judicet,
811 5269 865 5321 sed
888 5267 1026 5334 abutetur,
1037 5266 1262 5325 sicutrfacicbant
1272 5266 1405 5331 Gnostici,
1418 5268 1465 5338 qui
1478 5266 1596 5338 proximi
1611 5285 1723 5323 uxorem

28 5348 230 5404 charada
250 5350 347 5405 clarae
367 5348 483 5415 literae,
502 5368 574 5420 qnae
593 5367 672 5406 omna
689 5344 802 5406 annino
820 5353 863 5407 in·
889 5353 923 5408 de
947 5357 1044 5422 stupro
1068 5353 1238 5410 solicitantes
1263 5350 1408 5407 dicebant:
1436 5353 1578 5423 Scriptum
1603 5362 1659 5418 ert,
1686 5355 1725 5407 da

30 5438 193 5491 ammam
218 5441 244 5486 et
268 5452 375 5491 arranem
403 5437 692 5504 superabundantiam
714 5437 863 5508 protam
888 5430 964 5492 amni
973 5439 1090 5507 petenti.
1114 5436 1170 5494 sed
1182 5441 1215 5490 ut
1225 5436 1340 5506 propius
1358 5436 1395 5491 ad
1411 5440 1584 5510 propositum
1598 5445 1722 5495 nostrum

6 5526 76 5577 cst
108 5519 325 5593 nuncrident
352 5519 499 5580 discrimen
529 5521 601 5579 inter
627 5522 693 5581 fidei
720 5523 859 5596 ατιίαιιίοα,
889 5520 1245 5591 damnandarum
1268 5520 1361 5579 locum
1381 5522 1482 5585 Enoch.
1504 5531 1551 5597 te,
1579 5544 1605 5581 r.
1633 5531 1657 5582 9.
1675 5526 1724 5585 ubi
