4020 6014
637 129 691 185 DE
709 126 964 187 malamve
978 128 1169 188 commeo.
1690 140 1751 199 495

52 285 191 348 mediate,
209 283 377 354 quandoque
394 298 460 337 vero
481 282 604 336 mediate
622 298 673 351 per
691 282 893 353 magistratum,
906 287 947 359 11.
968 290 1010 340 12.
1029 285 1077 356 qui
1097 290 1139 339 est
1152 285 1289 355 pmncepr
1303 285 1389 353 pasis
1403 283 1468 341 Era
1483 290 1517 351 o,
1534 302 1560 338 v.
1578 290 1604 340 6.
1623 284 1661 340 ab
1676 286 1751 340 omni

56 369 96 422 ad
115 385 198 439 quam
219 368 397 437 posteriorem
417 366 587 422 exercendae
610 367 750 422 vindictae
773 366 894 438 speciem
906 362 909 443 1
921 371 1069 425 1111112121
1088 370 1194 425 monus
1212 369 1277 423 Esa.
1298 374 1340 433 42,
1357 386 1382 425 v.
1395 375 1418 424 2.
1437 370 1540 440 quique
1559 384 1613 424 non
1632 369 1753 426 violente

58 454 143 508 etiam
176 455 316 523 pertinent
346 454 470 524 legitime
498 453 580 509 bella.
608 459 630 509 1.
657 453 730 508 Sam.
757 460 795 520 15,
820 446 1046 534 1121111511111111
1064 456 1101 509 ad
1121 473 1152 509 ee
1169 455 1262 524 trahit,
1280 455 1329 510 sed
1347 456 1482 526 populum
1501 462 1684 525 spontaneum
1704 473 1753 525 per

60 542 141 593 Haec
160 541 230 592 dicit
242 542 382 592 Dominus
401 541 582 592 eecrcitaom:
601 540 741 592 Recensai
758 555 895 607 maecen-
907 553 909 625 ς
921 541 1060 611 evarrgelii
1078 540 1312 611 praedicationem
1334 540 1387 594 sibi
1412 540 1527 610 colligit
1563 548 1587 595 4.
1606 540 1635 596 Si
1654 543 1688 595 ad
1709 559 1752 596 ec·

59 644 113 694 que
130 627 326 691 fecitrimnlee
344 626 458 688 Israeli,
477 626 615 692 qnonwdo
631 625 732 677 restitit
749 625 777 676 ar'
793 624 823 676 in
840 623 895 689 ut'a,
907 664 909 717 ,
921 626 1034 680 ciceiam
1053 626 1239 700 ἀλληγορικώς
1256 625 1286 679 111
1304 625 1512 680 accommodare
1530 625 1657 691 velimus,
1671 628 1753 695 juxta

59 730 121 765 cum
139 714 322 764 acbecnderet
342 712 377 763 de
394 711 529 778 Aegypto.
551 728 576 762 v.
595 715 619 764 3.
644 711 726 762 Nunc
745 727 810 777 erqo
823 711 894 761 caric
920 710 986 765 fidei
1011 711 1168 783 analogiam
1194 728 1226 765 eo
1250 711 1331 765 modo
1356 711 1425 764 illud
1451 709 1512 764 fieri
1542 717 1646 778 potest,
1678 712 1752 781 quod

10 808 46 847 aa.
60 806 86 850 et
104 806 219 865 percute
240 796 357 848 Amalec
383 803 408 847 et
433 796 583 848 artathema
603 798 656 857 tac
673 795 806 847 uniuersa
824 795 893 863 ejas.
907 830 908 835 =
921 796 1040 851 ecclesia
1051 814 1106 851 non
1118 796 1209 862 armis,
1231 797 1280 849 sed
1295 795 1504 865 praedicatione
1518 796 1664 865 evangelii,
1676 798 1752 866 quod
1824 798 1828 807 “

10 895 45 975 fa·
60 889 84 937 3.
107 888 129 936 1.
149 883 219 952 ch.
242 886 264 944 t,
284 898 309 936 v.
329 888 352 934 7.
369 884 405 933 de
426 882 655 944 exaedificatione
676 881 774 949 tentpli
792 880 892 933 Hiero-
906 842 909 981 ἶ
922 888 965 935 est
983 881 1099 937 verbum
1115 882 1194 952 pacis
1212 880 1315 950 Ephes.
1337 887 1368 948 6,
1391 898 1417 936 1,
1446 887 1484 935 15.
1511 881 1547 934 112
1564 883 1751 951 propaganda.

10 964 46 1027 m-
59 968 223 1035 solymitani
234 968 275 1018 sic
293 967 419 1019 habear:
440 969 548 1019 Domus
564 967 720 1035 (Domini)
737 983 798 1018 cum
815 967 893 1018 aedi·
921 974 945 1023 5.
963 966 1019 1022 Eua
1037 973 1060 1035 2,
1079 985 1104 1023 v.
1125 974 1155 1023 4:
1185 966 1350 1020 Convertent
1367 967 1483 1034 gladios
1501 985 1567 1019 meos
1584 969 1614 1019 in
1630 985 1753 1020 vomeres
1766 964 1784 1003 ⁵·
1799 964 1880 1015 ΒΜ.

10 1051 23 1079 “
58 1057 211 1120 ficareto-r,
239 1055 274 1104 de
298 1053 443 1122 lapidibus
462 1054 601 1119 perfectas
623 1053 723 1105 ailatr'a
742 1012 947 1115 aedificatoria
966 1054 1081 1106 lanceas
1096 1070 1163 1105 raas
1181 1054 1210 1105 in
1225 1052 1326 1114 soleas.
1354 1051 1416 1105 Eua
1434 1057 1510 1113 il,v.
1526 1058 1549 1106 9.
1569 1069 1591 1106 c.
1607 1059 1649 1114 65,
1668 1014 1880 1115 1251111ζὲ11,

10 1151 34 1181 Ι·
61 1147 109 1205 est,
131 1146 157 1190 et
175 1139 293 1191 malleus
311 1146 338 1189 et
355 1139 461 1189 recarm
479 1145 504 1189 et
525 1154 604 1190 emite
619 1139 821 1201 sacramentam
839 1110 986 1197 non'Non
1012 1139 1195 1202 malefaciant
1220 1155 1269 1191 nec
1295 1147 1473 1204 corrumpent
1500 1138 1529 1188 in
1548 1147 1637 1190 meritc
1657 1147 1752 1191 sancto
1767 1116 1880 1209 ζῇξῇξξῗ

10 1259 22 1284 .,
61 1232 125 1276 runt
143 1225 292 1276 11111112αὲ11
311 1224 394 1275 demo
410 1241 472 1275 cam
490 1223 696 1290 aedificaretur,
715 1223 763 1275 uos·
778 1203 989 1291 sillero-imao.
1029 1226 1120 1295 Ergo¹
1139 1224 1212 1276 inter
1244 1224 1417 1277 Christianos
1446 1223 1527 1275 naalia
1559 1233 1639 1274 emant
1671 1224 1752 1276 helin.
1767 1222 1880 1311 ffiofft’fflt

61 1311 144 1381 ρικῶς
157 1309 343 1376 significatum
362 1309 532 1374 existimant,
551 1309 581 1360 t'n
600 1309 717 1361 ecclesia
734 1309 771 1364 N.
794 1309 828 1361 Τ.
848 1326 892 1360 ar·
919 1309 1145 1379 Respondemus:
1180 1315 1199 1364 1.
1223 1309 1338 1379 quidam
1362 1307 1452 1362 secuti
1475 1306 1677 1377 Hieronymum
1702 1310 1753 1363 hoc
1820 1300 1825 1311 ¹

61 1387 167 1448 moram
186 1395 332 1461 strepitum
356 1411 411 1446 non
434 1393 474 1446 iri
497 1395 632 1447 ceddum.
669 1393 890 1463 Respondemus:
920 1396 1064 1465 accipiunt
1090 1397 1124 1450 de
1152 1401 1226 1450 statu
1255 1396 1329 1449 illiue
1355 1395 1492 1449 duntaxat
1520 1395 1667 1463 temporie,
1698 1412 1753 1462 quo

64 1488 86 1536 1.
104 1498 137 1534 ex
155 1479 294 1549 allegoriis
312 1497 367 1533 non
394 1478 534 1532 ducuntur
558 1478 637 1532 firma
667 1487 703 1543 et⁴
718 1478 1049 1553 appodicticasshristus
1067 1488 1149 1534 natus
1170 1488 1220 1544 cet,
1241 1479 1314 1550 quod
1339 1496 1357 1533 a
1374 1479 1481 1533 bellicis
1503 1480 1667 1533 tumultibus
1687 1480 1751 1533 libe-

61 1573 243 1636 argumenta,
270 1564 324 1617 nisi
341 1565 404 1633 ipre
423 1565 567 1635 Scriptura
580 1570 715 1620 monstret
732 1565 893 1635 applicatio·
906 1559 908 1688 Ι
921 1582 981 1618 rum
1010 1572 1038 1619 et
1061 1565 1170 1635 penitus
1194 1563 1339 1635 pacificum
1363 1563 1418 1618 fuit
1435 1564 1505 1619 Luc.
1530 1572 1559 1626 2,
1589 1582 1613 1619 v.
1645 1573 1665 1618 l.
1683 1565 1753 1617 illud

60 1669 133 1706 nem.
179 1658 199 1705 2,
224 1649 303 1705 Haec
329 1650 463 1720 allegoria
491 1668 547 1704 non
572 1651 660 1704 solum
689 1658 815 1720 praeter,
844 1650 892 1704 sed
906 1697 908 1725 ,
921 1651 1021 1720 igitur,
1050 1650 1339 1722 quodsubjungitur,
1366 1667 1420 1703 non
1444 1650 1545 1702 lacebit
1570 1667 1637 1716 aens
1655 1659 1754 1702 centro

61 1738 145 1790 etiam
174 1741 270 1789 contm
300 1735 470 1804 Scriptorum
495 1735 653 1806 excogitata
680 1744 730 1790 eet.
766 1742 790 1790 3.
810 1735 840 1789 Si
856 1728 908 1819 1111
920 1745 1026 1803 pentem
1045 1736 1174 1804 gladium
1193 1745 1217 1789 et
1236 1754 1292 1790 non
1312 1737 1418 1788 ‹liecent
1435 1736 1512 1788 altra
1526 1736 1634 1800 bellarm,
1656 1737 1753 1789 siccx-
1849 1756 1850 1761 ¹

60 1822 136 1894 quod
167 1821 370 1893 Anabaptistae
395 1822 505 1889 volunt,
541 1839 573 1876 ex
602 1822 654 1876 hoc
680 1821 741 1875 loco
764 1821 908 1875 concludit
920 1822 1041 1892 plicant,
1067 1829 1173 1876 utnon
1192 1823 1228 1877 de
1247 1821 1441 1892 perpetuitate,
1461 1821 1509 1875 sed
1528 1821 1753 1892 longotcmpore

60 1916 167 1979 posset,
209 1909 306 1961 eadem
342 1907 477 1962 facilitate
512 1923 545 1960 er
582 1924 615 1961 eo
652 1906 754 1961 inferre
792 1884 1024 1976 aliquisldiotum
1052 1907 1216 1976 accipiatur.
1252 1906 1307 1961 Sed
1337 1906 1506 1988 ostendimus
1533 1908 1676 1976 superius,
1704 1907 1751 1959 de·

61 1995 156 2064 possit,
174 1994 360 2056 neemalleos,
378 2010 429 2048 nec
450 2009 568 2055 accarca,
587 2009 704 2063 quarum
722 1993 817 2046 itidem
837 2000 893 2046 tex·
919 1992 1003 2046 scribi
1026 1993 1056 2045 in
1079 2007 1180 2063 genere
1202 1998 1305 2046 etatum
1326 1990 1361 2048 N.
1386 1992 1419 2045 Τ.
1456 1997 1479 2047 2.
1501 1993 1558 2045 Alii
1577 1993 1751 2061 respondent,
1848 2033 1852 2037 .

56 2089 106 2133 tus
125 2080 256 2142 meminit,
279 2079 442 2133 Christiania
460 2086 578 2133 tractare
597 2078 693 2142 licere,
713 2094 769 2148 qua
788 2080 894 2132 ratione
918 2095 974 2131 non
994 2078 1112 2131 miiitiae
1122 2077 1346 2148 prohibitionem,
1363 2080 1415 2131 aad
1429 2080 1512 2146 pacis
1526 2080 1749 2146 praedictionem

61 2167 149 2219 multa
179 2164 289 2233 opificia
318 2164 525 2231 interciderent,
553 2179 625 2233 quae
659 2170 752 2217 umen
785 2164 949 2234 ipsimetlin
969 2164 1143 2233 propheticis
1166 2164 1241 2217 bisce
1267 2164 1352 2216 dict-r'e
1377 2166 1505 2233 proponi.
1542 2167 1608 2218 Non
1623 2166 1752 2233 prohihet

60 2257 189 2304 mactant.
228 2258 252 2306 4.
267 2249 412 2318 Templum
425 2248 616 2319 principaliter
627 2248 803 2319 significabat
814 2248 892 2302 Chri·
919 2251 1026 2302 Esaim
1045 2249 1148 2302 bellam
1166 2249 1217 2314 (ait
1234 2248 1442 2316 Bellarminus),
1460 2251 1486 2302 si
1503 2251 1558 2301 sint
1579 2251 1684 2315 hoster,
1705 2252 1754 2319 qai
1768 2257 1820 2298 xtv.
1833 2256 1878 2298 tta

61 2343 143 2404 stum,
161 2337 190 2389 in
207 2353 263 2406 quo
280 2344 340 2388 tota
355 2336 505 2403 plenitudo
520 2335 645 2387 Deitatis
669 2335 777 2386 habeat
796 2351 892 2405 carpo-
918 2353 969 2388 noe
986 2336 1131 2397 infestent,
1155 2336 1208 2387 sed
1220 2335 1365 2404 praedicit
1385 2336 1526 2399 faturum,
1554 2345 1583 2387 ut
1603 2337 1678 2388 rualli
1694 2339 1751 2388 sirit

60 2422 165 2474 raliter
182 2420 245 2475 Joh.
266 2428 289 2487 2,
308 2439 333 2476 v.
354 2428 396 2476 21.
415 2419 473 2475 col.
493 2425 516 2488 2,
534 2437 560 2475 v.
579 2428 603 2475 a.
637 2419 735 2474 Potest
752 2419 838 2489 igitur
857 2421 892 2473 ad
919 2422 1016 2474 hesua.
1045 2419 1132 2491 Atqui
1144 2420 1248 2474 bellum
1258 2420 1317 2475 sine
1329 2421 1455 2475 hostibus
1470 2422 1528 2492 geri
1544 2423 1646 2492 nequit,
1666 2423 1750 2493 quod·

60 2507 201 2560 Christum
219 2505 424 2560 commodehoc
441 2506 584 2575 applicari,
605 2506 823 2575 quodtemplum
836 2521 893 2559 cor-
919 2507 943 2559 si
973 2522 1039 2577 crgo
1068 2507 1095 2559 vi
1127 2507 1307 2577 propheticae
1342 2506 1539 2576 praedictionis
1577 2509 1605 2560 in
1636 2509 1753 2562 ecclesia

62 2593 138 2663 poris
157 2593 186 2645 iu
204 2600 281 2646 utero
300 2592 332 2645 Β.
350 2591 467 2662 virginis
488 2599 594 2646 secreto
616 2591 763 2645 formatum
788 2590 894 2661 absque
906 2570 909 2700 ι
920 2592 955 2648 N.
972 2590 1005 2644 T.
1022 2592 1090 2644 nulli
1107 2591 1195 2645 futuri
1214 2599 1279 2646 sunt
1298 2592 1406 2660 hostes,
1431 2592 1527 2662 utique
1545 2594 1629 2646 etiam
1651 2592 1753 2646 bellum

63 2695 147 2732 manu
166 2677 210 2731 vel
230 2693 314 2746 opera
326 2677 385 2744 viri,
404 2693 459 2747 quo
476 2684 605 2746 respectu
617 2678 699 2732 etiarn
718 2682 893 2745 comparatur
920 2678 950 2731 in
969 2693 1001 2730 eo
1019 2694 1074 2731 non
1094 2677 1147 2732 erit
1163 2678 1324 2747 gerendum.
1364 2684 1387 2731 3.
1406 2678 1477 2734 Sunt
1496 2678 1591 2747 quide
1608 2679 1755 2745 spirituaii

63 2763 151 2833 lapidi
170 2763 229 2815 sine
247 2761 373 2816 manibus
392 2777 409 2815 a
426 2769 518 2816 moute
536 2761 657 2816 abscisso
670 2762 744 2815 Dan.
763 2767 787 2829 2,
804 2778 830 2815 v.
850 2768 883 2816 45
906 2708 909 2829 1
919 2780 989 2832 pace
1009 2779 1059 2834 per
1080 2763 1217 2831 evangelii
1237 2763 1470 2833 praedicationem
1496 2768 1566 2816 inter
1583 2763 1707 2817 Judaeoe
1727 2772 1755 2817 et

63 2858 88 2904 5.
110 2849 139 2902 Si
159 2848 195 2901 ad
213 2847 372 2914 ecclesiam,
398 2863 470 2918 quae
495 2855 538 2901 est
557 2863 656 2917 corpus
677 2847 779 2901 Christi
799 2848 894 2916 mysti-
907 2844 910 2957 i
922 2856 1019 2919 gentes
1037 2848 1231 2903 constituenda
1248 2848 1381 2902 vaticinia
1398 2847 1447 2901 illa
1465 2848 1620 2917 accipiunt,
1645 2850 1679 2903 de
1699 2867 1754 2918 qua

61 2953 141 3000 cum,
167 2932 384 2986 accommodatio
412 2931 472 2986 fieri
499 2932 613 3000 debeat,
643 2940 735 3002 potest
762 2950 796 2987 ea
814 2934 896 3002 juxta
921 2934 1062 3004 apostolus
1080 2933 1181 3005 Ephes.
1200 2940 1224 3001 2,
1251 2951 1277 2987 v.
1297 2939 1336 2990 14.
1372 2941 1396 2987 4.
1414 2932 1532 2996 Quidam
1551 2934 1636 2987 etiam
1653 2935 1688 2987 de
1706 2950 1754 3003 po-

61 3019 129 3074 fidei
152 3017 307 3088 analogiam
335 3018 386 3070 hoc
411 3016 492 3070 modo
515 3016 638 3084 institui,
670 3018 744 3086 quod
759 3034 810 3087 per
829 3019 894 3071 mal·
922 3019 1000 3073 litica
1023 3036 1093 3089 pace
1120 3020 1348 3088 interpretantur,
1377 3019 1425 3074 sed
1450 3019 1570 3082 addunt,
1598 3035 1657 3072 eam
1683 3020 1755 3074 inter

63 3106 138 3159 lcum
163 3105 233 3175 legis
258 3110 286 3158 et
309 3103 425 3158 securim
450 3102 618 3157 calamitatis
645 3104 684 3172 pii
707 3104 736 3156 in
760 3104 812 3156 hac
837 3104 896 3157 vita
922 3106 996 3176 ipsos
1015 3105 1186 3159 Christianos
1204 3112 1232 3158 et
1248 3112 1362 3175 gentes,
1391 3121 1462 3173 quae
1485 3104 1659 3174 evangelium
1679 3120 1755 3158 rece-

62 3198 277 3260 praeparentur,
304 3193 336 3241 ut
361 3189 416 3241 sint
437 3189 534 3243 domus
555 3189 609 3242 Dei
628 3195 658 3243 et
674 3195 816 3244 aeteruum
834 3189 895 3259 ejus
921 3198 1021 3261 pturae
1040 3199 1130 3258 erant,
1149 3190 1271 3245 futuram
1289 3190 1428 3260 praedici,
1452 3206 1627 3260 nequaquam
1646 3191 1755 3244 iuterim

62 3275 267 3340 habitaculum,
291 3274 319 3327 in
343 3273 401 3328 vita
418 3291 484 3329 vero
503 3279 617 3328 aeterna
639 3274 707 3328 haec
727 3275 819 3328 omnia
837 3291 895 3329 cea-
923 3294 941 3330 a
958 3276 1095 3347 propheta
1114 3276 1218 3345 negari,
1245 3276 1319 3346 quod
1339 3275 1487 3330 Christiani
1508 3274 1544 3328 ab
1565 3275 1691 3329 hostibus
1708 3291 1752 3328 ex-

64 3370 160 3415 satura
191 3368 219 3415 et
248 3377 383 3414 summam
423 3360 650 3430 tranquillitatem
681 3360 809 3415 futuram
862 3361 895 3413 Iu
922 3362 1008 3417 ternis
1036 3362 1091 3415 sint
1119 3361 1312 3431 oppugnandi,
1341 3359 1442 3432 quibus
1467 3360 1644 3430 magistratus
1669 3359 1754 3414 officii

65 3448 246 3500 Hiemasolem
263 3446 383 3509 coelesti,
401 3445 450 3499 ubi
471 3444 597 3501 Christus
614 3447 745 3502 aedificat
762 3447 894 3516 templum
909 3449 967 3502 leui
985 3448 1091 3502 ratione
1108 3453 1218 3501 tenetur
1235 3446 1371 3501 resistere.
1397 3454 1419 3502 5.
1433 3446 1522 3502 Nobis
1535 3446 1755 3500 commodissima

65 3550 160 3597 suum,
182 3533 357 3585 conscencia
376 3532 419 3584 uel
437 3532 536 3584 mallet·
555 3550 610 3586 non
628 3534 758 3600 audiar,
787 3533 838 3587 hoc
856 3539 898 3588 est
924 3537 953 3588 ct
969 3533 1058 3588 textui
1077 3533 1194 3587 maxime
1215 3549 1339 3604 congrua
1361 3532 1472 3587 videtur
1498 3532 1688 3601 interpretatio
1713 3549 1754 3596 ea,

66 3635 118 3672 nec
135 3634 233 3687 poena,
249 3634 300 3671 nec
318 3616 461 3670 tribulatio
480 3618 606 3685 sentitur,
625 3618 691 3688 quia
705 3618 826 3687 lapides,
845 3619 897 3672 hoc
924 3619 1000 3690 quod
1018 3619 1116 3673 modus
1134 3620 1332 3690 propagandae
1360 3618 1494 3673 ecclesiae
1521 3617 1549 3671 in
1574 3616 1609 3672 N.
1637 3616 1669 3673 T.
1695 3616 1754 3692 sine

66 3711 110 3758 eet
127 3704 230 3769 sancti,
257 3705 305 3773 qui
324 3709 389 3757 sunt
408 3703 524 3757 materia
548 3702 631 3773 hujus
649 3704 759 3773 templi,
788 3703 817 3759 in
843 3706 896 3760 hoc
924 3705 1009 3760 caede
1036 3713 1064 3759 et
1089 3705 1233 3775 sanguinis
1262 3703 1422 3774 profusione
1450 3704 1496 3758 hic
1523 3708 1561 3756 sit
1586 3703 1753 3772 praedictus.

10 3808 43 3845 ἰι
66 3789 169 3842 mundo
192 3805 242 3856 per
264 3787 454 3842 tribulationes
480 3788 614 3844 dolantur.
650 3795 674 3852 1,
700 3795 722 3844 l.
742 3789 835 3844 Paral.
855 3797 897 3858 28,
924 3792 1109 3861 Opponuntur
1128 3789 1200 3843 enim
1220 3790 1289 3843 haec
1308 3789 1439 3843 vaticinia
1455 3788 1534 3859 praxi
1555 3790 1586 3841 V.
1600 3788 1632 3842 T.
1651 3791 1679 3842 in
1700 3804 1755 3858 quo

10 3857 50 3948 ’,οἷ’
66 3893 90 3929 v.
112 3881 136 3929 3.
172 3874 250 3927 Deus
268 3874 304 3927 ad
322 3874 459 3928 Davidem
478 3874 562 3928 dixit:
581 3877 647 3928 Non
665 3876 831 3938 aedificabis
846 3879 897 3930 do·
923 3876 1021 3947 religio
1038 3876 1066 3928 vi
1085 3882 1198 3929 externa
1216 3879 1244 3928 et
1264 3873 1400 3944 corporali
1418 3874 1639 3945 propagabatur,
1665 3876 1753 3929 idolo·

10 3961 49 4000 “¹¹-
65 3978 139 4013 mum
156 3961 262 4012 nomini
281 3976 358 4026 meo,
386 3976 418 4012 aa
439 3961 516 4028 qaod
533 3960 573 4011 nir
590 3961 634 4012 eis·
651 3960 772 4014 bellator
789 3970 816 4014 ct
832 3979 896 4014 aon·
922 3961 1027 4016 latricis
1043 3961 1175 4032 gentibus
1191 3959 1345 4015 interfectis
1363 3967 1391 4015 et
1418 3961 1526 4029 excisis,
1551 3961 1600 4016 sed
1623 3962 1650 4014 iu
1668 3961 1702 4016 N.
1721 3962 1755 4016 T.

10 4074 30 4102 n
64 4047 175 4114 quinem
191 4047 312 4108 faderm
348 4047 428 4111 Ergo
450 4046 479 4096 in
501 4043 671 4097 Christianis
694 4048 775 4099 Deus
793 4048 1058 4132 impes-iprophete
1081 4046 1227 4101 ecclesiam
1256 4046 1315 4100 sine
1342 4046 1428 4102 caede
1454 4053 1481 4100 et
1507 4047 1643 4117 sanguine
1672 4045 1754 4116 longe

67 4133 113 4184 hat
130 4132 267 4185 bellorum
283 4149 371 4184 usam
398 4129 620 4200 Respondemus:
642 4137 663 4185 l.
680 4131 1034 4204 bellelogitimalleteque
1050 4132 1258 4203 propagandam
1283 4148 1343 4186 esse
1366 4131 1539 4187 vaticinatur.
1576 4133 1617 4185 Er
1637 4146 1669 4186 eo
1687 4150 1753 4185 vero

65 4222 137 4289 quae
150 4216 243 4270 David
257 4218 351 4286 gessit,
370 4218 592 4271 vocanturbella
603 4219 722 4270 Dornint'
737 4218 842 4274 isam.
858 4212 1016 4293 18‚linferri
1040 4217 1148 4288 nequit,
1175 4219 1198 4271 si
1226 4217 1263 4272 ob
1287 4217 1418 4273 ecclesiae
1444 4218 1671 4288 propagationem
1699 4234 1753 4269 nou

64 4322 90 4365 v,
110 4310 150 4358 ll.
170 4320 230 4371 cap.
251 4309 291 4370 25,
316 4320 342 4359 r.
363 4307 403 4358 28.
423 4319 456 4357 ao
474 4302 551 4357 Deus
570 4302 672 4357 dicitur
691 4305 820 4357 (1011111111
836 4322 894 4358 mo-
908 4304 988 4372 launt
1005 4304 1080 4358 bella
1097 4304 1126 4357 in
1144 4303 1181 4360 N.
1198 4302 1231 4360 T.
1250 4303 1387 4374 gerenda,
1407 4321 1473 4374 ergo
1490 4303 1570 4356 nulla
1587 4303 1671 4370 plane
1689 4301 1753 4354 rati-

63 4409 117 4443 nur
138 4390 178 4441 eie
196 4390 236 4440 ad
249 4389 391 4460 proelium
412 4395 434 4444 1.
457 4389 597 4456 8111122,
619 4407 645 4443 v.
670 4395 710 4443 35.
729 4389 831 4444 Psalm.
855 4397 894 4458 18,
908 4384 975 4444 lone
992 4388 1087 4445 licebit
1105 4389 1208 4444 bellum
1233 4405 1342 4460 gerere,
1369 4389 1436 4459 quia
1457 4404 1475 4442 a
1496 4387 1647 4441 remotione
1672 4387 1754 4464 unius

63 4494 89 4529 v.
115 4480 155 4529 35.
192 4473 267 4543 Ergo
296 4474 369 4528 hehe
388 4472 506 4527 Davidis
533 4472 611 4527 Deus
639 4491 694 4528 uon
721 4440 910 4543 improbariti
924 4490 1024 4528 musae
1044 4475 1081 4529 ad
1100 4474 1268 4546 reliquarum
1287 4475 1409 4529 omnium
1427 4473 1615 4536 remotionem,
1633 4478 1661 4524 et
1678 4471 1717 4524 sic
1736 4488 1754 4525 a

63 4561 178 4633 quidam
195 4559 281 4630 igitur
297 4558 367 4613 haec
384 4558 470 4613 rerba
489 4577 544 4613 non
567 4560 603 4614 de
620 4560 756 4630 sanguine
775 4530 1070 4630 hostiuminsgatione
1088 4560 1191 4629 speciei
1218 4561 1253 4614 ad
1275 4559 1450 4630 negationem
1474 4559 1583 4629 generis
1608 4558 1754 4612 convalet
1791 4591 1792 4596 1
1888 4581 1891 4584 ⁴

63 4648 91 4699 in
111 4643 190 4699 bellis
210 4643 308 4713 justis,
336 4645 386 4698 sed
404 4644 440 4698 de
456 4644 543 4700 Uriae
562 4652 590 4698 et
607 4646 738 4707 militum,
770 4644 817 4713 qui
832 4616 1057 4700 cumicollsctio.
1078 4652 1101 4701 6.
1121 4646 1203 4700 Zach.
1224 4652 1254 4712 9,
1271 4661 1299 4700 1.
1321 4651 1366 4700 10:
1392 4646 1516 4698 Massiua
1535 4652 1635 4696 evertet
1653 4628 1874 4722 111111113ῗῇ

63 4748 97 4785 co
114 4729 199 4784 occisi
220 4736 303 4797 sunt,
331 4729 435 4794 iniuste
463 4728 551 4783 effuso
574 4729 709 4800 sanguine
734 4729 896 4798 accipienda
921 4746 954 4782 ee
971 4730 1111 4802 Ephraim
1130 4739 1156 4784 et
1174 4748 1274 4799 equam
1300 4731 1335 4781 cle
1359 4729 1535 4798 1111111111,
1562 4730 1754 4782 exterminabit
1766 4709 1890 4823 fxi„

64 4832 125 4869 esse
143 4820 276 4868 statuunt.
313 4820 336 4869 2.
356 4813 488 4878 Quamvis
503 4813 596 4871 David
615 4816 674 4884 ipse
693 4832 749 4869 non
768 4814 1018 4879 aedifica-tarcum
1038 4817 1199 4872 militarem.
1235 4818 1315 4885 Ergo
1342 4815 1417 4868 heila
1439 4815 1470 4866 in
1490 4816 1527 4866 N.
1553 4815 1583 4866 T.
1609 4824 1672 4867 secret
1689 4833 1883 4884 pro-apansa.

63 4903 100 4955 rit
118 4901 267 4971 templum,
285 4909 377 4954 tamen
393 4899 486 4953 omnia
505 4900 542 4953 ad
563 4900 780 4955 aedificationem
799 4882 1016 4970 templiihibita.
1056 4902 1279 4971 Respondemus:
1308 4907 1330 4955 1.
1354 4899 1377 4953 11
1401 4900 1430 4952 τὸ
1450 4899 1532 4971 ῥητὸν
1550 4900 1580 4953 in
1599 4900 1673 4954 dicto
1691 4917 1752 4970 pro

64 4987 219 5041 necessaria
238 4985 349 5054 paravit
373 4991 402 5038 et
423 4983 481 5038 filio
499 5000 549 5038 suo
567 4983 681 5053 reliquit
701 4992 731 5040 1,·
742 4985 832 5039 Paral
852 4990 894 5053 29,
907 5016 909 5073 4
921 4986 1032 5057 phetico
1060 4987 1155 5040 stricte
1177 5003 1276 5056 urgere
1294 4985 1419 5052 velimus,
1437 4984 1577 5055 pugnabit
1601 4987 1670 5040 illud
1690 5003 1752 5039 cum

63 5090 89 5125 v.
110 5078 135 5127 2.
172 5078 194 5126 3.
218 5070 299 5134 Quod
317 5074 410 5122 autem
429 5068 569 5122 Salomoni
586 5069 679 5138 potius
696 5087 780 5141 quarn
793 5070 894 5124 Daridi
907 5076 910 5098 ²
922 5072 1110 5141 praedictione
1127 5070 1231 5126 Christi
1248 5069 1347 5125 Mattb.
1368 5075 1414 5138 24,
1431 5086 1457 5124 v.
1479 5075 1511 5124 6.·
1536 5071 1674 5123 Aeditari
1687 5071 1753 5122 estre

63 5154 284 5210 aedificationem
316 5153 412 5222 templi
438 5152 574 5206 Dominus
600 5155 773 5210 committere
799 5156 894 5223 voluit,
917 5158 1035 5227 proelia
1056 5165 1082 5210 et
1105 5174 1231 5211 rumores
1254 5156 1404 5222 bellorum,
1429 5173 1455 5210 11.
1476 5158 1499 5209 7.
1521 5165 1667 5223 consurget
1686 5172 1753 5223 qens

62 5257 98 5295 ax
116 5257 149 5295 eo
167 5248 221 5307 eat,
247 5239 321 5310 quod
339 5238 372 5300 ia,
391 5239 439 5308 qui
459 5238 592 5307 templum
610 5247 749 5293 emanere
767 5240 896 5305 debebat,
921 5244 1057 5294 aduenam
1092 5251 1195 5308 penum
1233 5249 1260 5293 et
1301 5258 1418 5308 regnum
1455 5243 1591 5295 1111111111
1627 5259 1753 5309 repetam.

63 5326 174 5380 futurus
197 5334 256 5380 erat
279 5327 307 5379 in
333 5342 365 5380 eo
390 5340 471 5392 opere
503 5329 589 5393 typus
612 5323 730 5388 Christi,
761 5325 844 5380 Zaoh.
870 5332 945 5394 512.
965 5326 1084 5389 Quidam
1102 5344 1168 5398 ergo
1186 5326 1361 5397 distinguunt
1375 5327 1448 5382 inter
1466 5343 1563 5397 pacem
1582 5326 1754 5394 spiritualem
