4020 6014
225 240 287 300 528
795 236 917 295 Locus
934 231 1136 293 messurus
1154 233 1332 304 QUARTUS
1369 265 1372 277 ›

97 357 200 483 fflic-
225 391 284 446 sive
303 391 462 447 immunitas
487 397 626 463 spectetur
643 393 687 448 vel
707 393 736 446 in
755 393 879 463 personis
898 393 955 447 sive
973 391 1055 446 cleri·
1069 383 1220 461 ¹gressores
1248 391 1392 447 incurrant
1416 404 1520 461 poenas
1536 405 1554 444 a
1571 389 1736 460 magistratu
1753 389 1784 442 in
1806 387 1920 458 legibus

99 493 190 536 anast
226 479 267 533 cis
287 479 370 547 apsis,
397 478 441 533 vel
463 478 492 531 in
515 495 608 533 eorum
635 479 720 534 boam.
756 479 940 534 Personarum
959 478 1055 532 immn-
1082 476 1409 548 definitas31taquoqus
1428 476 1538 531 easdem
1556 492 1690 546 personae
1708 473 1918 530 ecclesiasticae

226 563 299 619 nitas
312 565 501 620 consideratur
512 571 639 636 respectu
649 566 822 637 negotiorum
834 566 1056 630 sisecausarum,
1082 563 1205 634 effugere
1224 581 1279 618 non
1297 569 1427 634 poterunt
1437 569 1551 633 propter
1567 561 1742 618 obedientiae
1760 561 1916 629 vinculum,

226 666 298 721 quae
315 652 436 705 suntvel
452 651 664 715 ecclesiasticae,
678 653 721 706 vel
736 652 873 722 politicae.
903 638 1137 720 Illaesunthuo
1160 650 1335 720 magistratui
1361 658 1389 705 et
1412 649 1520 720 legibus
1544 656 1609 702 sunt
1636 647 1784 719 obligatae.
1826 653 1850 702 3.
1870 646 1919 700 Di·

227 753 298 806 quae
317 738 353 790 ad
372 738 567 791 conscientiam
579 738 719 808 pertinent
733 744 760 791 et
777 753 833 791 non
850 723 903 791 nisi
920 754 953 791 er
971 735 1055 791 verbo
1067 720 1070 789 l
1082 736 1279 807 stinguendum
1292 745 1384 791 tamen
1397 738 1469 791 inter
1483 737 1589 790 delicta
1602 737 1776 790 clericorem.
1805 734 1918 788 Etenim

226 823 279 878 Dei
305 823 426 894 legitime
453 824 561 878 definiri
592 831 714 895 possunt.
763 823 888 894 Suntque
920 821 1055 892 ejusmodi
1082 823 1105 876 si
1123 823 1152 875 s‘a
1179 824 1276 887 officio
1297 842 1347 876 suo
1368 822 1544 893 delinquant,
1565 831 1625 877 tum
1642 822 1765 893 cognitio
1780 829 1808 876 et
1827 837 1920 890 poena

226 911 429 965 controversiae
448 911 483 965 de
501 910 555 965 fide
568 911 641 966 etde
661 910 808 980 disciplina
826 910 964 964 ecclesiae.
994 908 1055 963 Hae
1081 908 1154 962 illius
1173 909 1269 964 delicti
1287 917 1383 981 utpote
1401 910 1579 964 ecclesiastici
1606 927 1661 963 non
1680 908 1802 978 pertinet
1818 908 1857 962 ad
1877 924 1919 962 so·
1933 915 2002 957 xlm

226 1013 290 1050 vero
308 1011 381 1065 quae
399 995 435 1048 ad
452 1012 496 1049 res
514 994 608 1050 civiles
623 1004 650 1050 et
667 997 856 1051 oeconomicus
873 996 1012 1066 pertinent
1028 1000 1056 1048 et
1081 995 1138 1049 lum
1148 995 1337 1066 magistratum
1346 995 1541 1061 Christianum,
1554 996 1604 1050 sed
1615 996 1651 1051 ad
1664 1001 1751 1050 totam
1761 993 1919 1059 ecclesiam,

226 1082 385 1152 exlegibus
410 1082 589 1152 magistratus
614 1082 720 1153 politici
747 1082 867 1154 legitime
886 1082 976 1136 decidi
994 1098 1055 1152 pos-
1081 1080 1124 1134 vel
1144 1081 1180 1135 ad
1199 1081 1268 1149 illos,
1288 1081 1336 1152 qui
1353 1080 1466 1152 publico
1481 1081 1614 1137 ecclesiae
1626 1082 1736 1136 nomine
1752 1080 1806 1134 hoc
1825 1078 1920 1134 officio

213 1174 291 1243 'sunt
309 1176 338 1222 et
355 1167 445 1222 solent
461 1168 606 1238 injudicio
624 1167 706 1223 civili.
737 1168 875 1223 Bonorum
887 1168 1055 1222 clericalium
1080 1166 1248 1238 funguntur,
1273 1168 1308 1221 ad
1328 1173 1454 1222 senatum
1478 1169 1583 1223 scilicet
1600 1167 1827 1222 ecclesiasticum.
1863 1165 1919 1220 Sed

226 1253 383 1307 immunitas
414 1254 604 1309 consideratur
636 1255 785 1325 praecipue
810 1255 855 1310 vel
883 1255 911 1308 in
937 1254 1106 1322 tributis,.si
1124 1255 1297 1318 committant
1314 1255 1418 1309 delicta
1449 1256 1557 1310 civilem
1581 1256 1740 1309 societatem
1766 1254 1921 1318 tarbosrts'o,

227 1356 298 1410 quae
316 1339 460 1395 solvuntur
479 1357 512 1395 ex
531 1341 615 1412 agris,
635 1341 754 1411 praediis
769 1341 865 1395 aliisve
880 1340 1056 1411 possessioni·
1081 1356 1171 1410 eaque
1186 1340 1230 1395 vel
1248 1341 1394 1409 capitalia,
1411 1340 1455 1395 vel
1472 1359 1528 1394 aco
1546 1341 1699 1409 capitalia,
1718 1346 1778 1393 tum
1796 1337 1921 1407 cognitio

227 1427 279 1480 bus
292 1427 479 1481 immobilibus
497 1445 530 1481 ac
547 1427 707 1497 mobilibus,
726 1428 782 1482 imo
801 1428 830 1481 in
848 1427 916 1497 ipsis
932 1425 1056 1497 personis
1082 1435 1109 1481 et
1120 1444 1211 1497 poena
1223 1427 1295 1480 illius
1309 1427 1403 1480 delicti
1414 1427 1534 1497 pertinet
1544 1427 1581 1482 sd
1594 1426 1790 1498 magistratum
1803 1423 1919 1478 civilem

227 1518 255 1567 et
272 1512 410 1582 capitibus
437 1514 522 1582 (qnod
539 1520 632 1568 tamen
657 1514 748 1584 potius
763 1518 808 1568 'est
824 1532 893 1568 onus
911 1512 1056 1584 personale
1081 1514 1351 1585 4.Distiuguendum
1358 1513 1441 1568 etiam
1449 1512 1521 1567 inter
1527 1513 1718 1582 magistratum
1727 1511 1840 1565 civilem
1850 1529 1921 1564 sam-

226 1615 308 1670 quam
334 1600 433 1668 reale),
458 1599 502 1652 vel
520 1599 548 1652 in
576 1599 772 1670 vectigalibus,
799 1617 871 1689 qgae
898 1599 1057 1670 penduntur
1084 1600 1361 1662 memoriosae-iores.
1382 1597 1920 1669 Nonsnimssquitur‚olerieiintsmpo

226 1701 276 1756 pro
298 1684 435 1739 mercibus
462 1686 638 1755 exportandis
663 1693 691 1740 et
708 1685 889 1756 importandis
907 1684 965 1740 sive
984 1683 1056 1738 ordi·
1081 1687 1185 1741 ralibus
1200 1685 1318 1755 subJecti
1330 1691 1395 1739 sunt
1406 1685 1590 1756 magistratui,
1605 1684 1772 1754 ergocuivis
1784 1683 1870 1737 etiam
1882 1683 1920 1735 in·

226 1771 315 1839 narie,
339 1788 410 1841 quae
441 1773 522 1842 jussu
545 1773 638 1843 legum
664 1790 771 1843 semper
796 1772 933 1827 numerari
958 1771 1055 1836 solent,
1082 1772 1174 1828 feriori
1185 1772 1360 1843 magistratui
1369 1770 1565 1841 suntsubjecti,
1575 1768 1754 1825 itautconsul
1764 1769 1922 1839 oppidanus

227 1859 285 1912 sive
302 1857 526 1925 extraordinarie,
544 1875 616 1930 quae
635 1865 743 1914 tanturn
760 1858 796 1913 ad
816 1864 988 1929 praesentem
1006 1855 1055 1909 sli—
1081 1876 1114 1913 ac
1127 1864 1239 1929 praetor
1253 1874 1380 1928 paganus
1395 1862 1561 1927 potestatem
1578 1855 1681 1911 habeat
1694 1856 1831 1910 ecclesiae
1843 1854 1920 1908 mini·

227 1960 309 2014 quam
328 1943 519 1998 necessitatem
539 1945 687 2014 exiguntur
704 1950 732 1999 et
751 1951 848 2014 postea
874 1941 1057 2003 desiranti*
1081 1952 1169 2000 strum
1181 1946 1265 2014 injus
1277 1944 1402 2006 vocandi,
1418 1943 1463 1997 vel
1481 1943 1564 1998 etiam
1576 1945 1605 1996 in
1620 1941 1735 1999 vincula
1745 1941 1921 2013 conjiciendi.
1964 2011 1967 2016 Ι

227 2029 357 2084 distincte
379 2029 602 2099 respondendum
629 2047 780 2086 censemus.
827 2038 849 2086 1.
873 2030 906 2083 In
931 2028 1056 2100 personis
1081 2032 1136 2085 Pro
1149 2030 1307 2085 diversitate
1319 2030 1391 2083 enim
1405 2029 1531 2082 ordinum
1546 2029 1654 2084 diversa
1666 2028 1749 2082 etiam
1767 2037 1834 2082 sunt
1850 2027 1920 2081 dics·

227 2115 422 2170 ecclesiasticis
451 2117 508 2171 sive
539 2116 645 2171 clericis
674 2117 729 2172 duo
756 2116 957 2172 consideranda
983 2121 1055 2168 sunt.
1083 2114 1920 2186 steria,itautsubunosupremomagistratualiudsittribu-

228 2202 321 2257 Primo
335 2202 553 2256 ecclesiasticam
572 2203 647 2274 quod
669 2211 768 2275 gerunt
787 2205 914 2270 officium
931 2203 960 2256 in
979 2201 1056 2255 verbi
1067 2208 1070 2299 p
1083 2203 1130 2257 nal
1146 2202 1256 2270 civium,
1275 2201 1351 2256 aliud
1369 2201 1511 2270 nobilium,
1532 2201 1607 2255 aliud
1625 2201 1703 2256 verbi
1722 2201 1919 2256 ministrorum.

151 2278 155 2286 ⁸
228 2288 442 2361 praedicatione,
460 2298 693 2344 sacramentorum
711 2290 957 2359 administratione,
976 2288 1055 2342 disci·
1083 2288 1129 2345 Sic
1139 2289 1167 2343 in
1178 2288 1300 2344 ecclesiis
1312 2288 1474 2356 reformatis,
1494 2289 1619 2358 quamvis
1634 2305 1683 2358 per
1694 2287 1917 2357 pacificationem

227 2376 319 2448 plicae
347 2375 550 2431 ecclesiasticae
572 2376 779 2431 conservatione
798 2382 850 2444 etc.
876 2381 1056 2446 occupatum,
1082 2375 1291 2429 Passaviensem
1318 2374 1475 2443 jurisdictio
1508 2375 1673 2444 episcopalis
1709 2375 1738 2428 in
1775 2375 1915 2445 principes

227 2462 327 2517 deinde
342 2462 507 2532 politicum,
531 2479 586 2532 quo
603 2461 677 2517 civili
696 2461 822 2516 societati
842 2462 967 2518 obstricti
984 2468 1056 2529 sunt,
1082 2461 1258 2533 evangelicos
1277 2462 1314 2515 sit
1324 2460 1468 2525 translata,
1485 2467 1578 2514 tamen
1595 2469 1669 2515 recte
1682 2468 1710 2514 et
1726 2466 1917 2531 competenter

227 2549 374 2603 viaculum.
411 2547 488 2602 Illius
508 2548 615 2602 ratione
638 2548 667 2601 in
686 2548 795 2602 actibus
813 2546 1005 2601 ecclesiasticis
1025 2563 1057 2601 ac
1084 2548 1123 2601 illi
1141 2547 1256 2616 faciunt,
1275 2547 1349 2619 quod
1368 2564 1425 2602 non
1437 2548 1596 2603 immediate
1608 2563 1660 2601 nec
1676 2564 1726 2617 per
1745 2548 1918 2603 consiliarios

228 2634 417 2710 spiritualibus
442 2634 477 2688 ad
498 2639 664 2704 potestatem
688 2623 902 2689 ecclesiasticam
920 2633 1056 2687 internam
1084 2635 1188 2705 politici
1207 2635 1347 2705 regiminis
1365 2634 1481 2689 eandem
1498 2642 1635 2703 exercent,
1654 2634 1702 2688 sed
1721 2633 1919 2705 praefecerunt

228 2719 429 2788 pertinentibus
453 2719 627 2791 magistratui
651 2736 706 2774 non
729 2727 795 2774 sunt
812 2719 944 2790 subjecti,
967 2736 1057 2789 nequa
1082 2721 1238 2792 pastoribus
1267 2721 1537 2791 superintendentes,
1567 2729 1595 2775 et
1622 2720 1804 2775 instituerimt
1830 2721 1917 2776 consi·

228 2806 301 2858 enim
319 2807 498 2877 magistratus
515 2810 614 2875 potest,
633 2822 685 2860 nec
702 2806 785 2860 debet
798 2805 853 2860 illis
869 2804 1056 2875 praescribere
1083 2806 1168 2862 storia
1191 2805 1391 2870 ecclesiastica,
1420 2807 1449 2860 in
1473 2807 1574 2877 quibus
1592 2814 1621 2861 et
1648 2807 1863 2876 aeclesiasticae,
1889 2814 1917 2862 et

228 2891 311 2945 aliam
329 2892 458 2960 docendi,
483 2908 588 2946 errores
615 2897 643 2946 et
661 2897 778 2962 peccata
796 2892 946 2962 arguendi,
966 2909 1056 2946 sacra-
1082 2892 1211 2963 politicae
1241 2910 1375 2963 personae
1405 2893 1580 2962 praesident,
1615 2893 1716 2965 quibus
1743 2893 1772 2946 in
1803 2892 1917 2948 clericos

228 2985 321 3033 menta
337 2978 548 3032 administrandi
565 2985 616 3032 etc.
628 2978 752 3043 formam,
772 2993 855 3047 quam
869 2985 911 3031 est
930 2977 959 3031 in
973 2978 1056 3032 verbo
1082 2987 1158 3034 certa
1173 2979 1415 3046 determinatione,
1434 2979 1529 3034 ordine
1550 2997 1582 3034 ac
1601 2980 1681 3035 modo
1697 2979 1857 3050 jurisdictio
1876 2989 1918 3034 est

227 3064 294 3135 ipsis
312 3063 443 3118 divinitus
466 3065 650 3134 praescripta,
677 3064 744 3134 quin
767 3063 858 3132 potius
878 3063 1056 3133 magistratus
1083 3065 1224 3121 attributa.
1263 3064 1917 3136 SicPaulus1.Timoth.5,v.19.accusstio·

229 3147 400 3205 Christianus
428 3156 560 3221 tanquam
588 3150 739 3204 membrum
773 3150 906 3205 eeclesiae
935 3151 971 3204 ad
1000 3151 1054 3220 epi·
1083 3170 1131 3207 nes
1162 3157 1260 3205 contra
1294 3150 1468 3222 presbyteros
1502 3152 1640 3207 institutas
1670 3152 1706 3206 ad
1738 3151 1914 3206 Timotheum

227 3253 341 3307 scopum
359 3254 392 3291 ac
409 3236 486 3291 verbi
506 3253 670 3306 praeconem
697 3235 783 3290 habet
799 3253 829 3290 se
848 3242 980 3306 tanquam
998 3238 1056 3290 ovis
1083 3238 1243 3308 episcopum
1268 3237 1371 3291 deferri
1396 3237 1493 3293 voluit.
1538 3244 1561 3293 5.
1587 3237 1824 3310 Distinguendum
1846 3238 1919 3292 inter

228 3323 264 3379 ad
283 3329 435 3395 pastorem,
461 3323 580 3394 ideoque
600 3329 714 3394 peccata
744 3338 794 3377 sua
817 3339 851 3376 ex
875 3323 960 3377 serbo
978 3323 1058 3393 argui
1083 3327 1206 3379 actiones
1227 3324 1396 3394 personales
1421 3332 1446 3378 et
1469 3325 1577 3392 reales,
1603 3341 1686 3396 quam
1713 3325 1919 3380 distinctionem

229 3418 257 3465 et
274 3409 377 3474 taxari,
398 3408 491 3480 inique
511 3407 582 3464 ferre
599 3409 760 3479 neutiquam
775 3408 864 3464 debet.
898 3407 977 3471 Quod
996 3409 1058 3463 atti-
1083 3412 1201 3482 petimus
1226 3428 1260 3465 cx
1284 3410 1426 3465 constitut.
1454 3409 1522 3467 eccl.
1548 3411 1674 3465 electoris
1699 3411 1823 3481 Augusti
1848 3412 1878 3465 in
1896 3428 1917 3464 c.

228 3503 275 3551 net
305 3497 477 3550 occationem
506 3495 691 3549 ministrorum
722 3495 927 3565 eorundemque
959 3496 981 3548 si
1014 3494 1059 3550 vel
1084 3499 1120 3553 de
1139 3497 1359 3553 immunitatibus
1378 3498 1509 3553 ecclesiae
1519 3497 1705 3552 ministrorum
1716 3516 1743 3569 p.
1760 3504 1816 3553 106.
1837 3499 1918 3568 cujus

229 3599 343 3637 erronea
363 3581 496 3650 doctrina,
514 3581 559 3635 vel
578 3581 664 3651 impia
680 3581 738 3635 vita
757 3581 888 3636 scandalo
907 3581 949 3648 sit,
968 3595 1063 3635 rem0·'
1083 3586 1168 3640 verba
1201 3584 1240 3639 sic
1272 3584 1388 3662 habent:
1426 3585 1510 3640 Qtnu
1548 3585 1587 3640 bis
1617 3584 1811 3650 Rttbtabitnst
1842 3585 1916 3654 gleitb

227 3670 338 3738 liccem,
351 3669 422 3723 Item
433 3670 523 3736 legum
535 3667 789 3721 ecclesiasticarum
797 3669 1057 3738 promulgationem,
1083 3672 1195 3728 anberen
1220 3673 1324 3740 uatem
1353 3673 1534 3740 Uuttttbuntn
1559 3671 1588 3726 itt
1613 3673 1717 3741 &nubta
1741 3671 1798 3742 ibat
1816 3672 1916 3741 bisalta

228 3757 446 3809 ceremoniarum
461 3755 660 3808 institutionem
672 3760 756 3825 atque
769 3753 972 3825 obligationem,
985 3772 1057 3825 quae
1083 3759 1200 3827 beloopct
1217 3759 1247 3812 in
1260 3757 1413 3813 actionibus
1432 3756 1623 3826 personalibus
1638 3767 1687 3814 tor
1705 3759 1753 3814 sm
1768 3758 1914 3828 beabitur,

229 3841 266 3895 ad
284 3847 449 3911 potestatem
468 3839 683 3896 ecclesiasticam
708 3848 848 3896 externam
866 3841 1011 3912 pertinent,
1029 3842 1057 3895 in
1083 3847 1116 3900 bo
1131 3845 1165 3912 stt
1183 3846 1226 3900 bet
1245 3844 1330 3912 tlittbt
1350 3843 1452 3904 tituta,
1471 3858 1502 3912 tu
1522 3845 1597 3913 Sittbt
1616 3844 1698 3914 {leben
1717 3845 1817 3912 iossttu,
1835 3844 1914 3914 ibuttt

230 3928 297 3995 illis,
322 3945 359 3981 an
379 3928 473 3999 aliqua
497 3935 525 3981 et
543 3926 633 3998 qualis
658 3933 779 3997 potestas
798 3927 953 3983 Christiano
971 3929 1057 4001 magi·
1083 3933 1136 3986 unt
1155 3930 1238 4000 ittam
1257 3931 1319 3985 tlmt
1337 3930 1443 3998 bobardi
1456 3929 1654 3997 trutinarum
1674 3932 1789 3999 ettotam
1811 3932 1913 4000 ocidit,

229 4013 326 4069 stratui
343 4020 495 4085 competat,
513 4014 638 4084 superius
656 4013 709 4068 fuit
727 4015 894 4084 expositum,
913 4016 992 4085 cujus
1009 4032 1056 4085 po·
1083 4020 1109 4088 to
1131 4018 1230 4073 orbum
1248 4019 1301 4072 aab
1322 4017 1415 4071 molen
1433 4015 1483 4071 tois
1504 4016 1631 4085 bemaotb,
1650 4025 1725 4071 meaa
1737 4017 1783 4087 fid
1798 4017 1914 4086 sottum

227 4102 336 4156 testatis
355 4100 456 4154 limites
475 4101 634 4171 neutiquam
652 4101 824 4172 transgredi,
850 4117 901 4156 nec
921 4119 966 4169 ea,
986 4120 1057 4173 quae
1083 4105 1191 4172 animm
1209 4105 1359 4159 ttmtlcuteu
1386 4103 1440 4157 aab
1465 4102 1546 4157 ciuem
1573 4104 1633 4157 obst
1659 4104 1790 4172 metretas
1810 4105 1913 4172 unieret

227 4188 271 4243 vel
289 4205 351 4242 cum
370 4192 430 4241 tota
448 4186 576 4251 ecclesia,
600 4186 643 4242 vel
666 4204 729 4241 cum
748 4187 917 4258 presbyterio
936 4205 1055 4244 commu·
1083 4192 1259 4259 untsttbousu
1279 4203 1357 4258 flegeo
1372 4188 1446 4243 staca
1466 4189 1637 4257 districtor,
1656 4188 1788 4259 baeticos,
1808 4190 1913 4248 §diacon

226 4275 274 4330 nia
290 4273 384 4344 habet,
403 4273 455 4328 sibi
475 4273 525 4327 soli
544 4274 691 4328 vendicare
711 4273 801 4328 debet.
837 4279 860 4328 2.
874 4275 927 4328 Sed
948 4281 1056 4344 praeter
1082 4277 1143 4331 obst
1163 4276 1331 4342 euthicem,
1351 4277 1441 4343 &peso
1460 4276 1520 4329 oter
1533 4274 1708 4330 usnemun
1727 4277 1841 4346 sutrim,
1865 4278 1913 4347 bct

226 4359 278 4414 hoc
308 4358 524 4415 ecclesiasticum
556 4358 677 4413 officium
709 4359 782 4413 civili
815 4360 898 4414 etiam
931 4360 1055 4415 societati
1082 4361 1227 4432 autiuglidp
1246 4362 1401 4432 bisadoc
1419 4363 1472 4416 uub
1485 4361 1609 4429 bettrico
1627 4361 1701 4432 burst
1721 4364 1768 4417 beu
1781 4365 1913 4433 &uomitu

226 4447 338 4501 eaedem
358 4461 490 4516 personae
509 4451 638 4500 tenentur
656 4444 813 4509 obstrictae,
833 4451 898 4498 sunt
915 4445 987 4500 enim
1001 4464 1056 4500 non
1083 4451 1219 4506 trabentes
1236 4448 1384 4519 britcltigsu
1402 4449 1471 4505 Dite
1495 4450 1576 4504 neten
1598 4443 1653 4504 bem
1677 4451 1838 4519 ammona,
1864 4452 1914 4509 lits*

226 4532 314 4587 solum
334 4532 453 4586 ministri
471 4532 611 4595 ecclesiae,
631 4532 679 4586 sed
700 4532 782 4587 etiarn
803 4530 976 4591 membraac
994 4551 1055 4604 par·
1082 4536 1240 4605 titbttbstso
1260 4537 1319 4591 obet
1333 4536 1482 4599 bullatoris,
1503 4536 1604 4602 toofttu
1623 4536 1730 4604 bttitlbe
1747 4536 1914 4607 uicbttiottb

225 4625 268 4673 tes
288 4618 469 4689 reipublicae.
495 4618 766 4690 quorespectuduo
785 4615 887 4671 inillis
906 4620 1056 4690 spectanda
1083 4624 1141 4679 obst
1169 4624 1236 4692 lonii
1261 4624 1304 4679 bct
1329 4624 1414 4693 &arbe
1442 4625 1577 4678 tomenti
1603 4622 1648 4692 tp,
1677 4624 1737 4679 obet
1765 4626 1828 4694 autb
1855 4625 1914 4694 ploti

226 4712 300 4773 sunt,
314 4721 455 4775 personae
466 4710 494 4758 et
505 4707 639 4768 fortunae
652 4703 711 4756 sive
722 4703 869 4758 facultates
881 4705 1054 4775 temporales.
1083 4710 1220 4779 &dippeus
1235 4711 1295 4765 oter
1306 4710 1506 4779 ttittbcattteru
1519 4708 1610 4778 pttlitb
1625 4710 1738 4778 tctb'o'rt,
1751 4710 1813 4778 autb
1826 4715 1915 4766 untes

225 4790 409 4845 Personarum
426 4807 539 4844 suarum
558 4796 687 4861 respectu
708 4789 881 4859 magistratui
899 4791 972 4845 civili
991 4799 1056 4846 sunt
1082 4797 1188 4865 beaten
1215 4797 1312 4864 tottbt,
1337 4796 1371 4864 [tt
1390 4795 1438 4852 mil
1457 4794 1595 4863 militabat
1616 4796 1669 4850 uttb
1686 4795 1789 4864 liutem
1809 4797 1916 4865 Diogen

226 4877 358 4948 subjecti,
383 4894 447 4931 eum
469 4877 541 4931 eninr
559 4879 614 4931 sint
633 4882 726 4947 partes
743 4875 929 4947 reipublicae,
947 4885 1056 4949 oportet
1083 4897 1113 4951 su
1138 4882 1291 4950 emelotam.
1329 4882 1374 4938 iba
1399 4882 1457 4936 obst
1481 4883 1543 4937 tibet
1570 4881 1645 4950 totos
1665 4882 1916 4952 untertcablnocea

226 4981 273 5019 eos
294 4964 337 5018 vel
356 4965 391 5018 sd
410 4965 586 5033 magistratus
608 4963 653 5018 vel
675 4963 847 5018 subditorum
872 4964 995 5019 ordinem
1014 4981 1056 5018 re·
1084 4970 1137 5024 unt
1151 4970 1348 5037 auctorabiles
1362 4968 1436 5037 {stete
1448 4968 1482 5036 fis
1495 4967 1616 5023 circuiet
1628 4966 1751 5037 remititte
1762 4969 1916 5038 &artmano

226 5049 299 5118 ferri,
316 5051 377 5120 J'am
394 5067 459 5104 vero
477 5051 585 5105 civilem
604 5050 796 5121 magistratum
813 5066 864 5104 nec
877 5057 985 5121 gerunt,
1003 5068 1055 5106 nec
1084 5055 1150 5124 uitbt
1169 5055 1276 5124 tristiter
1289 5055 1403 5119 mollito,
1423 5055 1530 5122 taliter
1546 5054 1774 5125 &aestimabunt
1792 5055 1842 5111 usit
1861 5057 1916 5111 beai

225 5153 321 5207 gerere
348 5137 463 5202 debent,
490 5138 525 5190 ad
554 5137 727 5191 subditorum
752 5137 837 5209 igitur
861 5137 976 5191 classem
1005 5138 1056 5193 hoc
1083 5143 1243 5207 itmtmcuu,
1270 5141 1340 5195 (itl-
1359 5141 1419 5196 obst
1437 5139 1650 5211 &camitissam
1669 5141 1799 5208 saunier
1819 5140 1917 5196 Consi·

225 5229 352 5294 respectu
372 5224 518 5294 pertinent.
552 5224 672 5278 Proinde
690 5231 722 5278 ut
740 5225 848 5295 reliqua
863 5225 986 5279 membra
1004 5227 1056 5279 rei·
1082 5229 1196 5283 sterium
1215 5229 1340 5295 gelaagto
1358 5229 1447 5297 latito,
1467 5234 1526 5283 tout
1545 5228 1578 5296 [te
1594 5227 1710 5297 stolidius
1721 5227 1800 5297 itata
1820 5229 1918 5299 sabana

224 5308 354 5379 publicae
386 5310 494 5380 legibus
528 5309 650 5365 honestis
681 5310 718 5365 ad
757 5311 865 5365 civilem
896 5311 1055 5367 societatem
1083 5316 1148 5383 beli,
1168 5313 1216 5369 tole
1235 5315 1296 5384 autb
1317 5316 1367 5369 olle
1384 5316 1484 5384 &subeo
1504 5315 1637 5385 geldaffta
1664 5316 1717 5370 aab
1736 5329 1771 5370 aa
1790 5325 1857 5371 totta
1879 5317 1920 5373 bie

226 5396 428 5465 pertinentibus
445 5395 618 5466 obligantur3
637 5396 677 5451 ita
687 5413 796 5468 quoque
805 5397 902 5452 iisdem
922 5415 1055 5467 personae
1082 5400 1225 5471 ottttgtett
1242 5402 1393 5469 obtuitu,
1418 5400 1525 5471 bolslbil
1549 5402 1622 5471 buttb
1642 5402 1690 5470 stt,
1718 5402 1809 5470 unitae
1825 5403 1921 5470 doust·

227 5481 429 5536 ecclesiasticae
449 5482 596 5538 obstrictae
622 5489 758 5540 tenentur.
794 5484 834 5540 Ut
855 5484 947 5554 legum
966 5493 1052 5541 nans·
1083 5486 1214 5557 trustes,
1232 5489 1275 5544 bct
1290 5487 1432 5556 tlsttbctsa
1445 5489 1599 5559 gmistsstrt
1618 5490 1672 5544 aot
1687 5489 1798 5558 eadm,
1819 5488 1845 5556 to
1867 5491 1920 5546 siet
