4020 6014
685 276 737 331 Da
756 273 1009 333 MAGISTRATU
1029 276 1217 336 romanco,
1728 287 1791 354 ι509

94 430 175 485 Alex.
200 446 224 484 c.
253 435 300 485 ³7:
328 431 444 499 Oportet
460 431 598 500 injuriam
616 447 716 498 passos
735 449 792 500 pro
812 446 841 483 se
860 430 979 499 ipsislsi
998 432 1111 488 foedera
1129 440 1177 489 aut
1194 450 1297 488 causae
1314 433 1385 487 aliae
1403 431 1516 486 minime
1535 430 1695 502 impediant,
1712 431 1790 484 anxi·

96 533 178 568 arma
196 534 305 585 capere,
325 523 374 569 aut
388 535 445 586 pro
468 518 595 584 copnatis
614 525 639 569 et
659 517 794 584 beneficis,
815 517 931 583 itemque
957 518 1024 571 linm
1042 519 1109 588 ipsis
1128 519 1272 574 ferendum
1293 536 1353 575 esse
1373 535 1453 574 nemo
1473 517 1604 589 ambigit3
1630 518 1680 573 sed
1706 516 1730 570 si
1747 515 1793 571 vel

96 603 180 654 sociss
208 603 318 671 injuria
345 603 452 671 affectis
480 603 625 655 auxiliari.
678 608 700 656 t.
730 601 865 655 Dedititii
888 599 933 653 sei
957 605 1063 673 omnia,
1095 607 1138 660 vel
1170 606 1265 677 aliqua
1296 607 1379 661 modo
1406 621 1468 661 sese
1493 605 1616 659 habeant
1645 603 1793 670 contrario,
1806 611 1861 656 xlv.
1875 611 1921 655 tat.

96 687 218 755 clientes,
237 688 285 759 qui
305 688 334 740 in
353 686 437 742 fidem
455 694 484 742 et
502 688 659 742 clientelam
678 706 738 744 sese
757 688 930 742 dediderunt.
957 690 1048 744 aliena
1082 692 1205 761 pericula
1242 710 1297 748 non
1332 692 1466 746 iaciamus
1500 698 1603 746 nostra.
1665 690 1795 743 Praestat

95 772 153 828 dos.
176 779 221 838 to,
245 792 270 827 v.
289 781 314 830 6.
352 773 543 843 Gabaonitae,
568 776 616 845 qui
636 774 770 829 Israelitis
788 792 848 830 sese
867 774 930 827 sub·
957 775 1058 830 habere
1077 777 1193 832 dubium
1211 779 1329 833 amicum
1351 794 1434 848 qnam
1456 777 1563 832 hostem
1581 782 1701 843 certum,
1728 775 1751 828 si
1771 774 1793 826 is

93 861 237 929 jugarent,
253 859 368 913 mittunt
385 860 422 914 ad
439 860 560 913 dostram
579 861 718 916 dicentes:
738 863 782 914 Ne
799 861 930 914 retrahas
943 848 994 919 isit
1011 863 1157 932 potentior.

96 963 196 998 manus
213 954 276 999 tuas
296 947 331 998 ad
350 947 459 1000 ancilia
482 964 625 1001 seruorum
643 956 766 1011 tuorum,
791 939 946 1002 adscench
992 953 1050 1004 406.
1087 950 1236 1012 Quaeritur
1256 955 1279 1003 3.
1318 951 1366 1002 An
1384 951 1418 1002 ob
1436 949 1583 1016 reiipiauis
1601 946 1795 1012 defensionem
1807 950 1827 992 ³·
1842 952 1875 991 tu
1891 953 1921 992 ob

98 1031 152 1084 1110
177 1040 203 1085 et
227 1033 317 1084 libera
344 1051 395 1086 nas
419 1035 520 1102 serpae
536 1035 728 1102 praesidium,
751 1023 1039 1088 conueneruntiarma
1065 1037 1227 1104 capienda?
1265 1035 1489 1105 Respondemus:
1514 1034 1738 1105 quandocunque
1767 1038 1795 1086 et
1808 1003 1901 1095 iiiiii]

100 1119 172 1171 enim
191 1119 339 1170 adeersum
357 1135 410 1171 nos
430 1136 524 1172 omnes
543 1137 623 1188 repes
640 1127 861 1174 Amorraeorum
881 1125 933 1174 etc.
959 1136 1125 1191 quacunque
1144 1121 1178 1175 de
1197 1138 1283 1175 causa
1303 1121 1408 1175 subditi
1433 1122 1536 1190 injuste
1554 1120 1591 1175 ab
1609 1120 1687 1174 hoste
1704 1117 1796 1188 oppr‘-
1808 1107 1938 1146 ‘⁰³'¹⁰¹¹⁸'¹

100 1220 216 1273 quornm
257 1204 385 1274 precibus
435 1205 523 1260 Josna
568 1204 730 1275 obsequitur
776 1214 803 1261 et
849 1205 934 1274 insig-
960 1213 1081 1271 mnntur,
1099 1208 1156 1261 sive
1175 1207 1325 1277 religionis,
1344 1208 1401 1261 sive
1415 1207 1561 1274 libertatis,
1577 1206 1717 1260 sivealius
1736 1168 1922 1275 qui-iiiiii·

98 1307 176 1356 nem,
211 1289 266 1344 imo
300 1290 494 1346 miraculosam
530 1292 673 1346 victoriam
707 1291 744 1346 ab
775 1290 934 1346 amorraeis
947 1332 948 1338 .
962 1294 1026 1348 dam
1045 1298 1376 1365 praetextusquaeratnr,
1395 1293 1574 1362 magistratus
1590 1309 1685 1346 eorum
1700 1290 1795 1346 deien-

98 1380 228 1445 reportat.
778 1396 785 1411 ⁴
946 1352 1068 1433 irionem
1088 1380 1227 1450 suscipere
1248 1379 1339 1435 debet.
1370 1378 1403 1432 In
1423 1378 1472 1432 tali
1491 1378 1565 1432 enim
1578 1376 1650 1432 bello
1669 1395 1725 1432 non
1744 1376 1797 1430 hoc

47 1531 59 1559 ⁸
133 1469 191 1519 tos.
227 1461 375 1525 Quaeritur
391 1461 443 1516 hoe
465 1463 539 1517 1000:
564 1468 588 1516 1Ι
608 1466 655 1517 Aa
676 1465 706 1518 in
720 1465 817 1532 quovit
837 1440 948 1548 desen-i
961 1466 1111 1536 praecipue
1132 1465 1290 1536 quaeritur,
1315 1483 1350 1519 an
1370 1465 1468 1535 religio
1487 1465 1516 1517 iu
1536 1481 1567 1540 se
1584 1481 1618 1519 ac
1635 1480 1685 1535 per
1702 1480 1732 1517 se
1751 1479 1798 1515 ar·

45 1550 187 1612 susionis
213 1567 280 1601 casu
305 1566 387 1601 arma
412 1552 607 1617 expedienda.²
637 1550 859 1620 Respondemus:
885 1549 1012 1605 mi·;mis
1039 1558 1067 1605 et
1092 1553 1119 1606 vi
1144 1552 1279 1622 corporali
1298 1551 1488 1614 defendenda,
1514 1552 1563 1605 sed
1582 1566 1618 1604 an
1636 1548 1741 1602 subditi
1758 1549 1795 1601 ob

45 1641 56 1652 ’
99 1637 173 1690 nime
190 1651 268 1701 vero,
292 1634 341 1687 sed
352 1642 495 1693 ,amurate
516 1653 609 1691 omnes
629 1636 852 1690 circumstantiae
869 1622 1097 1704 suntireligionis
1114 1639 1313 1709 professionem
1335 1639 1437 1708 injuste
1449 1638 1574 1707 oppressi
1593 1653 1611 1690 a
1630 1635 1794 1705 magistratu

60 1725 85 1764 ¹⁰
101 1721 299 1775 examinandae
320 1727 380 1775 tum
401 1721 428 1775 in
446 1721 565 1792 propria,
586 1729 645 1775 tum
657 1722 748 1777 aliena
765 1721 933 1777 defensione.
945 1692 948 1789 i
959 1731 1056 1778 contra
1072 1725 1128 1777 sim
1146 1725 1253 1779 illatam
1277 1726 1333 1778 sint
1352 1723 1527 1791 defendendi,
1548 1722 1579 1777 id
1597 1722 1671 1792 qnod
1688 1738 1743 1774 non
1763 1721 1794 1773 11-

45 1787 133 1867 1,.11
153 1806 272 1876 propria,
295 1814 316 1861 1.
329 1823 365 1861 ne
379 1809 515 1860 aduersus
534 1809 729 1875 mapistratam
743 1807 826 1877 culpa
839 1792 1044 1867 nostraicitum
1069 1811 1171 1879 solum,
1196 1810 1245 1864 sed
1270 1810 1354 1864 etiam
1379 1809 1564 1864 necessarium
1588 1824 1648 1862 esse
1668 1806 1793 1860 dicimus.

45 1890 86 1970 ἓξ
100 1890 236 1946 offensum
259 1893 444 1947 defensionem
464 1909 608 1962 paremus,
631 1895 681 1948 sed
704 1893 815 1963 culpam
841 1870 948 1962 potinsi
963 1903 984 1951 1.
1005 1896 1092 1951 Mace.
1112 1903 1137 1965 3,
1155 1914 1180 1949 v.
1203 1902 1244 1951 20.
1265 1912 1329 1950 cum
1346 1895 1503 1949 Antiochus
1523 1893 1664 1948 lsraiilitas
1682 1899 1795 1962 propter

45 1993 63 2022 ¹·
98 1980 194 2034 humili
215 1979 386 2049 subjectione
407 1979 593 2050 deprecemur.
627 1979 734 2044 Quodsi
751 1980 795 2034 vel
814 1979 931 2032 maxime
945 1958 1120 2055 ireligionem
1132 1987 1315 2052 oppugnaret,
1334 1981 1402 2036 dicit
1415 1980 1505 2036 Judas
1517 1979 1712 2034 Maccabaeus:
1730 1979 1795 2046 Ipsi

99 2074 177 2122 extra
194 2066 304 2135 culpam
321 2066 417 2136 simus,
435 2073 529 2121 tamen
548 2072 645 2121 contra
656 2066 825 2138 superiorem
846 2065 932 2136 magi·
944 2059 947 2129 Ι
958 2070 1077 2134 ueniunt,
1093 2077 1123 2122 ut
1140 2070 1310 2138 disperdant
1329 2086 1381 2121 nos
1391 2075 1418 2120 et
1429 2085 1532 2121 utores
1549 2074 1661 2120 nostras
1679 2072 1705 2117 ct
1716 2065 1792 2128 lilios

99 2159 215 2208 suatum
239 2153 276 2207 ad
305 2169 383 2207 arma
412 2170 589 2224 nequaqnam
617 2160 720 2210 temere
749 2153 932 2223 prosiliamus,
959 2162 1087 2223 nostros,·
1104 2173 1130 2209 v.
1151 2161 1193 2212 21.
1212 2172 1264 2209 uos
1288 2172 1355 2209 uero
1369 2155 1559 2224 pupnabimus
1572 2170 1629 2223 pro
1647 2150 1794 2205 animatus

99 2241 148 2294 scd
163 2239 250 2293 modis
267 2239 396 2294 omuibus
410 2239 532 2292 animum
558 2239 645 2309 ipsius
668 2239 855 2294 exulceratum
873 2237 932 2307 pla·
959 2242 1063 2294 nostris
1084 2250 1109 2294 et
1125 2259 1183 2310 pro
1200 2241 1308 2308 lepidus
1324 2241 1439 2295 nostris.
1473 2238 1647 2310 Augustinus
1660 2236 1739 2306 epist.
1753 2241 1792 2289 50.

98 2342 161 2381 care
179 2326 347 2380 studeamus.
386 2331 410 2379 1.
431 2325 473 2379 Ν1
490 2325 623 2380 adversus
643 2342 704 2390 eos,
724 2326 773 2394 qui
785 2326 873 2394 justis
890 2326 931 2376 in·
960 2328 995 2380 ad
1019 2326 1147 2383 Bonifac.
1178 2332 1206 2381 et
1236 2310 1337 2381 citatur
1367 2344 1390 2380 c.
1418 2326 1530 2379 Maxim.
1559 2329 1694 2389 011123.
1717 2339 1744 2392 q.
1766 2327 1793 2374 3:

92 2413 183 2481 jnriis
202 2412 327 2465 lacessiti
344 2411 448 2465 bellum
468 2411 548 2465 nobis
567 2412 697 2479 inferunt,
717 2411 753 2465 ad
773 2427 850 2464 arma
869 2427 931 2480 pro·
959 2414 1154 2466 diarimianus
1172 2414 1319 2485 episcopus
1346 2413 1489 2479 Vapieusis
1507 2410 1644 2464 ancilium
1659 2410 1745 2478 petiit
1758 2408 1794 2461 ab

96 2514 234 2567 petemus,
254 2498 302 2551 sed
315 2498 404 2568 primo
418 2496 538 2551 omnium
551 2496 766 2551 satisfactionem
784 2495 931 2551 offeramus
958 2501 1129 2569 inperatore
1150 2499 1312 2553 Christiano
1340 2504 1445 2561 (contra
1463 2498 1556 2552 hostes
1576 2496 1719 2561 ecclesiae)
1739 2512 1794 2548 non
1856 2483 1859 2488 ’

98 2591 126 2640 11
138 2590 344 2639 controversum
359 2584 499 2655 negotium
513 2583 628 2638 delectis
642 2582 807 2653 quibusdam
821 2582 931 2637 arbitris
957 2595 1014 2640 tum
1029 2587 1075 2638 sisi
1092 2586 1248 2639 relcisceridi
1260 2604 1346 2639 carna
1361 2603 1445 2654 01011
1460 2587 1580 2638 tuendae
1595 2583 1728 2638 melesius
1740 2580 1796 2634 sibi

97 2671 319 2741 componendum
337 2688 386 2723 nos
405 2671 596 2725 commissuros
615 2670 815 2739 promittamus,
833 2667 932 2739 quodsi
958 2673 1090 2724 creditae.
1130 2671 1238 2733 Quodsi
1257 2671 1509 2739 praetermisisset,
1533 2688 1589 2724 stan
1613 2670 1675 2736 ejus
1692 2667 1794 2731 fuisset

99 2757 222 2813 oblatam
240 2757 426 2812 conditionem
444 2757 531 2810 bostis
548 2764 693 2826 acceptare
711 2755 843 2820 noluerit,
871 2758 931 2807 tum
957 2760 1110 2812 teuderado
1134 2757 1289 2826 patientia,
1317 2759 1368 2810 ssd
1398 2758 1569 2825 nepliqents‘u
1597 2756 1696 2808 oserito
1735 2751 1793 2806 eui-

99 2845 210 2900 demum
236 2842 388 2897 defensioni
415 2841 533 2897 bellicae
559 2842 636 2896 locus
663 2846 706 2896 est
737 2841 864 2907 relictus,
892 2840 932 2894 ita
955 2846 1064 2913 panda.
1095 2845 1191 2912 Neque
1210 2843 1284 2894 enim
1304 2850 1330 2894 ct
1347 2842 1493 2911 apostotus
1505 2842 1615 2894 Paulus
1633 2842 1707 2893 uitae
1725 2853 1794 2890 suae

97 2935 191 2984 tamen
220 2935 251 2984 nt
278 2928 314 2983 ad
342 2926 556 2981 satisfactionem
594 2927 685 2980 animo
712 2943 820 2996 semper
847 2927 932 2979 simus
958 2930 1142 2984 transitoriae
1160 2929 1334 2993 0011011101,
1362 2930 1415 2981 sed
1434 2929 1567 2981 ecclesiae
1588 2927 1659 2994 Dei,
1678 2925 1792 2994 quaudo

97 3021 204 3087 parato.
245 3021 269 3070 3.
284 3014 328 3070 111
346 3014 477 3069 adversus
496 3031 550 3081 eos,
569 3015 616 3082 qui
629 3015 759 3082 potentia
779 3031 813 3065 ac
826 3013 932 3066 uiribus
958 3025 1056 3071 contra
1076 3017 1151 3084 iilos,
1171 3015 1221 3085 qui
1239 3032 1300 3068 eum
1324 3015 1451 3069 occidas
1471 3015 1712 3086 compiraaerunt,
1730 3029 1793 3064 eon-

98 3104 177 3157 notis
192 3103 273 3171 10101
294 3101 455 3171 superiores
475 3109 549 3167 sunt,
573 3101 719 3155 temeraria
741 3117 819 3155 mma
841 3100 932 3169 capia·
958 3105 1053 3158 sitium
1071 3119 1167 3156 eorum
1193 3103 1313 3170 tribuno,
1330 3109 1360 3155 ut
1377 3105 1556 3171 proderetur,
1586 3101 1692 3169 effecit,
1719 3099 1794 3150 unde

98 3206 174 3256 mus,
203 3205 255 3243 nee
283 3187 440 3241 ἀντιπνέειν
468 3193 524 3246 τοῖς
551 3182 691 3256 ἀνέμοισιΙ
709 3203 853 3255 conemur,
884 3186 932 3240 scd
952 3193 1066 3258 facttum
1085 3197 1140 3257 est,
1171 3197 1202 3241 ut
1230 3204 1291 3241 eum
1310 3190 1352 3241 ad
1370 3188 1478 3256 locum,
1503 3205 1557 3256 quo
1575 3188 1673 3250 fuerat
1685 3185 1795 3252 produ·

98 3275 210 3346 quasvis
232 3274 324 3344 potius
342 3272 512 3327 conditiones
538 3273 624 3343 pacis,
648 3274 731 3329 etiam
757 3272 881 3327 duriores
906 3279 935 3326 et
960 3280 1082 3345 cencius,
1101 3277 1252 3328 deduceret
1277 3275 1358 3344 mites
1378 3282 1512 3341 armatam,
1531 3290 1566 3326 ne
1584 3273 1699 3326 iliorum
1714 3277 1794 3338 pate·

99 3362 181 3418 rebus
202 3361 303 3416 nostris
322 3361 451 3415 adversas
465 3366 649 3430 acceptemus,
669 3378 751 3431 quam
773 3360 807 3414 de
828 3322 1040 3419 summairetur
1062 3363 1192 3415 iuu'dias.
1230 3361 1308 3415 Idem
1332 3360 1411 3431 epist.
1434 3365 1490 3415 164.
1517 3360 1553 3413 ad
1577 3358 1743 3426 Emeritam,
1766 3361 1795 3410 et

99 3448 140 3503 rei
152 3465 214 3503 cum
223 3447 374 3502 certissimo
386 3446 461 3500 exitii
475 3446 598 3517 periculo
608 3448 789 3504 decertemus.
810 3446 878 3500 Luc.
894 3452 933 3509 14,
959 3449 1078 3504 habetur
1096 3466 1119 3505 c.
1138 3448 1232 3504 Nostri
1244 3451 1295 3501 ete.
1317 3463 1390 3501 caus.
1421 3452 1448 3501 et
1471 3452 1576 3517 quaest.
1598 3446 1676 3498 dict:
1696 3443 1797 3497 Nostri

100 3555 126 3592 r.
146 3541 193 3591 31:
223 3534 292 3597 Quis
316 3551 364 3587 rea
381 3535 472 3587 itumss
491 3534 659 3586 committere
680 3535 781 3587 belluim
800 3536 935 3587 adrasus
962 3534 1119 3604 (Catholici)
1146 3536 1281 3587 adsersus
1301 3534 1433 3602 priuatas
1456 3540 1484 3586 et
1502 3532 1621 3586 illicitas
1639 3539 1793 3584 aestrorum

100 3623 190 3676 alium
209 3638 301 3691 repam
321 3638 377 3674 non
388 3621 489 3674 sedeas
499 3619 584 3689 prius
597 3621 709 3689 sopitat,
728 3621 755 3672 si
766 3621 858 3691 possit
872 3638 934 3673 eam
946 3674 948 3693 ,
960 3621 1189 3687 (Donatistarum)
1208 3620 1372 3684 violentias,
1390 3636 1462 3688 quas
1480 3627 1505 3671 et
1521 3635 1572 3671 uos
1589 3619 1637 3686 ibi,
1655 3617 1706 3686 qui
1722 3616 1795 3668 talia

100 3711 196 3763 (110111
214 3707 339 3760 millibus
358 3723 504 3760 aceris-rere
523 3705 583 3774 iili,
609 3707 738 3774 quicum
755 3706 934 3773 119111111ίί-
960 3727 1016 3763 neu
1032 3708 1146 3775 fecitis,
1174 3707 1275 3761 dolets's
1294 3714 1320 3758 et
1338 3706 1464 3775 pemitis,
1482 3723 1500 3758 a
1515 3703 1700 3774 potestatibus
1718 3703 1793 3755 ordi·

98 3796 173 3851 11111
196 3797 237 3848 ad
253 3809 283 3848 se
300 3793 395 3846 uertit?
422 3811 446 3845 v.
466 3798 508 3849 32.
530 3793 658 3860 alioquin
674 3793 834 3846 adhucillo
852 3794 933 3860 lonpe
959 3796 1035 3848 natis
1053 3793 1194 3847 tuitionem
1214 3800 1329 3860 petum,
1357 3809 1412 3844 nou
1436 3808 1492 3860 qua
1516 3808 1564 3843 uos
1578 3797 1793 3861 persequantur,

99 3889 199 3952 aperite
218 3881 386 3951 lepationem
406 3882 515 3934 mittens
531 3887 613 3946 rapat
630 3897 665 3933 ea
680 3897 750 3949 prae
766 3880 849 3948 pacis
862 3887 932 3933 nint.
959 3883 1013 3934 scd
1031 3898 1087 3949 qua
1105 3895 1136 3932 se
1148 3880 1312 3940 defendunt.
1344 3877 1466 3931 Proinde
1485 3877 1508 3931 si
1523 3878 1650 3947 patriam,
1669 3876 1694 3928 si
1712 3875 1794 3928 liber-

98 3968 132 4023 11
150 3968 242 4022 alicua
262 3966 421 4021 defensione
439 3967 607 4034 cavendnm,
628 3984 665 4021 ne
683 3966 749 4020 dnm
768 3967 830 4020 11111
848 3966 933 4019 inser·
959 3970 1059 4034 tatem,
1085 3965 1107 4018 si
1133 3964 1258 4039 fqrtunas
1282 3963 1415 4017 adversus
1440 3964 1572 4034 injustam
1596 3962 1716 4017 hostium
1737 3961 1792 4014 vim

97 4055 157 4109 vire
174 4054 329 4118 studemus,
347 4053 457 4124 ipsimet
475 4069 676 4108 consumamur.
714 4051 846 4117 Quamvis
860 4051 932 4106 enim
960 4053 1109 4108 defendere
1150 4050 1230 4114 11111,
1278 4050 1374 4122 quidni
1419 4051 1503 4106 etiam
1545 4050 1708 4121 religionem
1745 4049 1795 4101 de-
1873 4107 1875 4113 ⁴

98 4149 172 4197 reete
184 4138 415 4195 dictuma'l'ullio
427 4138 476 4195 lib.
491 4139 591 4194 1.ο1111.
603 4157 672 4208 eum,
694 4140 744 4207 qui
760 4157 815 4192 uon
836 4139 933 4208 defen·
959 4138 1072 4194 tendere
1095 4137 1193 4205 liceat,
1217 4137 1293 4192 unde
1314 4154 1365 4208 pro
1390 4137 1446 4191 aris
1472 4142 1500 4192 et
1520 4137 1589 4191 focis
1607 4150 1731 4207 pugnare
1748 4148 1794 4186 ve·
1864 4169 1869 4179 ·

99 4228 143 4281 dit
160 4243 210 4280 nee
222 4225 338 4287 obsistit,
359 4227 386 4278 si
399 4233 501 4297 potest,
519 4226 654 4294 injurios,
673 4233 729 4278 tom
743 4241 802 4278 esse
815 4225 844 4277 in
856 4226 934 4295 uitio,
958 4225 1011 4280 teri
1031 4223 1176 4294 proverbio
1197 4224 1342 4292 dicuntur,
1369 4223 1417 4295 qui
1442 4241 1472 4279 se
1489 4239 1608 4295 suosque
1625 4225 1701 4292 justo
1721 4218 1794 4274 bello

98 4331 183 4383 mam
209 4313 236 4366 si
255 4320 389 4381 parentes
406 4320 456 4364 ant
473 4313 599 4381 patriam
624 4320 672 4365 aut
695 4312 785 4365 socios
805 4314 933 4379 descrat;
961 4311 1124 4366 defendunt

98 4400 225 4471 quamvis
254 4398 337 4453 etiam
363 4397 439 4468 pium
470 4402 498 4451 et
519 4398 669 4452 humanum
689 4397 725 4452 sit
743 4397 934 4453 laborantibus
995 4406 1054 4456 407.
1091 4404 1116 4454 2.
1147 4397 1297 4452 Vindictae
1319 4395 1453 4464 publicae
1483 4409 1568 4447 causa
1598 4391 1752 4463 legitimum
1778 4399 1908 4450 111111-

99 4493 129 4542 ct
146 4487 249 4555 injuste
270 4484 409 4554 oppressis
429 4501 509 4555 opem
530 4483 616 4554 ferre,
643 4491 736 4540 tamen
759 4485 859 4540 virium
885 4504 932 4540 no·
960 4485 1125 4555 magistratu
1149 4483 1253 4539 bellum
1273 4481 1349 4552 geri,
1367 4483 1476 4535 constat
1493 4495 1526 4532 ex
1548 4472 1624 4532 dic'to
1642 4477 1794 4548 apostolico
1807 4451 1921 4543 iffi?

100 4578 220 4626 strarnm
237 4587 346 4640 semper
363 4569 494 4625 habenda
512 4578 555 4625 cst
572 4572 655 4641 ratio,
679 4588 714 4625 ne
734 4587 839 4640 pennas
860 4573 934 4626 ultra
959 4572 1038 4626 Rom.
1063 4576 1107 4640 13,
1134 4588 1159 4626 v.
1185 4575 1214 4624 t:
1240 4569 1304 4621 Non
1329 4569 1443 4631 fnestra
1459 4572 1557 4636 portat
1575 4565 1717 4633 pisidiam,
1743 4565 1795 4616 sed

100 4659 198 4713 nidum
217 4658 397 4713 extendamus
411 4664 439 4712 et
452 4657 532 4712 bellis
544 4677 598 4713 non
613 4659 776 4713 necessariis
795 4658 933 4729 nosipsos
959 4657 1084 4713 minister
1097 4657 1157 4710 Dei
1174 4663 1221 4719 cst,
1240 4655 1342 4708 studea
1358 4653 1389 4704 in
1400 4653 1474 4704 iram
1493 4652 1546 4715 iili,
1567 4651 1617 4719 qui
1633 4651 1706 4703 male
1725 4651 1792 4718 apii.

98 4745 280 4816 implicemus.
959 4743 1139 4813 colliguntur
1155 4748 1248 4796 autem
1265 4756 1299 4793 ex
1316 4738 1350 4793 V.
1369 4738 1402 4794 Τ.
1423 4738 1477 4791 duo
1496 4753 1599 4808 genera
1620 4737 1793 4802 delictorum,

135 4837 193 4886 405.
230 4830 273 4884 Ex
298 4848 352 4901 quo
371 4830 454 4884 facile
472 4829 650 4900 intelligitur,
680 4830 747 4901 quid
766 4831 932 4902 responden·
960 4835 1074 4902 propter
1096 4845 1169 4898 quae
1194 4825 1346 4882 coiircenda
1375 4840 1407 4877 ac
1438 4823 1580 4894 punienda
1612 4824 1793 4894 magistratus

45 4890 84 4971 'im
99 4915 166 4970 dum
184 4917 220 4971 ad
239 4917 426 4988 quaestionem
445 4922 468 4970 2.
488 4917 600 4986 quando
616 4933 698 4985 porro
717 4917 866 4988 quaeritur,
885 4920 933 4971 Au
946 4954 948 4979 ;
959 4917 1062 4972 bellum
1083 4913 1211 4984 suscepit.
1246 4912 1341 4968 Unum
1364 4917 1407 4964 est
1424 4911 1653 4974 eccimiastieum,
1678 4911 1795 4963 alterum

44 4992 71 5063 Ρ
100 5004 252 5073 oppressis,
272 5004 321 5072 qui
338 5003 582 5072 neccopnationis,
602 5020 652 5056 nee
669 5005 931 5071 confoederationis
959 5019 1025 5058 vero
1049 5001 1205 5070 politicum.
1244 4996 1469 5052 Ecclesiasticnm
1495 4995 1646 5065 sstgentis
1666 4995 1795 5050 1111111-

45 5091 163 5178 gajum
180 5100 232 5145 nos
249 5090 402 5159 uttinpunt,
425 5106 475 5142 nee
505 5081 534 5142 iis
553 5097 679 5143 nostrum
695 5097 858 5158 potestaum
874 5107 934 5144 sese
960 5088 1027 5144 tatis
1046 5086 1192 5158 cujusdam
1211 5082 1375 5138 idololatria.
1412 5082 1495 5138 Dent.
1517 5087 1561 5151 13,
1580 5100 1605 5136 v.
1628 5088 1676 5138 ta:
1695 5083 1729 5137 di
1747 5101 1795 5136 au-

45 5164 61 5228 i·
100 5179 215 5244 dedunt,
228 5179 280 5230 sed
292 5175 473 5229 leumanitutis
481 5176 550 5243 jure
564 5183 690 5228 nostram
701 5178 786 5239 fidem
798 5185 934 5230 nostrum·
961 5176 1050 5230 dicris
1067 5174 1098 5226 in
1116 5190 1173 5225 una
1190 5172 1301 5224 urbium
1319 5178 1444 5239 tuarum,
1469 5188 1540 5239 quas
1558 5169 1700 5223 Dominus
1717 5172 1797 5222 Deus

45 5251 60 5280 '¹
98 5279 152 5333 que
173 5264 328 5332 implorant
352 5263 503 5329 ancilium,
530 5262 674 5333 suppetiae
698 5263 754 5314 sint
775 5262 936 5329 ferendae.¹
961 5271 1025 5317 tuus
1050 5259 1128 5313 dabit
1154 5259 1205 5311 tibi
1230 5259 1272 5311 ad
1296 5257 1496 5322 habitandum,
1524 5256 1637 5324 aliquos
1657 5257 1797 5308 dieentes:

98 5346 209 5403 Etenim
234 5349 256 5402 si
286 5348 388 5420 injuste
416 5347 478 5401 illos
508 5364 654 5418 oppressos
680 5363 740 5402 esse
766 5355 886 5416 constet,
911 5348 933 5402 si
960 5367 986 5402 v.
1017 5352 1056 5403 13.
1086 5345 1208 5414 Epressi
1231 5351 1296 5397 sunt
1321 5341 1378 5408 filii
1400 5342 1500 5396 Belial
1524 5343 1561 5394 ds
1583 5341 1675 5394 medio
1703 5342 1747 5394 tui
1770 5349 1796 5394 et

97 5432 187 5488 hostis
205 5434 322 5490 victoria
345 5439 374 5489 et
395 5432 515 5489 felicitas
538 5432 618 5488 nobis
646 5433 765 5488 maximo
783 5435 879 5489 futura
898 5435 936 5489 sit
961 5440 1119 5488 auerterunt
1136 5431 1310 5486 habitatores
1328 5430 1493 5485 actuosae
1512 5445 1546 5482 ac
1565 5429 1711 5482 dicerunt:
1737 5428 1795 5480 Ea·

97 5521 273 5577 incommodo
300 5529 349 5578 ant
367 5521 503 5593 periculo,
531 5521 553 5575 si
577 5521 649 5577 sires
676 5520 755 5576 nobis
775 5527 1024 5593 suppetant-mus
1043 5527 1069 5573 et
1087 5519 1242 5573 1111101101
1260 5518 1317 5571 diis
1337 5517 1450 5585 alienis,
1467 5533 1535 5586 quos
1554 5514 1697 5585 ipnoratis.
1717 5531 1742 5569 v.
1757 5519 1796 5570 tt.
