4006 6022
668 252 720 308 DE
739 241 961 311 Mlnls'luluo
982 254 1818 331 uccneslasuieo.155

127 399 272 457 stitutione
289 404 478 473 apostolomm
498 407 598 476 adjus
617 407 740 463 divinum
761 427 816 464 non
834 427 895 464 esse
917 410 961 464 fir
989 417 1187 483 estpotestate
1210 416 1355 469 ordinandi
1373 417 1408 471 ab
1428 416 1576 472 ecclesia
1569 418 1636 488 rpsis
1656 418 1820 479 commiscet,

127 503 202 541 mam
220 494 248 542 et
265 487 417 560 legitimam
435 495 675 564 consequentiam,
705 497 744 550 sie
769 496 842 552 enim
868 496 964 551 scribit
987 499 1108 552 nondum
1128 507 1222 554 tuuren
1234 501 1353 556 evictum
1366 501 1438 556 foret
1427 510 1597 570 tpotmtate
1610 504 1822 572 jurisdictionis

128 572 181 627 boe
199 575 270 628 loco:
299 577 328 630 8.
353 579 542 648 Hieronymus
565 581 619 634 etsi
638 582 707 650 jure
726 583 821 636 diuino
839 601 895 636 11111
913 599 961 652 ep·
988 583 1062 653 ipsos
1080 602 1138 640 esse
1158 587 1327 656 superiores,
1351 594 1379 643 et
1400 589 1550 660 quidem
1530 607 1600 659 pure
1621 591 1723 645 diuino
1758 590 1820 645 Bel·

128 678 241 714 uoecere
259 664 370 716 ardetur
390 666 541 720 discrimen
567 669 641 720 iuter
653 669 882 737 jurisdictionem
905 669 961 738 epi-
989 668 1120 724 larmirus
1139 672 1253 741 regerit,
1279 681 1406 727 auctores
1428 674 1501 739 illos,
1527 693 1589 728 cuns
1608 676 1680 729 1111111
1697 677 1821 729 triturant

89 764 104 790 ο
127 748 207 815 scopi
225 751 433 820 etpresbyteri,
450 760 542 805 tamen
557 755 683 821 apnoscit
696 755 849 823 locipsum
861 755 961 808 dismi-
988 756 1134 825 episcopo,
1161 761 1238 827 quod
1265 776 1321 812 non
1345 761 1381 812 sit
1406 777 1467 812 cum
1483 762 1655 829 presbyteris
1679 761 1727 815 iili
1748 761 1819 815 com·

126 851 188 886 meu
206 843 341 905 tanquam
359 837 533 907 lepitime,
520 858 575 893 imo
593 848 619 893 et
639 858 796 895 necessario
819 842 960 907 11111111-
988 858 1067 894 suune
1088 852 1203 911 eccepto
1223 845 1409 912 ordinatione,
1430 847 1508 915 loqui
1525 846 1728 911 derisrebus,
1749 866 1820 917 quae

127 929 203 975 urata
222 923 343 976 1111111111
362 926 398 976 ab
416 927 552 994 apostolis
570 928 774 996 introductum,
803 930 863 983 oult
890 930 961 981 enim
987 928 1065 982 nullo
1085 933 1168 983 niodo
1185 932 1354 999 presbyteris
1371 934 1544 1000 11111111111,
1564 934 1621 986 tale
1640 942 1731 987 autem
1750 935 1821 987 1111111

126 1006 156 1058 in
181 1008 254 1078 ipsis
282 1011 415 1064 ecclesiae
437 1013 622 1082 primordiis,
650 1033 711 1067 cum
728 969 821 1068 adbuc
841 1015 960 1068 viverent
988 1023 1027 1068 est
1045 1017 1103 1068 nai
1121 1018 1264 1072 ordinatio
1282 1020 1437 1086 praecipue
1456 1021 1640 1087 sacerdotum,
1661 1038 1726 1073 nam
1742 1027 1820 1087 potc-

125 1096 265 1164 apostoii,
288 1097 319 1148 in
346 1105 401 1151 toto
430 1100 495 1152 orbe
523 1101 590 1152 ab'
578 1102 648 1168 apsis
674 1102 810 1170 apostolis
829 1101 961 1154 ecclesius
987 1109 1047 1154 stas
1058 1102 1273 1170 jurisdictionis
1298 1122 1330 1158 ere
1354 1104 1543 1159 coramissione
1563 1106 1692 1172 epimopi
1706 1108 1819 1175 presby·

125 1186 191 1234 tunc
222 1185 380 1251 repentibus
403 1185 634 1253 jurisdictionem
672 1188 889 1240 ecclesiasticam
921 1189 961 1239 ad
987 1189 1055 1239 terris
1074 1191 1157 1242 etiam
1170 1208 1316 1244 conventre
1327 1199 1428 1258 potest.
1457 1191 1679 1260 Respondemus:
1692 1191 1819 1247 hocvero

125 1269 274 1338 eps'ecopos
292 1288 349 1325 esse
368 1271 500 1326 delitam.
533 1278 556 1326 3.
575 1272 758 1343 Nequaquam
782 1273 849 1326 dicit
864 1273 961 1327 Hiero·
987 1280 1028 1326 est
1060 1275 1169 1345 quidvis
1198 1293 1249 1346 pro
1281 1276 1393 1331 arbitrio
1423 1275 1534 1347 fingere.
1584 1277 1677 1331 Verba
1710 1278 1819 1332 illorum
1903 1350 1904 1355 ἵ

124 1373 235 1426 nymus,
261 1363 326 1411 tune
350 1373 410 1412 esse
431 1358 619 1413 introductum
648 1360 794 1415 discrimen
817 1360 959 1430 episeopo·
988 1367 1129 1414 suetorum
1158 1368 1222 1415 sunt
1254 1362 1321 1416 sutis
1347 1363 1501 1432 perspicua.
1540 1361 1610 1416 Sola
1638 1364 1818 1417 ordinatione

124 1460 186 1496 rum
213 1450 243 1499 et
267 1444 507 1515 presbyterorum,
536 1464 598 1498 cum
619 1455 742 1515 tempore
769 1448 959 1515 apostolorum
986 1454 1050 1499 suut
1066 1450 1239 1517 superiores,
1261 1458 1344 1519 atque
1364 1450 1414 1501 loc
1433 1456 1539 1501 teritum
1555 1449 1621 1515 plus
1640 1467 1723 1519 quam
1738 1466 1818 1517 pres-

125 1531 154 1582 in
175 1531 297 1585 ecclesia
317 1531 493 1586 Corinthiaes
520 1532 672 1599 diceretur,
696 1534 760 1600 Epo
783 1552 844 1586 sum
863 1533 959 1596 Pauli,
987 1535 1075 1600 hylari
1099 1535 1200 1589 labere
1225 1536 1362 1589 sidentur.
1403 1535 1564 1589 Ambrosius
1589 1535 1617 1588 iu
1644 1553 1668 1591 c.
1689 1543 1713 1591 4.
1731 1535 1817 1605 Ephe

124 1635 176 1685 epo
195 1619 304 1687 Apollo
324 1625 375 1673 ete.
394 1620 442 1672 sed
462 1626 611 1691 antequam
630 1619 733 1674 diaboli
751 1620 884 1674 instinctu
904 1627 959 1672 stu-
989 1622 1052 1673 Non
1068 1638 1123 1689 per
1144 1623 1238 1674 omnia
1264 1623 1430 1675 eorsveniunt
1454 1622 1560 1690 scripta
1591 1621 1715 1690 apostoli
1742 1624 1818 1676 ordi·

124 1703 169 1757 dia
188 1705 218 1758 in
238 1705 374 1775 religione
394 1704 492 1760 fierent
512 1712 540 1760 et
557 1708 587 1759 iu
602 1707 720 1775 populis
732 1706 877 1773 diceretur,
896 1709 959 1773 Epo
986 1707 1108 1774 nationi,
1129 1725 1200 1775 quae
1217 1726 1291 1761 nunc
1305 1708 1335 1760 in
1356 1709 1472 1761 ecclesia
1491 1716 1546 1776 est,
1569 1709 1637 1776 quia
1656 1709 1725 1761 laec
1746 1710 1817 1762 inter

121 1809 183 1843 111111
204 1792 305 1860 Pauli,
331 1791 360 1845 id
378 1799 420 1845 est
440 1798 589 1864 antequam
606 1792 635 1844 in
654 1791 777 1847 eeclesiis
797 1808 848 1862 per
865 1808 958 1850 omnes
987 1793 1050 1859 ipssa
1068 1794 1232 1861 primordia
1256 1803 1320 1846 cunt
1342 1796 1459 1864 scripta.
1495 1794 1571 1846 Nam
1595 1802 1621 1847 et
1647 1794 1816 1848 Timotheum

122 1885 222 1949 gentes
243 1886 271 1932 et
288 1878 405 1948 populos
417 1879 580 1949 propagatis
597 1878 665 1932 talia
681 1879 802 1948 partium
820 1879 912 1933 studia
931 1887 959 1933 et
981 1879 1173 1948 presbyterum
1199 1899 1217 1933 a
1240 1897 1269 1933 sc
1290 1889 1413 1934 creatrun
1440 1879 1601 1951 episcopum
1628 1887 1721 1950 cocat,
1748 1883 1815 1949 quia

122 1964 242 2020 dissidia
271 1972 462 2035 nascerentur,
495 1965 588 2036 qualia
619 1964 648 2017 in
674 1964 850 2019 Corinthiaea
872 1965 958 2019 eoele-
984 1966 1105 2033 primum
1122 1967 1248 2035 episcopi
1260 1966 1419 2035 presbyteri
1438 1965 1672 2035 appellabantur,
1696 1975 1726 2020 ut
1742 1986 1815 2022 rece-

120 2052 165 2105 111
191 2051 257 2105 olim
283 2056 362 2105 erant
392 2058 466 2107 nata.
515 2051 624 2105 Diserte
653 2051 725 2105 enim
758 2051 794 2104 ad
826 2051 957 2106 ecelesiae
986 2053 1068 2105 dente
1085 2069 1140 2104 uno
1157 2068 1273 2121 sequens
1294 2053 1321 2103 ei
1338 2054 1505 2105 succederet.
1535 2051 1719 2107 Bellarminus
1739 2071 1816 2126 rege·

121 2138 361 2202 consuetudinem,
379 2155 434 2193 non
447 2143 539 2192 sutem
551 2137 738 2209 apostolorum
750 2137 957 2208 dispositionem
984 2137 1034 2207 rit,
1063 2140 1113 2207 api
1142 2139 1184 2191 ibi
1214 2141 1352 2191 duntaaat
1379 2140 1414 2191 de
1440 2139 1550 2191 ratione
1577 2140 1760 2194 suecmsionis
1785 2143 1815 2194 iu

120 2231 236 2279 revocat
252 2223 328 2278 illam
348 2224 539 2293 episcoporum
559 2227 740 2296 προστασίαν.
767 2229 791 2278 4.
810 2224 853 2278 Ae
871 2224 957 2294 probe
984 2225 1123 2294 episcopis
1147 2233 1269 2293 mutata,
1295 2226 1344 2281 ssd
1369 2229 1512 2279 contextus
1537 2225 1670 2295 ostendit,
1697 2227 1732 2281 ds
1755 2228 1815 2298 ipso

120 2311 290 2377 notandum,
318 2312 392 2381 quod
411 2311 598 2379 Hieronymus
627 2328 659 2365 ex
686 2310 763 2382 epist
790 2310 826 2364 ad
854 2311 909 2364 Tit.
927 2317 956 2365 et
983 2311 1072 2380 gradu
1091 2318 1119 2366 et
1138 2312 1235 2366 ordine
1247 2312 1320 2366 inter
1332 2311 1491 2382 episcopum
1503 2316 1532 2365 ot
1549 2310 1726 2382 presbyteros
1738 2312 1814 2385 loqui
1868 2368 1875 2385 ,

120 2398 317 2468 Philippenses
334 2403 363 2450 et
381 2414 414 2449 ex
432 2396 555 2466 epistolis
573 2397 649 2450 Petri
673 2403 702 2451 et
718 2395 853 2452 iohannis
876 2413 956 2468 argu·
984 2397 1174 2460 Ambrosium,
1200 2398 1239 2451 sic
1258 2398 1329 2452 enim
1348 2396 1453 2452 habent
1472 2397 1680 2466 praecedentia:
1704 2401 1740 2452 In
1757 2401 1814 2468 epi-

120 2490 216 2538 mente
235 2483 392 2553 depromat,
412 2483 512 2552 quibus
532 2482 649 2552 probat,
668 2483 813 2552 episcopos
824 2483 894 2551 jure
911 2485 956 2540 di·
983 2502 1066 2552 scopo
1090 2501 1184 2538 omnes
1208 2484 1322 2538 ordines
1346 2492 1424 2552 sunt,
1455 2484 1524 2551 quia
1544 2485 1657 2554 primus
1683 2487 1815 2540 eucerdm

117 2571 185 2623 vino
203 2587 260 2623 non
280 2584 339 2622 esse
354 2569 525 2637 presbyteris
550 2569 681 2636 majores.
721 2567 785 2624 Jam
809 2586 874 2624 vero
892 2569 956 2624 illae
984 2579 1037 2638 est,
1066 2571 1117 2624 loc
1147 2579 1187 2624 est
1208 2570 1343 2640 princeps
1369 2571 1545 2623 sacerdotum
1574 2578 1600 2623 et
1623 2573 1764 2641 propheta
1789 2582 1814 2626 et

117 2655 255 2726 epistolae
275 2656 392 2724 scriptae
411 2658 476 2706 suut
494 2660 559 2723 post
569 2653 689 2723 priorem
709 2655 788 2724 epist.
806 2656 841 2710 ad
861 2655 955 2710 Coriu-
983 2659 1153 2725 ecanpelista
1171 2663 1223 2712 etc.
1242 2667 1334 2711 tamen
1345 2665 1492 2726 postquam
1503 2657 1629 2710 omnibus
1643 2657 1713 2711 locis
1730 2659 1814 2712 eccle·

119 2743 205 2806 tbios,
226 2744 254 2796 in
268 2759 322 2814 qus
334 2740 421 2796 verba
432 2740 494 2795 illa:
515 2742 578 2808 Epo
597 2758 657 2794 sum
670 2740 766 2808 Pauli,
785 2759 835 2811 epo
849 2744 955 2812 Apollo
982 2746 1042 2798 siue
1060 2745 1225 2798 constitutae
1244 2751 1309 2796 sunt
1320 2752 1346 2796 et
1364 2743 1463 2812 officia
1482 2744 1625 2811 ordinate,
1643 2745 1727 2797 aliter
1744 2763 1814 2799 corn·

120 2838 174 2885 ete.
201 2829 345 2884 habentur.
388 2828 463 2898 Ergo
487 2843 543 2881 non
567 2833 660 2897 potest
691 2826 725 2881 de
749 2827 810 2897 ipso
832 2829 955 2900 cogitari,
981 2832 1076 2900 posita
1093 2849 1139 2885 res
1159 2839 1205 2895 est,
1223 2847 1307 2899 quam
1325 2837 1463 2898 coeperat.
1492 2829 1620 2882 Primum
1636 2830 1814 2900 enimomnes

120 2916 199 2986 quod
217 2915 402 2985 apostolorum
422 2923 546 2984 tempore
564 2913 709 2970 discrimen
727 2913 796 2968 illud
814 2916 954 2986 episcopo·
984 2919 1118 2971 docebant
1143 2925 1169 2970 et
1191 2933 1284 2970 manes
1309 2915 1487 2982 baptizabant
1510 2918 1562 2970 etc.
1599 2916 1704 2969 Ateii
1720 2918 1814 2970 omnia

51 3023 105 3063 ,ss
120 3021 183 3056 rum
205 3011 232 3057 et
251 3002 474 3072 presbyterorum
493 3001 680 3056 introductum
697 3007 809 3056 11111111.
843 3001 954 3057 Beller-
983 3002 1298 3072 locuciroumpleaaest
1313 3001 1439 3069 ecclesia,
1455 3000 1644 3054 conventicula
1664 3003 1813 3056 constituta

119 3092 213 3144 minus
232 3089 260 3141 id
278 3105 363 3142 unum
384 3088 500 3159 regerit,
527 3090 728 3157 Hieronymum
745 3107 800 3142 non
811 3089 908 3155 fuisse
925 3091 955 3142 in
981 3098 1088 3143 11111111
1111 3097 1233 3144 rectores
1256 3096 1282 3142 et
1308 3095 1399 3142 cetera
1425 3087 1524 3151 officia
1549 3088 1580 3139 iu
1603 3087 1728 3141 ecclesiis
1750 3099 1814 3143 111111

118 3177 330 3230 1111111111111111
358 3184 462 3228 certum
483 3182 709 3242 recondentem,
734 3191 798 3228 cum
815 3175 955 3230 Jacobum
982 3177 1118 3230 ordinata
1144 3181 1195 3231 etc.
1239 3173 1414 3246 Augustinus
1444 3173 1524 3242 epist.
1555 3179 1594 3229 19.
1621 3173 1658 3228 ad
1685 3174 1811 3231 Hieron:

120 3283 140 3315 a
162 3262 270 3316 Clristi
284 3263 467 3315 adscensione
489 3262 651 3315 ordinatum
675 3263 833 3330 episcopum
852 3263 954 3318 Hiero·
983 3263 1113 3325 Quamvis
1134 3264 1206 3316 enim
1228 3263 1379 3315 secundum
1401 3261 1537 3315 bonorum
1560 3261 1711 3330 uocabula,
1741 3279 1813 3331 quae

119 3350 291 3416 solymorum
310 3348 339 3400 in
356 3346 417 3402 libr.
439 3347 473 3401 de
491 3347 559 3402 ecel.
581 3348 675 3417 script.
696 3354 813 3416 statuat,
842 3366 906 3403 eum
925 3351 953 3405 in
974 3352 1039 3419 jam
1056 3350 1190 3404 ecclesiae
1210 3367 1274 3401 usus
1292 3348 1421 3414 obtinuit,
1446 3347 1624 3414 episcopatus
1639 3350 1812 3416 presbyterio

119 3434 199 3505 epist.
220 3435 256 3487 ad
268 3433 369 3504 Evagr.
388 3435 545 3510 episcopum
559 3434 679 3500 Acraei,
697 3435 954 3504 presbyterosfiliis
981 3439 1072 3506 major
1088 3438 1132 3502 sit,
1150 3436 1181 3488 irs
1201 3436 1296 3488 1111111111
1314 3442 1407 3488 tamen
1424 3433 1506 3487 rebus
1524 3433 1697 3501 depectimus
1709 3435 1811 3488 Hiero·

122 3522 247 3574 aaronis
266 3528 415 3590 comparet,
435 3537 498 3573 cum
515 3520 545 3572 in
563 3520 640 3590 epist.
658 3520 693 3572 ad
706 3519 828 3574 Marcell.
848 3523 952 3590 episco-
980 3543 1061 3591 nyma
1080 3525 1172 3576 minor
1194 3531 1250 3589 est,·
1268 3522 1316 3575 ubi
1336 3520 1512 3591 episcopatus
1533 3519 1745 3575 dieiturnomen
1764 3520 1811 3575 ho·

117 3626 174 3677 pos
195 3608 332 3676 apostolis
352 3608 500 3658 succedere
518 3605 605 3668 dieat,
630 3604 750 3676 denique
773 3623 835 3659 cum
859 3606 905 3662 lib.
931 3614 953 3663 1.
980 3610 1066 3677 noris,
1097 3625 1151 3663 non
1174 3607 1333 3677 potestatis,
1364 3614 1392 3660 et
1416 3605 1549 3660 eeclesiae
1566 3605 1629 3660 usui
1653 3607 1714 3676 ejus
1732 3607 1812 3678 origo

119 3693 184 3749 adv.
202 3693 294 3748 Jovin.
315 3710 399 3744 unum
411 3709 443 3743 cu
456 3692 605 3744 duodecim
618 3691 651 3743 ob
663 3691 815 3744 schismata
826 3693 953 3746 tollenda
979 3695 1117 3751 tribuitur.
1149 3693 1334 3748 Bellarminus
1359 3691 1469 3763 regerit,
1489 3692 1582 3761 Illud,
1600 3693 1667 3761 jam
1686 3694 1813 3758 obtinuit,

118 3783 190 3850 epsr's
207 3787 334 3846 utcaput
352 3777 644 3846 etiumpraestitutum
662 3776 772 3831 scribat
809 3775 865 3831 Sed
884 3778 953 3834 haec
980 3801 1034 3837 non
1054 3781 1159 3851 opponi
1170 3781 1291 3850 tempori
1307 3782 1422 3848 antiquo
1440 3779 1658 3848 ipsisecclesiae
1675 3776 1812 3837 Obidia-

109 3867 210 3921 omnia
228 3864 403 3919 distinetione
424 3863 494 3917 inter
511 3862 627 3918 liberam
652 3862 784 3918 ecelesiae
807 3873 950 3919 consuetu·
979 3886 1041 3936 nce,
1058 3869 1109 3921 sed
1125 3869 1257 3937 tempori,
1280 3867 1358 3935 quod
1369 3866 1433 3934 suit
1451 3874 1515 3918 11111
1535 3872 1665 3921 exortun-
1676 3867 1813 3929 ’1111111111

116 3955 211 4008 dinem
238 3959 266 4007 et
293 3950 467 4005 Dominicam
498 3948 730 4020 dispensationem
754 3951 794 4004 ite
812 3953 951 4006 conciliari
981 3955 1170 4009 Christianae.
1205 3953 1294 4022 Atqui
1318 3952 1371 4006 hoo
1403 3951 1503 4006 dicitur
1532 3951 1634 4023 gratis,
1664 3944 1812 4009 cl'dirino

114 4045 246 4111 possunt,
276 4044 307 4092 ut
324 4036 488 4107 Hieronymi
506 4036 659 4091 sententiae
686 4053 742 4091 non
762 4037 952 4096 adversentur.
975 4043 1039 4111 jure
1068 4041 1259 4111 episcopatum
1291 4037 1465 4108 presbyterio
1495 4038 1588 4109 quoad
1613 4038 1813 4110 jurisdictionis

115 4127 195 4181 Haec
212 4128 248 4180 de
269 4123 407 4180 sententia
425 4122 602 4192 Hieronymi,
630 4140 713 4193 quam
738 4123 905 4178 Anshelmus
924 4133 952 4178 et
978 4131 1142 4197 potestatem
1181 4141 1241 4181 esse
1277 4125 1408 4194 majorem
1442 4123 1615 4193 Augustinus
1648 4124 1811 4196 judicasset

114 4213 246 4268 Sednlius
272 4213 301 4266 in
323 4229 347 4267 e.
377 4219 398 4266 1.
421 4210 475 4265 'rit
501 4209 598 4262 iisdem
621 4209 678 4264 fere
704 4210 796 4264 verbis
814 4218 1120 4284 repetensmunqusm
1138 4211 1264 4278 dixisset,
1291 4226 1323 4264 ex
1348 4228 1401 4264 usu
1427 4209 1560 4266 ecelesiae
1579 4210 1649 4266 illdd
1663 4213 1723 4281 jum
1741 4211 1810 4266 obti-

115 4299 330 4370 Chrysostomua
349 4297 378 4351 in
400 4303 422 4351 l.
440 4297 511 4351 Tim.
544 4301 573 4350 3:
593 4298 673 4349 Inter
692 4299 851 4368 episcopum
868 4306 951 4367 atque
977 4316 1049 4354 nere.
1090 4298 1211 4354 Noverat
1238 4297 1412 4367 Augustinus
1443 4296 1606 4369 Hieronymi
1636 4299 1809 4362 sententiam,

111 4389 306 4458 presbyterum
325 4387 438 4437 interest
454 4384 546 4448 ferme
564 4383 645 4447 111111,
664 4384 767 4452 quippe
791 4391 819 4437 et
832 4385 951 4452 presby-
977 4404 1060 4457 quam
1086 4385 1141 4438 illis
1165 4384 1233 4453 ipsis
1261 4383 1352 4438 verbis
1380 4384 1522 4454 expressit.
1565 4383 1644 4439 Beda
1665 4384 1694 4438 in
1719 4401 1742 4441 e.
1769 4380 1815 4440 111.ι

115 4476 184 4528 teris
204 4474 338 4527 ecelmiae
357 4490 426 4524 cura
442 4472 584 4540 permissa
602 4478 648 4538 est,
667 4478 692 4522 et
709 4487 781 4538 quae
799 4471 1058 4539 deepiscovLue:
1087 4472 1194 4525 Primis
1222 4471 1355 4524 ecclesiia
1381 4471 1564 4541 temporibus,
1592 4477 1624 4522 ut
1651 4472 1810 4540 apostoliea

112 4565 160 4631 pis
174 4562 254 4629 dicit,
270 4575 304 4612 ea
317 4560 400 4611 etiam
408 4559 580 4627 presbyteris
594 4566 760 4626 coupruunt,
772 4557 836 4611 sola
847 4559 950 4627 quippe
962 4526 965 4578 Ι
979 4561 1127 4628 Scriptura
1146 4558 1222 4609 testis
1240 4563 1295 4623 est,
1314 4557 1425 4626 utrique
1440 4558 1600 4626 presbyteri
1607 4597 1615 4624 ,
1635 4558 1746 4626 utrique
1765 4577 1810 4613 oo·

115 4648 297 4701 ordinatione
321 4646 483 4712 superiores
507 4644 556 4697 illi
577 4652 641 4696 aunt
667 4652 749 4711 atque
773 4645 824 4697 loc
844 4605 1113 4698 tamumlcatantur
1131 4644 1273 4714 episcopi,
1302 4661 1418 4711 quorum
1443 4662 1526 4696 uuum
1545 4643 1704 4711 sapientiae
1722 4653 1810 4697 1111111·

115 4735 182 4801 plus
209 4751 293 4802 11111111
311 4732 468 4799 presbytcri
497 4730 597 4783 labere
628 4731 766 4784 uidentur
806 4728 884 4783 Idem
918 4747 950 4784 ex
977 4731 1102 4799 ritatem,
1121 4730 1240 4783 alterum
1259 4729 1428 4782 industriam
1446 4746 1530 4783 cauae
1546 4731 1707 4799 pastoralis
1724 4731 1811 4798 aipei-

116 4820 313 4891 Chrysostomo
332 4824 461 4887 repetunt
479 4815 643 4884 Primasius,
669 4814 896 4887 Theophylactus
922 4822 950 4870 et
961 4845 964 4903 Ι
976 4819 1050 4881 ficut

117 4905 333 4962 Oeeumenius
326 4921 354 4957 m
378 4903 456 4956 illum
487 4903 586 4959 locum
632 4902 817 4958 Bellarminus
840 4903 964 4997 regenti
1012 4909 1069 4959 231
1099 4901 1237 4956 Addimus
1258 4902 1300 4954 his
1318 4899 1500 4955 testimonis'
1492 4917 1614 4970 ipsorum
1638 4901 1934 5002 1111111111·Ιᾶβιῑξιῐιι1

117 5012 149 5047 es
167 5011 198 5047 eo
221 4995 284 5060 ipso
304 4992 410 5060 collipi,
429 4993 506 5059 quod
517 4991 639 5059 maJores
653 4992 708 5043 sint
728 4991 856 5056 episcopi
871 5005 949 5056 pres·
961 4965 1036 5045 lrum
1061 5007 1084 5045 c.
1104 4988 1236 5059 Legimus
1262 4988 1323 5042 dist
1351 4992 1391 5043 93.
1419 4994 1469 5045 ete.
1511 4984 1582 5042 Olim
1600 4987 1664 5043 diet
1683 4995 1723 5045 95.
1741 4987 1806 5042 Hie·
1819 5005 1879 5047 11111.
1892 5007 1925 5048 rt

118 5082 227 5149 cytaris,
247 5098 307 5133 cum
325 5080 381 5143 illi,
403 5095 458 5130 non
475 5077 505 5130 lu'
524 5078 659 5130 ordinare
676 5085 804 5142 possunt.
827 5056 964 5145 Hesper-¹
961 5077 1084 5167 pronymi
1103 5074 1240 5130 1111111111
1256 5075 1428 5128 recitaturo.
1448 5073 1551 5130 (lieres.
1570 5075 1633 5130 dist.
1653 5081 1699 5132 21:
1720 5076 1808 5145 Apud
1819 5059 1935 5100 '‘³⁸¹‘'

118 5163 949 5232 11111111εεί1111111111111111111111111111111111111111111·
975 5161 1331 5230 uetercsiidemepiscopi
1355 5161 1554 5229 etpresbyteri
1578 5162 1709 5230 fuerunt,
1740 5163 1807 5230 quic

116 5255 221 5323 tudine,
238 5270 293 5307 non
313 5259 407 5306 autem
424 5267 457 5304 ex
472 5251 536 5320 jure
555 5248 647 5302 divino
669 5247 726 5302 sive
745 5248 917 5302 Dominica
909 5246 1166 5306 111-111111111111111
1183 5248 1330 5315 dipsitatis
1350 5253 1376 5298 et
1396 5264 1452 5298 non
1471 5248 1571 5300 aetatis
1589 5256 1638 5301 est
1661 5264 1685 5304 1,
1706 5248 1806 5304 Nullus

117 5342 259 5396 stitutione
278 5337 422 5394 deseendit
441 5352 473 5390 ac
493 5335 609 5406 proinde
627 5336 749 5388 noudum
761 5335 898 5405 probat,
885 5353 963 5433 Jure
976 5338 1038 5392 dist.
1053 5343 1100 5391 6⁰:
1121 5335 1225 5389 Sacros
1237 5334 1350 5386 ordines
1365 5332 1486 5386 dicimus
1502 5335 1806 5405 diaconatumetpree-

117 5428 209 5482 divino
234 5426 376 5496 episcopas
401 5421 572 5496 presbyteris
601 5435 661 5477 1111
687 5421 813 5491 majores
855 5424 899 5476 Ac
927 5422 963 5475 si
961 5396 1806 5494 1111111111,11111111111111111111111111111111αό111

116 5516 160 5570 rel
178 5516 297 5569 mansne
314 5517 451 5583 potestate
469 5509 571 5565 ordinis
597 5515 688 5563 essent
709 5509 864 5579 superiores
886 5509 948 5576 (boe
975 5514 1102 5571 ecclesia
1120 5528 1144 5565 e.
1162 5512 1242 5568 Eece
1262 5507 1326 5566 dist
1347 5514 1393 5564 95:
1416 5509 1482 5576 Ipsi
1502 5507 1674 5577 presbyteri,
1691 5517 1721 5564 ut
1740 5509 1807 5579 lepi·
