4020 6014
198 326 265 389 373
772 312 895 373 roms
913 309 1117 372 monemus
1134 310 1314 381 annuus
1407 376 1411 390 ¹

204 479 268 543 nat,
294 473 354 545 regi
377 489 442 528 sero
461 472 490 528 in
505 472 553 541 iis,
577 472 606 528 in
629 471 731 543 quibus
749 471 793 526 lex
812 468 918 539 deficit,
944 483 1036 540 neque
1058 467 1100 523 ad
1124 468 1227 524 bonum
1250 467 1391 539 publicum
1420 465 1643 537 promovendum.
1682 464 1761 537 Ergo
1778 464 1901 521 etiams

205 561 273 616 certi
293 560 444 632 quidquam
464 559 568 614 definit.
609 557 844 629 Distinguendum
864 557 949 612 etiam
966 555 1038 610 iuter
1062 555 1206 612 voluntate
1226 555 1320 610 divina
1340 553 1498 620 descendit,
1522 552 1598 609 unde
1618 552 1768 626 issinupa
1790 559 1822 607 et
1838 550 1901 606 ides

204 648 276 716 lepis
301 647 514 717 explicationem
539 653 565 700 et
597 646 880 700 accommodationem
910 660 943 698 co
969 660 1038 712 pru·
1064 642 1175 698 divinae
1201 641 1352 698 normantia
1377 646 1500 696 vocatur.
1545 644 1571 697 5.
1599 642 1646 695 Eo
1673 640 1834 694 neturus
1860 639 1901 692 ad

207 734 318 788 dentiae
341 736 426 787 ductu
451 750 486 788 ac
505 733 622 795 monitu,
649 737 675 784 et
700 732 775 785 intes·
792 731 864 800 lepis
882 737 1038 799 necepses·
1064 729 1146 794 tium
1162 729 1333 783 reduou'ons.
1362 726 1408 781 Ad
1420 743 1504 798 quem
1515 726 1591 782 velut
1607 741 1744 781 summum
1755 730 1900 780 monam

207 820 315 875 sionem
342 836 375 874 ea
393 820 555 874 vitiosorum
575 821 723 889 affectuum
744 818 848 887 impetu
867 805 1037 886 profectam,
1065 812 1236 885 reipublicae
1260 813 1327 869 telix
1356 812 1521 884 gubernatio
1555 811 1726 876 reducenda,
1763 809 1802 866 ad
1835 826 1901 866 eum

176 942 179 951 ·
206 904 393 976 Magistratui·
407 905 528 960 dandum
556 911 598 960 est
625 902 770 975 imperium
797 902 828 957 iu
848 903 947 974 legem,
975 915 1039 972 pru·
1065 916 1176 973 quoque
1194 901 1285 956 media
1304 899 1379 955 illius
1403 898 1492 955 felicis
1511 897 1719 970 gubernationis
1737 896 1837 952 reduci
1855 895 1900 951 de

207 992 304 1048 denter
317 991 434 1062 explicet
446 996 474 1046 et
485 989 619 1061 applicet;
638 988 694 1061 legi
706 988 829 1044 dandum
840 994 883 1043 est
894 986 1039 1058 imperium
1064 987 1139 1044 bont.
1177 986 1266 1058 Atqrd
1293 987 1329 1042 sd
1358 986 1452 1041 Deum
1479 986 1556 1042 velut
1588 1001 1726 1040 summum
1757 990 1901 1040 auctorem

206 1077 235 1132 in
255 1078 454 1149 magistratum,
472 1092 508 1130 ne
527 1075 678 1133 affatuum
697 1076 803 1146 impetu
824 1073 958 1145 abreptus
975 1087 1038 1127 ean·
1063 1073 1130 1129 felix
1148 1073 1318 1143 reipublicae
1334 1071 1501 1145 gubernatio
1513 1071 1672 1128 reducenda
1683 1071 1756 1126 Dan.
1769 1076 1795 1138 2,
1815 1085 1843 1124 s.
1859 1074 1901 1125 21.

209 1163 272 1219 dem
289 1163 515 1235 transgrediatur.
1064 1159 1124 1230 ipae
1142 1159 1250 1213 stabilit
1267 1176 1353 1227 repes.
1384 1159 1464 1216 Pros.
1485 1164 1527 1227 20,
1544 1175 1569 1214 s.
1588 1163 1636 1214 ¹2:
1655 1159 1765 1211 Aurem
1782 1157 1903 1212 audias·

82 1255 157 1296 0⁸⁰⁸·
241 1256 300 1307 217.
336 1250 378 1304 Ex
402 1250 564 1303 necessitate
588 1253 617 1303 et
633 1248 755 1302 utilitate
775 1246 869 1319 legum
889 1245 1039 1301 earundem
1066 1253 1119 1299 tens
1147 1253 1173 1299 et
1198 1245 1308 1299 ondam
1330 1247 1469 1300 nasoon
1487 1245 1628 1300 Dominus
1651 1245 1722 1308 fecit
1740 1252 1901 1314 astrumqsss,

82 1306 184 1407 iiiiii?
208 1338 334 1408 dignitas
353 1335 537 1408 cognoscitur.
574 1334 603 1390 si
628 1334 700 1390 enim
726 1333 763 1388 ad
782 1332 950 1404 reipublicae
967 1331 1039 1386 salu·
1066 1330 1119 1386 hoc
1138 1336 1182 1387 est
1200 1336 1232 1386 nt
1249 1331 1426 1402 magistratus
1445 1331 1575 1387 decernat
1593 1329 1727 1385 mutaris
1746 1336 1777 1386 et
1793 1329 1902 1385 subditi

81 1410 156 1510 iffi,
207 1430 263 1479 tem
294 1423 510 1494 promovendam
545 1437 601 1475 uon
630 1422 718 1474 solum
750 1420 849 1485 utiles,
879 1419 927 1474 sed
956 1419 1039 1473 etiam
1064 1417 1119 1472 illis
1139 1418 1416 1489 prompteobediaut,
1429 1424 1576 1489 unumque
1591 1423 1635 1473 eat
1653 1416 1705 1472 Dei
1722 1415 1902 1473 beneficium.

80 1513 163 1562 pisso·
207 1508 379 1565 necessariae
414 1514 480 1562 sunt
509 1506 602 1578 leges,
634 1506 730 1579 utique
763 1507 847 1561 etism
876 1504 1039 1576 dignitatm
1065 1505 1140 1576 Ergo
1164 1505 1247 1560 etiam
1269 1506 1307 1560 ad
1326 1503 1418 1560 Deum
1439 1504 1514 1560 solut
1528 1520 1665 1560 summum
1684 1510 1828 1560 suentem
1845 1518 1903 1559 ms·

80 1574 194 1656 :finiam
207 1596 290 1669 louge
306 1595 454 1650 maximam
465 1608 512 1647 eas
525 1592 651 1648 obtinere
662 1608 776 1648 neeesse
787 1599 837 1660 est,
856 1608 938 1663 qnam
951 1602 1040 1645 osten-
1065 1590 1113 1647 dia
1131 1590 1219 1646 salicis
1237 1590 1458 1663 gubernationis,
1476 1592 1548 1647 inter
1566 1607 1638 1663 quas
1662 1591 1740 1663 leges
1758 1591 1902 1663 principa-

81 1667 139 1716 ’Μ’
208 1683 251 1738 dit
268 1682 384 1737 ulterius
396 1696 484 1734 conso
500 1678 649 1734 earundem
657 1677 790 1742 ‘efficiena
808 1678 845 1732 ad
863 1693 946 1749 quam
958 1693 1039 1748 porro
1065 1684 1125 1733 tum
1147 1676 1286 1747 obtinent,
1308 1678 1404 1732 reduci
1428 1678 1539 1733 omnino
1563 1678 1674 1734 debent.
1718 1677 1846 1733 Tertium
1870 1693 1904 1732 ea

210 1769 408 1824 descendimus.
429 1765 487 1821 ila
510 1781 577 1821 sero
600 1764 702 1836 duplex
725 1771 775 1821 est.
816 1764 994 1834 Principalis
1013 1770 1040 1817 el
1067 1781 1202 1819 consensu
1227 1766 1348 1820 omnium
1370 1765 1544 1834 populos-run
1571 1773 1597 1818 st
1619 1765 1750 1834 pontium.
1799 1763 1903 1821 Darna

208 1853 440 1919 testamentalia,
463 1853 601 1906 οιοάίοιο
615 1858 642 1905 et
660 1851 831 1906 immediato.
867 1851 959 1906 Causa
977 1852 1040 1919 effa
1067 1850 1178 1907 sthenes
1206 1857 1274 1908 orat.
1302 1857 1323 1908 t.
1353 1850 1382 1907 in
1405 1851 1528 1923 Arnwg.
1558 1851 1649 1922 legem
1680 1850 1793 1920 definit,
1825 1851 1903 1923 quod

209 1944 284 1996 ciens
309 1957 417 1994 summo
447 1944 476 1994 et
495 1938 671 2008 principalis
697 1942 741 1992 cst
763 1937 839 1992 Dens
865 1938 963 1990 annus
990 1936 1040 1990 alle
1067 1939 1103 1993 sit
1126 1937 1232 2012 εὕρημα
1251 1941 1299 1993 nal
1319 1938 1412 2012 δῶρον
1430 1939 1517 2008 θεῶν,
1545 1937 1640 2009 δόγμα
1655 1941 1755 2009 σοφοῖν
1775 1935 1901 2010 ἀνδροῖν,

209 2027 356 2097 lepislstos·
372 2025 433 2082 Jac.
447 2032 471 2094 t,
488 2042 514 2080 s.
533 2030 572 2081 12.
588 2041 607 2079 s
624 2040 680 2096 quo
690 2039 770 2079 omne
787 2023 824 2077 ad
836 2040 886 2079 nos
898 2022 1042 2078 descendit
1068 2024 1257 2100 ἐπανόρθωμα
1281 2025 1416 2079 incoctus
1445 2028 1491 2079 sol
1518 2023 1657 2080 ἀκουσίων
1684 2023 1902 2100 ἁμαρτημάτων,

194 2113 322 2183 bonum,
340 2113 479 2183 cumipse
499 2110 777 2166 unussitsummum
796 2109 908 2167 bonum.
938 2111 1040 2175 Quam·
1067 2111 1174 2174 πόλεως
1195 2109 1321 2181 συνθήκη
1348 2109 1438 2181 sossi,
1462 2109 1523 2165 καθ’
1535 2109 1584 2179 ’ἣν
1606 2116 1653 2179 ζῆν
1676 2110 1811 2184 προσήκει
1829 2114 1901 2166 πᾶσι

209 2201 251 2256 sis
265 2202 338 2257 enim
350 2193 420 2255 inter
432 2199 522 2271 legem
533 2198 675 2267 moralem,
686 2196 841 2253 naturalem
852 2199 881 2252 et
893 2196 1041 2267 positivam
1067 2205 1124 2261 sole
1142 2200 1172 2255 is
1188 2197 1277 2264 πόλει,
1296 2184 1436 2252 boantum
1454 2206 1481 2252 et
1495 2201 1599 2253 donum
1616 2200 1742 2263 deosum,
1761 2199 1903 2253 ἀοονοωοι

210 2287 263 2342 hoc
290 2285 455 2341 discriminis
480 2285 647 2355 intercedat,
671 2284 745 2356 quod
770 2283 834 2340 illae
857 2289 923 2338 sunt
944 2281 1041 2338 aDeo
1068 2286 1208 2341 lominum
1226 2285 1398 2356 sapientiem,
1416 2285 1582 2339 delictorum
1599 2285 1726 2339 consulo
1743 2285 1788 2340 oel
1807 2285 1902 2341 incon·

209 2367 377 2443 immediate,
394 2373 497 2444 quippe
517 2387 586 2444 quas
597 2372 626 2427 in
643 2372 733 2441 prima
746 2371 884 2426 creadone
899 2369 1041 2425 hominnm
1068 2373 1143 2427 nslto
1160 2372 1347 2426 admissorum
1361 2371 1505 2442 correcto,
1522 2371 1600 2425 uelis
1618 2387 1760 2426 commune
1776 2380 1901 2442 pactum,

96 2460 150 2504 m.
165 2459 198 2504 Π·
211 2460 340 2516 cordibus
357 2459 506 2530 insculpsit
524 2463 553 2513 et
571 2459 601 2513 in
616 2464 710 2513 monte
730 2456 808 2512 Sinai
825 2457 975 2513 solenniter
993 2474 1041 2528 po·
1067 2460 1149 2528 juata
1172 2461 1250 2528 qnod
1276 2475 1369 2513 omnes
1395 2458 1487 2512 sisere
1510 2459 1641 2514 seweni.
1686 2457 1903 2516 ”Mercurium

211 2545 427 2618 susceperitis,
445 2544 513 2601 haec
533 2559 598 2600 vero
615 2542 749 2610 mediate,
767 2543 870 2614 qnippe
890 2560 972 2615 quam
992 2560 1042 2614 per
1068 2545 1160 2616 legum
1179 2560 1292 2600 ausmm
1310 2549 1452 2599 auctorem
1470 2543 1573 2601 Mimas
1590 2545 1903 2619 persuasitAegyptiis3

209 2640 299 2690 certos
318 2636 474 2708 νομοθέτας
499 2632 528 2686 in
550 2630 694 2702 republica
711 2629 801 2685 saucit
818 2647 852 2685 ac
868 2630 1042 2702 promulgat3
1068 2631 1903 2702 Joobauctonitatccietensibusdiinoslepessuasconsnscn-

210 2726 304 2776 tamen
321 2720 404 2775 etiam
415 2718 594 2790 positisarum
608 2717 702 2789 legum
713 2715 848 2788 originem
860 2715 1043 2786 principalem
1069 2718 1156 2788 daci,
1176 2735 1256 2772 suam
1273 2734 1303 2771 se
1320 2719 1355 2771 ab
1373 2717 1509 2789 Apolline
1526 2719 1731 2789 legislationem
1747 2722 1903 2791 Lenaeus,

210 2813 239 2862 et
262 2805 419 2877 primariam
445 2803 482 2858 ad
507 2804 596 2859 Deum
619 2808 760 2858 auctorem
783 2801 957 2858 referendam
983 2817 1043 2858 esse
1069 2822 1088 2859 a
1114 2804 1197 2859 Vesta
1220 2805 1379 2872 Zancleia,
1402 2807 1498 2861 Numa
1528 2805 1564 2860 ab
1590 2807 1699 2878 Eparia
1728 2809 1852 2879 npmplsa
1873 2825 1903 2863 ss

211 2891 390 2964 sequentibus
410 2889 580 2962 argumentis
594 2892 711 2944 emetat
744 2887 869 2943 Primum
882 2888 993 2944 ducitur
1009 2904 1043 2944 ex
1069 2892 1209 2961 accepim
1222 2891 1357 2963 gloriatus
1370 2896 1419 2949 est.
1443 2891 1627 2948 Athenienses
1640 2891 1739 2948 Generi
1748 2895 1903 2964 Lspisnae

213 2978 381 3048 Scripturas
403 2978 495 3033 dictis.
534 2974 616 3031 Pros.
635 2980 666 3045 8,
688 2993 715 3032 s.
738 2981 775 3030 15.
793 2975 885 3047 iuquit
900 2974 1045 3046 Sapientia
1069 2995 1148 3032 suum
1171 2977 1220 3047 jus
1245 2987 1389 3048 acceptum
1410 2977 1615 3034 retulerunt‘*
1658 2978 1770 3036 Caelina
1798 2979 1902 3038 Rhodi-

212 3064 321 3143 disina:
339 3065 397 3117 Pes·
413 3081 455 3117 me
475 3054 555 3131 sepes
567 3067 686 3130 regnant
700 3063 879 3131 etprincipee
892 3065 1045 3117 doemunt
1069 3065 1151 3136 ginus
1165 3065 1184 3122 l.
1200 3070 1240 3124 to.
1253 3064 1338 3138 antiq.
1354 3065 1503 3121 lectionum
1514 3082 1539 3123 c.
1557 3072 1604 3124 19:
1625 3065 1698 3129 Quia
1709 3068 1754 3122 lec
1765 3085 1784 3122 a
1795 3085 1903 3124 summo

206 3151 351 3221 justitiam
374 3150 431 3205 eise
447 3150 532 3220 justa
569 3147 644 3214 Quid
664 3164 730 3204 sero
754 3148 831 3203 aliud
849 3154 891 3203 est
905 3148 1043 3219 justitiam
1071 3152 1141 3208 bono
1158 3159 1200 3206 eet
1229 3161 1255 3206 et
1278 3152 1309 3206 in
1336 3153 1411 3206 idern
1428 3152 1536 3222 nestum
1561 3152 1625 3206 lsinc
1642 3159 1747 3207 eeteros
1766 3153 1903 3225 lepnnsla·

212 3237 359 3293 decernere
376 3254 459 3310 quam
475 3239 565 3306 justas
577 3240 606 3290 et
622 3235 755 3291 salutares
769 3237 846 3308 leges
857 3235 949 3291 ferm?
979 3234 1043 3289 Huc
1069 3247 1145 3295 tores
1156 3257 1253 3294 earnm
1270 3239 1442 3295 inventiones
1462 3255 1519 3295 esse
1532 3240 1624 3295 divini
1632 3243 1756 3295 moneris
1768 3242 1904 3296 arbitrati

201 3324 353 3395 pertinent
369 3325 466 3379 omnia·
479 3323 638 3393 Scripturas
656 3323 744 3390 dicta,
768 3337 839 3394 quae
856 3323 1043 3377 obedientiam
1070 3326 1101 3380 in
1128 3327 1303 3381 diversorum
1327 3327 1469 3381 numinum
1491 3327 1546 3381 nim
1571 3328 1681 3394 referre
1703 3329 1803 3382 adorti
1828 3335 1902 3394 mni,

213 3425 281 3483 erga
302 3410 494 3481 magistratum
520 3426 537 3465 a
562 3408 682 3464 subditis
708 3408 860 3479 requirunt.
902 3407 981 3463 Rom.
1003 3415 1042 3478 tt,
1070 3413 1156 3467 edati
1173 3414 1328 3468 Zoroaster
1340 3413 1507 3481 Bactrianis
1523 3415 1675 3484 Persisque
1691 3415 1767 3483 lepos
1783 3417 1902 3469 tradens

212 3504 286 3555 voi.
316 3503 339 3553 1.
357 3495 432 3552 Petr.
460 3500 489 3565 2,
515 3513 541 3551 s.
563 3500 603 3551 1³.
629 3493 806 3566 Magistratui
833 3492 907 3549 enim
930 3493 1043 3549 obedire
1070 3499 1101 3552 in
1120 3499 1278 3570 Oromasin,
1301 3501 1498 3570 Trumepistus
1510 3500 1657 3570 Aegyptiis
1675 3501 1705 3554 in
1717 3500 1902 3571 Mercurium,

213 3590 255 3641 cst
274 3584 453 3653 magistratus
471 3581 581 3654 legibus
594 3586 621 3637 et
637 3581 755 3637 decretis
772 3580 900 3649 obedire3
917 3581 966 3652 qui
976 3579 1044 3651 legi-
1072 3585 1241 3641 maronam
1260 3585 1524 3655 cantapinmiens
1535 3587 1565 3641 in
1578 3588 1740 3650 satamon,
1758 3588 1859 3641 Draco
1876 3593 1904 3641 ee

212 3668 265 3724 bus
285 3685 381 3739 parere
397 3673 515 3737 recmat,
531 3667 585 3738 ipsi
603 3683 714 3739 quoque
731 3665 904 3738 magistrmi
922 3665 1043 3720 debitum
1073 3671 1162 3728 Solon
1177 3672 1392 3728 Atheniensibus
1409 3674 1440 3728 in
1457 3674 1625 3743 Mineruam,
1643 3673 1808 3729 Mabunsetli
1827 3673 1902 3729 Ara·

213 3754 398 3810 obedientiam
415 3754 539 3824 derogat
576 3753 704 3808 Alterum
722 3769 755 3807 ee
769 3753 942 3808 canonibus:
962 3757 986 3808 1.
998 3754 1045 3806 Eu
1071 3759 1151 3814 bibus
1175 3759 1206 3813 in
1227 3757 1402 3830 Gabrielem,
1427 3761 1572 3815 zamolaein
1596 3760 1706 3829 smaltis
1727 3760 1759 3814 in
1781 3761 1903 3826 Vestam,

214 3841 389 3911 lepislctors's
407 3841 605 3910 appellatione.
637 3838 692 3904 Qui
710 3845 753 3894 ost
769 3841 869 3894 animes
886 3840 1045 3910 lcpislator,
1072 3847 1159 3901 Plato
1175 3846 1334 3917 Mopnesis'e
1355 3855 1380 3902 et
1401 3847 1506 3902 Sicssls's
1524 3846 1554 3901 in
1572 3848 1672 3903 Jouem
1690 3855 1715 3901 el
1732 3847 1904 3918 Apollinari,

214 3943 337 3981 summus
353 3925 460 3980 scilicet
475 3931 504 3980 et
520 3925 689 3996 principalis,
709 3926 745 3981 ab
760 3942 793 3982 eo
811 3942 904 3981 omnes
923 3926 999 3997 leges
1017 3933 1046 3981 et
1073 3933 1170 3987 Minos
1186 3934 1374 4002 ctetensiirss,
1391 3941 1423 3987 ut
1435 3933 1576 4001 setanion
1591 3934 1676 3999 soma
1688 3941 1761 3988 tenet
1778 3950 1813 3987 ac
1829 3935 1904 3989 Por-

214 4013 255 4067 sic
281 4011 363 4067 etiam
389 4011 523 4081 positivae
554 4011 732 4067 descendunt
777 4012 854 4066 Deus
882 4016 924 4067 est
948 4011 1046 4066 unicus
1072 4019 1165 4073 riceii
1192 4019 1373 4074 monumentis
1410 4021 1549 4088 traditur,
1589 4018 1620 4073 in
1648 4020 1748 4074 Joeem
1777 4022 1903 4079 eandem,

206 4098 358 4171 'legislator
375 4097 437 4153 lac.
455 4102 487 4167 t,
513 4117 539 4156 v.
567 4104 605 4155 12.
641 4098 717 4169 Ergo
737 4097 774 4154 ab
792 4114 825 4154 eo
846 4113 939 4153 omnes
960 4096 1045 4169 leges,
1072 4105 1150 4160 Haec
1175 4102 1350 4177 Rhodiginus
1378 4122 1412 4163 ex
1440 4104 1596 4174 Herodoto,
1624 4104 1787 4175 Plutarcho,
1813 4106 1904 4179 Lisia,

216 4194 245 4242 et
263 4184 303 4239 sic
317 4183 401 4240 etiam
417 4183 553 4255 positivae
571 4184 749 4242 descendunt.
787 4187 815 4242 2.
832 4186 879 4238 Ec
896 4202 1046 4239 comarum
1072 4190 1184 4249 Valerio
1203 4191 1324 4247 Maximo
1350 4198 1378 4247 et
1401 4192 1471 4248 aliis,
1506 4193 1602 4248 Numa
1625 4192 1786 4262 pompati„
1804 4192 1906 4250 Rom.

216 4273 455 4329 nstadinations.
501 4270 555 4336 Qui
580 4276 863 4337 annuncians,
892 4277 935 4327 est
963 4272 1046 4328 etism
1073 4295 1169 4333 norum
1188 4294 1236 4334 rex
1252 4276 1288 4333 ab
1307 4277 1410 4351 Egeria
1426 4276 1551 4349 nympha
1567 4279 1644 4350 leges
1664 4292 1728 4334 snas
1747 4278 1778 4335 in
1795 4265 1906 4336 ionem
1917 4299 1966 4345 m.

216 4376 300 4414 causa
325 4359 446 4429 maesti,
473 4358 502 4413 in
528 4356 666 4413 essentiali
695 4358 802 4414 scilicet
829 4375 861 4414 ac
893 4359 1048 4415 uecesmria
1074 4363 1116 4419 nis
1128 4362 1322 4435 congressibus
1337 4382 1367 4420 se
1381 4364 1521 4434 accepisse
1532 4362 1664 4436 fingebat,
1684 4365 1905 4439 qnodalegum·

216 4462 362 4500 causarum
390 4445 624 4500 subordinatione.
673 4445 760 4518 Atqui
789 4445 866 4500 Deus
897 4452 940 4501 est
963 4463 1047 4501 eausa
1073 4450 1273 4506 latoribusillis
1290 4448 1395 4505 iactum
1411 4449 1587 4519 censendum,
1604 4456 1663 4505 tum
1681 4451 1746 4523 quia
1764 4452 1907 4509 obscurior

216 4547 331 4600 causae,
358 4532 429 4603 legis
456 4531 562 4603 scilicet
584 4530 695 4585 moralis
715 4537 744 4586 et
771 4531 916 4600 naturalis,
944 4532 1048 4604 qnippe
1074 4536 1210 4609 quaedam
1234 4535 1310 4591 fama
1334 4535 1368 4590 de
1396 4535 1490 4591 divina
1507 4535 1644 4592 Moesicae
1661 4538 1733 4610 legis
1748 4539 1906 4612 promulga-

217 4634 300 4690 quam
332 4617 507 4688 protoplastis
533 4616 660 4686 primitus
694 4617 846 4688 perfectam
872 4617 1048 4690 implantasit
1072 4623 1147 4679 tione
1165 4622 1201 4678 ad
1219 4621 1294 4694 ipsos
1312 4620 1384 4679 torte
1398 4630 1577 4694 pervenerat3
1593 4630 1654 4679 tum
1666 4633 1698 4680 ut
1711 4625 1906 4683 rectitudinem

216 4705 396 4775 eiusdemque
416 4705 545 4776 reliquias
568 4703 660 4759 adhuc
685 4705 824 4761 mediante
849 4705 995 4762 natisimte
1015 4722 1048 4761 ex
1073 4709 1144 4781 legis
1167 4725 1185 4763 a
1208 4708 1303 4763 divina
1327 4714 1418 4764 mente
1441 4726 1605 4780 promouere
1629 4710 1820 4782 ostenderent3
1847 4718 1906 4768 tum

217 4790 378 4861 parentibus
396 4791 494 4845 animis
510 4791 651 4844 hominum
669 4791 773 4847 inserit
807 4791 884 4863 Ergo
902 4799 944 4848 est
964 4792 1048 4849 etiam
1059 4816 1063 4905 q
1074 4794 1208 4866 denique,
1228 4798 1260 4850 ut
1276 4793 1408 4865 majorem
1425 4795 1535 4866 legIbus
1554 4798 1611 4852 suis
1630 4797 1823 4854 sustentatam
1840 4815 1906 4854 cou-

217 4888 301 4931 causa
319 4876 439 4944 causati,
461 4878 554 4948 legum
578 4877 682 4933 scilicet
708 4877 903 4947 positisarum,
927 4896 998 4951 quae
1015 4896 1048 4935 ex
1075 4881 1214 4951 ciliarent,
1243 4878 1341 4936 Patrit.
1369 4880 1386 4938 l.
1412 4886 1436 4938 1.
1461 4882 1495 4938 de
1517 4883 1623 4955 republ.
1648 4884 1691 4940 tit.
1718 4891 1744 4941 5.
1763 4890 1849 4957 atque
1866 4885 1907 4942 ita

217 4963 294 5018 fonte
309 4962 382 5034 juris
405 4963 515 5019 moralis
536 4980 568 5017 ac
591 4963 727 5018 naturalis
750 4964 917 5020 derivantur.
954 4967 982 5020 3.
1003 4967 1049 5020 Εο
1075 4964 1271 5021 consuescendi
1296 4964 1406 5039 legibus
1425 4969 1547 5023 taedium
1565 4975 1655 5026 motus
1670 4970 1812 5044 religionis
1832 4972 1907 5029 esin-

214 5050 362 5121 potcstatis
380 5051 561 5118 νομοθειικῆς
584 5051 766 5106 concessione.
803 5049 829 5105 A
853 5066 909 5122 quo
926 5058 1049 5121 potestas
1060 5070 1063 5141 q
1075 5057 1156 5106 caret
1174 5049 1329 5106 Tolosauus
1341 5052 1360 5107 l.
1380 5059 1404 5111 l.
1424 5053 1460 5110 de
1478 5055 1584 5125 republ.
1603 5073 1626 5112 c.
1640 5061 1679 5113 19.
1699 5076 1726 5113 n.
1747 5063 1786 5114 rt.
1817 5057 1908 5114 Addit

217 5135 386 5208 νομοθετικὴ
403 5135 577 5206 magistratui
595 5136 674 5207 data,
699 5136 736 5192 ab
753 5152 786 5193 eo
805 5137 888 5192 etiam
908 5135 984 5207 leges
1001 5154 1049 5208 po·
1061 5148 1064 5195 ζ
1075 5136 1214 5192 Manilius
1226 5135 1347 5209 Ficinus,
1358 5138 1435 5196 hisce
1446 5139 1604 5197 fabularum
1616 5142 1907 5216 mvoiusrismysteris

218 5221 316 5275 sitisse
347 5222 525 5277 descendunt.
572 5222 658 5294 Atqui
686 5228 809 5293 potestas
835 5220 1007 5292 νομοθετικὴ
1033 5200 1214 5296 siquaedam
1239 5211 1314 5296 tegi,
1340 5225 1411 5283 sicut
1434 5227 1464 5282 in
1481 5228 1584 5284 sitibus
1604 5229 1806 5301 pulcherrimae
1835 5245 1906 5286 urae

217 5306 279 5376 Deo
297 5307 472 5379 magistratui
485 5308 559 5375 data,
577 5315 609 5362 nt
626 5308 710 5378 paulo
728 5314 792 5379 post
810 5308 1049 5368 demonstrabitur.
1061 5283 1064 5399 ἰ
1075 5308 1214 5381 pampinis
1231 5315 1322 5368 tectae
1340 5313 1437 5383 latent,
1456 5321 1485 5369 et
1501 5314 1573 5369 aaut
1590 5315 1746 5371 Alcibiadis
1762 5316 1908 5391 imagines,

217 5390 294 5463 Ergo
316 5392 352 5447 ab
371 5409 403 5447 ec
426 5392 597 5448 descendunt
619 5393 703 5465 leges.
740 5398 763 5451 l.
780 5396 825 5451 Ee
844 5396 936 5466 lequns
953 5397 1051 5450 condi-
1062 5435 1064 5471 3
1076 5413 1145 5468 quas
1169 5395 1276 5455 Silenos
1294 5400 1426 5465 vocabat.
1451 5400 1562 5456 clausae
1585 5409 1767 5459 monstrosam
1785 5404 1908 5475 speciem

219 5477 302 5533 none.
333 5476 469 5533 Voluntas
494 5477 588 5533 divina
608 5485 650 5534 est
668 5495 751 5534 esum
768 5486 797 5536 et
813 5497 942 5537 mensnra
962 5480 1050 5536 omnis
1062 5513 1064 5529 .
1075 5498 1143 5555 prae
1160 5499 1189 5540 se
1211 5482 1346 5556 ferebant,
1366 5490 1479 5559 apertae
1491 5500 1556 5542 vero
1568 5486 1692 5543 divim
1703 5504 1806 5546 numen
1817 5497 1909 5547 osmu-

219 5563 293 5621 boni.
323 5563 382 5621 Lex
395 5563 514 5637 positiva
525 5571 567 5622 est
577 5563 681 5623 bonnm
694 5564 846 5640 quoddam,
863 5567 932 5644 quia
940 5573 1051 5642 spectat
1061 5539 1064 5585 ¹
1075 5568 1187 5628 debant
1207 5569 1355 5644 '‘ilystnia
1371 5568 1422 5628 un
1436 5569 1478 5628 stc
1493 5571 1614 5647 explica
1637 5572 1788 5633 Picooiom.
1815 5574 1908 5653 gradu
