4020 6014
649 324 701 378 DE
718 319 970 403 maelsTRATU
989 321 1176 378 POLITICO.
1694 334 1752 391 271

56 476 181 531 cuerint.
218 476 356 532 Dicuntur
374 485 467 534 autem
486 480 664 550 magistratus
684 478 734 532 filii
751 477 820 545 Dei,
840 493 894 530 non
922 474 1092 548 Hieronymo
1126 478 1144 530 l.
1172 484 1193 533 9.
1226 478 1255 532 in
1285 478 1386 534 Erech.
1413 481 1488 549 quod
1518 479 1601 535 etiam
1629 489 1757 536 conatus

57 562 141 631 quod
164 570 265 618 natura
290 565 346 618 sint
369 566 453 630 tales,
479 582 534 638 quo
561 581 644 621 sensu
667 566 742 621 solus
771 562 896 617 Christus
922 568 1014 631 potest
1041 578 1074 617 ex
1098 580 1159 634 cap.
1186 569 1225 619 21.
1250 572 1277 619 et
1304 570 1344 620 16.
1370 563 1449 633 (len)
1473 581 1573 620 nomen
1601 567 1697 635 putris
1724 582 1756 620 ac

57 645 138 701 filius
163 649 217 703 Dei
240 650 416 722 umgenitus,
438 652 566 723 proprius
592 670 624 708 ac
642 651 777 707 naturalis
796 648 897 704 dicitur
921 649 997 716 repis
1014 649 1198 721 pulcherrime
1217 653 1430 722 conjunguntur,
1451 652 1516 709 lud.
1536 659 1561 716 5,
1585 669 1612 709 v.
1637 660 1660 707 1.
1698 652 1753 706 De·
1777 665 1780 671 ’

58 731 130 789 Joh.
152 741 173 797 1,
192 753 218 790 v.
243 742 280 791 14.
312 753 335 791 c.
357 745 380 797 5.
398 757 425 793 v.
448 744 486 794 ta.
509 739 587 796 Rom.
606 744 631 802 8,
649 757 673 791 v.
694 743 735 793 32.
753 753 804 791 nec
822 733 896 807 quod
923 733 998 804 bora,
1017 752 1089 806 quae
1102 736 1250 806 judicabat
1267 736 1406 809 populum
1423 739 1621 808 Israiiliticum,
1639 747 1754 795 vocatur

59 819 120 873 sint
146 819 196 873 lilii
222 821 274 876 Dei
304 824 442 893 adoptivi,
471 843 526 896 quo
548 842 631 880 sensu
649 840 713 879 vere
733 823 772 895 pii
792 829 819 878 et
838 838 896 877 cre·
922 817 983 886 ΕΒ,
1002 828 1091 874 mater
1109 823 1139 874 in
1158 823 1252 877 Israel
1270 841 1302 878 ec
1325 832 1343 878 1.
1362 823 1434 880 Sam.
1460 831 1506 884 24,
1535 844 1560 880 v.
1592 832 1629 880 12.
1664 824 1756 879 David

60 905 161 962 dentes
181 909 251 963 tales
273 910 402 966 dicuntur
421 912 485 967 Joh.
507 920 580 979 t,v.
603 918 641 968 12.
660 911 740 966 Rom.
758 915 789 979 8,
809 928 836 964 v.
857 914 896 964 16.
922 904 963 959 ita
985 907 1136 978 alloquitur
1162 909 1284 964 Saulem:
1316 911 1402 965 Pater
1426 911 1466 962 mi
1488 927 1546 966 m·
1578 917 1599 966 l·
1621 912 1756 975 Sam-1²,

64 998 87 1046 1.
106 992 170 1049 Joh.
191 998 222 1062 3,
248 1013 273 1049 v.
303 1003 327 1050 2.
346 1003 397 1051 etc.
413 999 461 1052 sed
474 1004 587 1070 propter
600 996 783 1061 eminentiam,
802 1004 895 1049 aucto·
908 1008 946 1075 jv.
964 998 1009 1048 15:
1029 994 1102 1046 Erat
1115 1013 1214 1048 monus
1228 996 1346 1049 Domini
1355 997 1384 1049 in
1398 996 1475 1049 vobis
1488 1005 1514 1048 11
1526 998 1556 1049 in
1570 997 1713 1068 patribus,
1727 998 1757 1051 id

59 1079 174 1132 ritatem
192 1095 224 1132 ac
242 1088 422 1153 potestatem,
445 1100 529 1154 quum
549 1100 615 1154 prae
633 1082 790 1153 promiscua
808 1079 895 1134 homi·
921 1083 963 1132 est
976 1079 1147 1150 principibus
1165 1081 1210 1136 vel
1221 1082 1395 1154 magnatibus
1415 1083 1521 1154 vestris,
1541 1082 1624 1138 LXX
1641 1086 1755 1154 interpr.

60 1181 130 1217 num
151 1165 329 1222 multitudine
349 1169 483 1223 obtinent
520 1168 640 1232 Quidam
663 1168 785 1235 addunt,
809 1165 895 1236 magi·
922 1168 967 1217 sest
984 1166 1030 1218 lul
1048 1163 1097 1220 τὸν
1105 1172 1221 1236 βασιλέα
1232 1166 1317 1241 ἡμῶν,
1337 1168 1371 1223 R.
1384 1169 1420 1224 D.
1432 1172 1461 1223 in
1469 1187 1536 1239 repe
1546 1180 1571 1224 et
1581 1173 1757 1241 magnatibus

60 1257 180 1303 atratum
202 1251 230 1304 id
251 1254 369 1306 nominis
390 1255 480 1309 sortiri
501 1272 535 1309 ex
553 1272 601 1322 eo,
625 1254 700 1326 quod
719 1254 756 1308 sit
774 1251 835 1308 Deo
851 1267 895 1306 ca·
908 1253 1029 1314 ,cestrie
1064 1253 1128 1309 Job.
1148 1260 1189 1318 29,
1207 1273 1232 1309 v.
1255 1262 1295 1313 11.
1314 1255 1381 1311 dicit
1393 1256 1491 1321 lobna,
1514 1274 1596 1329 quem
1608 1258 1684 1326 regio
1697 1276 1756 1311 mu-

60 1353 111 1389 rus
130 1345 159 1391 et
175 1343 320 1408 acceptus,
351 1346 383 1394 ut
398 1357 460 1395 eum
478 1340 597 1396 tiliorum
620 1341 683 1398 loco
702 1340 818 1408 habeat,
845 1320 987 1403 sedlnere
1004 1336 1089 1394 fuisse
1107 1339 1233 1395 functum
1252 1342 1365 1411 plurimi
1384 1361 1438 1398 non
1457 1343 1516 1397 sine
1535 1330 1671 1413 probabili
1690 1359 1754 1398 con-

61 1422 130 1493 quia
146 1424 174 1477 in
192 1425 239 1478 illo
257 1427 364 1493 psalmo
378 1433 493 1498 propter
505 1429 622 1484 abusum
642 1427 787 1498 potestatis
804 1443 895 1497 repre·
907 1420 1030 1499 ljectura
1047 1435 1175 1481 censent:
1195 1429 1285 1481 Pater
1300 1446 1377 1481 eram
1392 1446 1558 1498 pauperum.
1583 1429 1649 1483 Ideo
1662 1437 1755 1484 autem

62 1509 238 1579 tenduntur,
262 1512 324 1566 ideo
348 1531 403 1568 non
427 1519 518 1583 potest
538 1514 665 1570 absolute
690 1519 719 1569 et
736 1511 1098 1591 simpliciterimagistratui
1115 1513 1203 1584 patris
1221 1514 1371 1584 appellatio
1391 1515 1535 1583 tribuitur,
1565 1515 1631 1585 quia
1651 1521 1682 1569 ut
1700 1514 1755 1568 Xe·

60 1595 135 1663 dici,
163 1599 237 1667 quod
260 1597 336 1653 Deus
354 1615 447 1654 omnes
469 1600 662 1671 magistratus.
686 1600 767 1656 etiam
797 1598 895 1668 impios
921 1597 1108 1666 nophonteum
1125 1598 1194 1653 illud
1213 1600 1304 1670 docet,
1330 1602 1414 1655 bonam
1427 1601 1562 1670 princeps
1586 1619 1643 1655 non
1661 1602 1756 1670 differt

59 1688 178 1753 paterno
196 1701 287 1739 amore
302 1691 334 1738 ut
352 1683 423 1740 filios
441 1703 505 1740 suos
523 1687 714 1757 amplectatur,
732 1685 781 1740 sed
802 1685 830 1737 in
849 1701 895 1755 ge·
908 1706 910 1737 ;
923 1700 941 1735 a
963 1684 1033 1737 bono
1050 1694 1144 1753 patre,
1165 1684 1248 1739 eills
1264 1687 1390 1758 diapson
1405 1684 1499 1759 ἅρχων
1520 1685 1627 1758 ἀγαθὸς
1644 1686 1756 1756 ἀγαθοῦ

61 1769 152 1823 nerali
172 1770 308 1824 duntaxat
325 1772 425 1826 amoris
443 1774 551 1842 paterni
576 1772 792 1844 significatione,
814 1760 1033 1881 juxtalnarpo‘c,
1051 1770 1099 1826 lib.
1119 1777 1141 1827 8.
1164 1773 1240 1826 naid.
1259 1772 1494 1843 Admonetigitur
1512 1773 1581 1827 haec
1600 1773 1752 1843 appellatio

61 1872 147 1925 quam
176 1873 269 1912 omnes
299 1857 424 1912 homines
453 1857 489 1913 ob
518 1856 654 1912 beneficia
681 1858 718 1911 ed
748 1855 1110 1927 articulumrmagistratus,
1130 1865 1161 1912 ut
1181 1864 1325 1928 paternam
1346 1859 1520 1914 dilectionem
1541 1858 1659 1914 subditis
1677 1876 1756 1929 prae-

63 1943 210 1997 creationis
231 1945 398 2013 pertinentia
417 1945 547 1999 dicuntur
565 1944 619 2000 Dei
636 1943 696 2013 filii,
713 1952 741 1999 et
758 1945 836 1998 Deus
855 1941 894 1997 di·
907 1918 911 1971 ¹
922 1948 1003 1997 stent.
1039 1942 1079 1999 Ut
1094 1948 1174 2014 pater
1188 1950 1271 2011 amat,
1289 1944 1373 2010 fovet,
1386 1945 1519 2012 defendit,
1530 1946 1617 1999 nutrit
1629 1961 1661 1999 ac
1676 1951 1756 1999 curat

62 2029 136 2082 citur
153 2029 274 2099 ipsorum
292 2034 385 2100 pater,
405 2029 522 2085 Malach.
544 2036 573 2093 1,
591 2048 615 2084 v.
638 2036 661 2085 1.
687 2030 726 2085 111
750 2047 816 2100 ergo
839 2046 894 2083 ma·
921 2026 1037 2095 liberos,
1064 2029 1104 2083 sic
1121 2030 1210 2086 bonus
1228 2031 1356 2102 princeps
1375 2049 1439 2086 suos
1457 2031 1591 2085 subditos.
1629 2029 1757 2086 Ostendit

61 2115 196 2185 gistratus
215 2115 373 2170 dicerentur
390 2116 443 2171 Dei
453 2116 512 2183 filii,
531 2116 597 2188 quia
608 2116 686 2170 Deus
697 2133 766 2187 prae
781 2114 894 2187 reliquis
907 2126 910 2167 Ι
923 2113 1006 2168 etiem
1020 2115 1088 2170 haec
1104 2116 1262 2187 appellatio,
1280 2117 1457 2188 magistratus
1468 2116 1599 2172 honorem
1612 2118 1641 2171 in
1657 2124 1755 2188 quarto

62 2201 144 2271 plura
169 2200 306 2256 beneficia
329 2203 483 2273 corporalia
511 2204 538 2256 in
567 2202 630 2257 illos
660 2202 787 2257 contulit.
831 2200 896 2254 Huc
924 2200 1049 2273 decalogi
1066 2210 1214 2274 praecepto
1232 2220 1250 2257 a
1267 2204 1386 2259 subditis
1406 2205 1509 2276 requiri
1526 2209 1579 2260 etc.

61 2287 197 2356 pertinet,
222 2288 295 2358 quod
315 2289 489 2360 magistratui
508 2288 642 2343 tribuitur
662 2304 764 2343 nomen
784 2288 894 2356 angelo-
960 2293 1017 2350 11,
1035 2295 1060 2343 4.
1081 2278 1206 2362 :remur
1228 2290 1429 2360 capitalium.
1448 2297 1471 2362 1,
1490 2308 1517 2344 v.
1537 2295 1572 2344 16.
1593 2294 1673 2354 111,
1693 2294 1882 2347 1111111111.

60 2391 139 2442 rum,
165 2375 212 2444 qui
237 2383 266 2429 et
289 2375 341 2445 ipsi
366 2374 499 2429 dicuntur
520 2374 571 2428 filii
594 2374 658 2441 Dei,
681 2375 746 2431 Job.
770 2381 798 2442 1,
824 2391 849 2427 v.
870 2380 893 2428 6.
921 2375 1019 2443 capita
1045 2375 1176 2431 tribuam.
1218 2375 1299 2432 Num
1330 2381 1374 2445 14,
1399 2394 1424 2430 v.
1454 2382 1485 2431 4:
1519 2377 1658 2429 Dabimus
1682 2363 1755 2425 urin

62 2477 83 2514 1.
105 2466 146 2519 38.
165 2478 191 2516 v.
212 2468 236 2515 1.
272 2461 510 2526 Quemadmodum
530 2460 603 2516 enim
628 2460 703 2515 beati
720 2460 761 2515 illi
781 2459 894 2531 spiritus
921 2469 1015 2528 caput,
1035 2458 1119 2514 LXX
1127 2460 1240 2531 interpr.
1251 2459 1381 2536 ἀρχηγόν,
1392 2464 1590 2517 constituamus
1598 2462 1757 2530 principem

63 2546 127 2600 idco
147 2547 277 2601 dicuntur
297 2547 404 2618 angeli,
425 2548 499 2617 quod
517 2546 595 2602 Deus
613 2548 736 2618 ipsorum
755 2546 894 2617 legatione
906 2520 909 2653 ἰ
921 2554 946 2599 11
956 2555 1124 2600 revertemur
1134 2551 1163 2600 in
1176 2551 1342 2617 Aepyptnm.
1368 2548 1435 2605 tud.
1452 2555 1492 2620 11,
1509 2566 1535 2604 v.
1552 2555 1581 2604 8:
1593 2549 1664 2601 Eris
1677 2549 1757 2601 nobis

62 2641 90 2687 et
118 2632 210 2688 officio
239 2634 266 2686 in
290 2633 466 2704 perficiendis
490 2634 620 2705 operibus
647 2632 704 2686 suis
728 2633 828 2699 utitur;
856 2631 895 2685 111
915 2617 1016 2707 Μὴ,
1044 2633 1073 2686 in
1092 2639 1185 2703 caput,
1212 2633 1295 2689 LXX
1319 2639 1357 2694 εἰς
1378 2631 1513 2705 ἄρχοντα,
1544 2634 1685 2704 inprimi
1704 2650 1757 2703 sm,

62 2720 243 2790 magistratus
256 2720 339 2774 etiam
353 2720 484 2774 dicuntur
501 2719 604 2791 angeli,
621 2718 687 2791 quie
706 2717 783 2772 Deus
802 2735 896 2774 eorum
920 2736 971 2788 pro
989 2734 1043 2790 quo
1061 2738 1086 2770 v.
1112 2726 1135 2773 6.
1161 2727 1188 2771 11
1205 2719 1261 2772 ersis
1285 2719 1364 2773 nobis
1382 2706 1489 2794 Τκῑὶξ,
1505 2721 1589 2793 Terg.
1609 2653 1702 2793 κῃξ
1727 2721 1757 2773 in

62 2821 147 2876 opera
165 2807 194 2859 in
221 2804 447 2860 administrandis
472 2806 568 2860 mundi
589 2804 723 2876 imperiis,
753 2804 783 2857 in
802 2803 1086 2899 defen-[principem.
1124 2805 1208 2860 Dent.
1232 2811 1254 2872 1,
1277 2823 1303 2860 v.
1320 2812 1364 2859 15:
1387 2807 1456 2860 Tuli
1472 2809 1508 2860 de
1519 2809 1644 2861 tribubus
1656 2808 1756 2861 uestris

63 2892 162 2947 dendis
182 2893 261 2946 bonis
281 2896 310 2947 et
326 2893 475 2963 puniendis
491 2892 572 2947 malis
590 2893 685 2946 utitur.
721 2890 804 2946 Adde
822 2891 895 2963 quod
923 2878 1048 2962 wilt]
1070 2891 1175 2960 capito,
1195 2899 1221 2944 et
1240 2891 1373 2944 constitui
1384 2908 1430 2945 111
1447 2893 1601 2962 principes,
1621 2895 1757 2961 tribanos,

64 2978 227 3049 splendore,
257 2980 422 3034 auctoritate
452 2996 485 3034 ac
509 2980 654 3049 majestate
677 2977 810 3032 coelestes
835 2977 897 3032 illos
924 2983 975 3032 etc.
1018 2977 1144 3047 Targum
1165 2959 1276 3050 livii,
1301 2976 1667 3048 Pill³¹1princsp0csnper
1700 2998 1757 3047 111,

64 3065 178 3136 angelos
198 3071 404 3134 repraesentent
423 3081 456 3119 11
476 3064 627 3135 sapientia,
655 3063 793 3128 bonitate,
816 3063 897 3134 justi-
923 3060 1005 3116 LXX
1026 3063 1140 3132 interpr.
1159 3059 1202 3133 lm'
1216 3060 1294 3134 ὑμῶν
1312 3060 1483 3136 ἡγουμένους
1501 3062 1588 3133 ὑμῶν,
1606 3083 1690 3133 saper
1709 3084 1758 3120 vos

62 3152 118 3206 tiae
138 3167 231 3205 amore
250 3150 313 3205 illos
331 3151 431 3205 imitari
450 3150 584 3217 debeant,
610 3155 634 3205 2.
654 3150 729 3205 Sam.
747 3157 778 3218 4,
803 3167 828 3201 v.
850 3154 895 3203 ll:
923 3151 1133 3202 ducesvestros.
1168 3146 1307 3202 Dicuntur
1324 3156 1416 3203 autem
1427 3149 1605 3221 magistratus
1618 3152 1712 3221 capita
1732 3160 1755 3208 1.

65 3239 108 3291 Sit
135 3256 208 3290 nunc
234 3238 346 3291 verbnm
374 3236 492 3290 Domini
516 3238 572 3290 mei
598 3237 674 3304 repis
699 3237 741 3289 ad
764 3236 896 3305 requiem,
921 3234 1251 3305 propterenllimitetem,
1273 3236 1757 3307 utenimcaputincorporehumano

63 3327 132 3393 piria
150 3326 221 3378 sicsic
242 3325 360 3392 angelus
377 3326 438 3377 Dei
456 3341 499 3387 es,
526 3324 567 3377 eie
587 3323 727 3376 Dominio
745 3339 821 3374 mens
839 3339 897 3388 reu,
922 3328 965 3376 est
982 3338 1118 3376 summum
1137 3328 1165 3375 et
1183 3321 1422 3376 honoratissimum
1440 3323 1606 3392 membrum,
1633 3323 1674 3377 sic
1697 3342 1752 3378 ma·
1859 3380 1862 3387 ,

63 3421 92 3463 nt
114 3412 215 3464 audiat
234 3411 334 3463 horsum
358 3419 383 3462 et
406 3410 521 3464 molum.
546 3427 570 3464 v.
590 3414 636 3463 lb:
663 3408 803 3462 Dominus
821 3425 897 3460 mens
923 3406 1058 3478 gistratus
1077 3405 1215 3478 dignitate
1233 3414 1262 3462 et
1278 3406 1449 3463 sublimitate
1466 3408 1579 3478 reliquis
1604 3409 1755 3482 antecellit,

63 3502 177 3568 sapiens
189 3499 340 3549 secumdum
351 3496 519 3565 sapientiam
533 3496 703 3562 angelilies'.
731 3494 897 3562 1811111,
923 3493 1065 3557 Β111,28,
1084 3512 1109 3549 v.
1131 3499 1178 3547 tr:
1204 3493 1293 3546 Dedit
1310 3501 1336 3546 te
1358 3494 1496 3549 Dominus
1507 3479 1598 3569 15θῆ5,
1621 3497 1757 3566 inrepat,

63 3603 88 3639 v.
109 3591 153 3638 27:
172 3585 311 3637 Dominus
328 3599 404 3634 mons
422 3598 478 3646 ren,
499 3583 570 3634 siem
587 3582 704 3648 aispelrm
724 3580 788 3633 Dei.
924 3588 949 3632 rt
969 3598 1023 3633 non
1043 3581 1072 3632 in
1092 3581 1230 3648 11111111,
1259 3578 1333 3650 quod
1359 3580 1443 3650 paulo
1467 3588 1531 3650 post
1556 3581 1596 3634 sic
1613 3583 1758 3652 exponitur

10 3693 50 3723 es.
102 3677 139 3725 12,
179 3675 203 3724 3.
223 3659 311 3740 111311,
328 3677 437 3736 potres.
474 3665 574 3723 Genea.
594 3672 641 3734 41,
666 3667 896 3722 111111111-
923 3668 1104 3720 arietantem
1124 3666 1254 3737 saperius
1280 3674 1306 3719 11
1325 3683 1380 3718 non
1400 3667 1458 3719 ersis
1485 3667 1621 3736 inferiue;
1653 3675 1676 3725 2.
1695 3687 1758 3740 pro·

63 3757 132 3826 seph
145 3757 319 3811 nuntiaretur
330 3754 501 3824 gubernator
512 3753 644 3824 Aegypti,
657 3753 705 3824 qui
719 3754 792 3824 regis
805 3751 897 3807 locum
923 3757 985 3823 pter
999 3760 1170 3821 potestatem.
1206 3751 1246 3808 Ut
1265 3759 1348 3822 caput
1362 3753 1479 3821 imperat
1497 3752 1610 3825 reliquis
1628 3756 1758 3811 membris

64 3844 187 3897 obtinere
206 3843 313 3908 debeat,
335 3856 436 3911 praeco
455 3845 519 3894 ante
534 3840 624 3910 ipsum
642 3839 772 3894 clamavit
788 3829 897 3896 adreci.
924 3844 1066 3893 eteorum
1093 3838 1217 3893 actiones
1242 3838 1352 3909 dirigit,
1378 3839 1417 3893 sie
1443 3839 1621 3911 magistratus
1648 3847 1759 3911 praeest

10 3947 52 3990 ns,
69 3929 152 3983 LXX
177 3930 289 3998 interpr.
308 3928 336 3981 in
355 3927 481 3981 versione
503 3926 572 3979 illud
596 3940 708 3995 prorsus
733 3926 898 3994 omiserunt,
924 3923 1056 3988 subditis;
1079 3930 1101 3979 3.
1123 3933 1236 3994 propter
1252 3925 1411 3978 utilitatem.
1447 3925 1488 3982 Ut
1505 3943 1538 3980 ex
1557 3927 1648 3997 capite
1667 3934 1757 3982 motus

63 4016 166 4071 Rabirii
184 4015 296 4086 quidam
316 4020 457 4084 exponunt
470 4011 619 4067 verbaliter
644 4018 672 4066 et
693 4013 824 4082 praeconi
848 4013 897 4066 tri·
924 4018 952 4066 et
970 4028 1066 4081 sensus
1085 4027 1135 4080 per
1153 4027 1259 4083 organa
1281 4011 1471 4066 convenientia
1498 4011 1526 4066 in
1551 4012 1676 4067 membra
1699 4030 1758 4068 cor·

65 4102 164 4170 buunt,
184 4101 252 4155 acsi
271 4106 344 4155 11111
360 4099 540 4170 imperativus
555 4098 584 4151 in
597 4098 693 4169 hiphil,
712 4099 788 4164 necte
806 4116 899 4168 pennu
923 4098 1000 4176 poris
1023 4095 1132 4166 influit,
1163 4095 1202 4150 sic
1226 4113 1243 4150 a
1269 4096 1433 4167 magistratu
1452 4098 1529 4153 varis
1546 4099 1657 4153 omnino
1676 4098 1758 4154 hene·

65 4207 114 4259 per
129 4187 302 4256 ἀντίσιοιχον
315 4191 335 4236 u
349 4201 401 4256 pro
419 4185 455 4246 t·.,
474 4183 564 4255 qualis
587 4185 754 4255 permutatio
779 4187 899 4240 occurrit
923 4183 988 4238 ficia
1018 4183 1054 4239 ad
1080 4181 1205 4238 subditos
1229 4189 1400 4253 promanant.
1437 4183 1563 4256 Cumque
1581 4184 1758 4255 magistratus

66 4275 148 4329 Num.
172 4281 196 4340 1,
213 4291 238 4326 v.
260 4280 300 4326 ott.
330 4272 394 4326 Esa.
413 4276 458 4339 63,
479 4289 504 4325 v.
524 4276 547 4325 3.
582 4270 706 4339 «11115,
732 4288 757 4324 v.
778 4277 800 4325 3.
839 4272 897 4326 Alii
924 4270 1072 4327 dixerimus
1097 4287 1157 4325 esse
1182 4269 1275 4339 capita
1292 4270 1569 4341 rerumpublicarum,
1586 4288 1642 4326 non
1662 4287 1758 4341 possu-

65 4361 239 4426 eristimant,
259 4375 319 4413 esse
339 4357 464 4412 futurum
484 4358 513 4410 in
531 4356 594 4420 kal,
614 4356 694 4427 quasi
713 4357 832 4427 quilibet
848 4357 897 4412 ob·
924 4375 998 4425 mus,
1028 4357 1095 4428 quin
1122 4356 1177 4410 huc
1196 4355 1347 4410 referamus
1371 4357 1463 4411 locum
1488 4356 1705 4427 pulcherrimum
1724 4373 1756 4412 ex

64 4448 125 4500 vius
138 4446 285 4500 clamasset
295 4446 410 4514 flectam
422 4460 521 4511 pennu,
532 4459 596 4497 cum
607 4442 723 4512 videret,
743 4442 897 4514 Josephum
923 4441 1080 4510 Plutarcho,
1100 4441 1128 4494 in
1147 4459 1202 4512 quo
1219 4441 1419 4513 rempublicam
1431 4453 1573 4513 comparet
1590 4444 1706 4513 corpori,
1727 4444 1756 4496 in

62 4534 91 4586 in
109 4541 217 4587 tantum
235 4531 345 4586 honoris
367 4528 512 4600 fastigium
532 4534 667 4584 evectum.
708 4530 833 4602 Utraque
851 4548 896 4585 ex·
922 4528 984 4583 libr.
1012 4527 1047 4582 de
1073 4526 1160 4581 doctr.
1187 4526 1275 4596 princ.
1298 4527 1334 4581 ad
1358 4526 1487 4598 Trajan:
1516 4528 1606 4597 Caput
1635 4529 1757 4582 omnium

62 4619 164 4689 positio
181 4616 295 4671 deducit
311 4617 364 4671 hoc
382 4614 498 4670 verbum
520 4615 609 4670 arad.
629 4614 708 4694 ‘iffi’
731 4616 805 4687 quod
825 4616 897 4671 inter
925 4612 1035 4685 (inquit)
1062 4620 1101 4665 est
1124 4611 1270 4684 princepe,
1295 4630 1384 4682 penes
1408 4632 1488 4685 quem
1511 4614 1625 4684 imperii
1648 4632 1757 4669 summa

61 4706 118 4760 alia
134 4702 275 4775 significat
291 4705 493 4773 genuflectere.
524 4700 655 4770 Onkelos,
668 4702 818 4773 Jonathan,
840 4702 898 4759 Bcn
923 4706 971 4754 111.
1009 4699 1099 4766 Oculi,
1125 4699 1224 4766 quibus
1242 4700 1382 4769 videmus,
1409 4708 1472 4753 erint
1490 4699 1547 4753 oiri
1567 4701 1633 4754 boni
1657 4703 1688 4754 in
1714 4718 1756 4755 re·

63 4792 145 4849 Uziel
174 4798 202 4845 et
233 4790 357 4862 Targum
389 4787 672 4860 Hierosolymitanum
703 4789 830 4844 dividunt
868 4790 897 4843 in
919 4785 1050 4856 publicu,
1086 4802 1205 4855 quornm
1231 4789 1342 4840 ‹luctum
1374 4786 1516 4856 sequimur
1522 4806 1531 4849 ‚·
1560 4803 1653 4856 11111,
1684 4804 1757 4857 quae

63 4881 108 4951 ³⁸2
135 4877 210 4947 quod
233 4885 354 4945 partem,
383 4882 411 4929 et
436 4876 483 4952 '²i7
514 4876 587 4946 quod
608 4860 715 4950 113,ξὲ
733 4893 828 4946 regem
840 4874 898 4932 sive
923 4873 1056 4935 audiunt,
1083 4873 1389 4942 querulosissimum
1409 4872 1529 4939 subditi,
1549 4874 1757 4944 quiimperato

61 4980 179 5035 reguum
197 4962 354 5033 significare
372 4964 482 5031 volunt,
509 4963 584 5033 quod
602 4979 635 5017 ex
655 4969 735 5033 parte
753 4963 837 5017 etiam
857 4981 898 5018 se·
921 4959 1051 5026 1111111,
1072 4957 1179 5026 lingna,
1193 4976 1248 5028 qua
1261 4958 1410 5025 loquimur,
1428 4966 1491 5011 nint
1504 4960 1663 5015 eruditione
1671 4976 1756 5031 prae·

63 5058 145 5103 cutus
175 5050 286 5103 videtin
319 5048 459 5103 Lutherus
494 5048 524 5102 in
562 5049 686 5103 versione
721 5047 896 5113 Germanica,
922 5052 1028 5098 stantes
1047 5044 1110 5113 siri,
1130 5061 1163 5097 11
1181 5043 1278 5114 quidm
1296 5045 1370 5111 tepea
1383 5051 1409 5098 11
1424 5045 1592 5116 disciplinae
1609 5048 1756 5111 sedimen·

62 5136 251 5205 Hieronymus
283 5134 311 5188 in
343 5135 438 5188 tradit.
485 5134 632 5189 Hebraicis
659 5150 742 5204 super
773 5134 896 5190 Genesin
924 5131 1025 5200 capilli
1044 5131 1189 5200 decapite
1211 5130 1334 5200 penduli
1355 5138 1419 5184 sunt
1444 5132 1552 5201 injuria
1576 5135 1687 5204 affecti,
1708 5131 1758 5202 qui

64 5230 129 5277 tom.
149 5227 173 5275 3.
192 5239 218 5291 p.
232 5227 290 5275 3911.
305 5222 445 5291 componit
458 5238 491 5277 ex
510 5224 553 5298 hit
573 5228 667 5293 puter,
683 5229 712 5275 et
730 5221 777 5291 37.
795 5221 897 5289 mollis,
923 5236 1002 5288 opem
1019 5218 1093 5286 repis
1111 5218 1283 5289 implerunt,·
1300 5235 1399 5271 monas
1419 5227 1444 5271 et
1464 5219 1582 5273 1111111
1601 5227 1665 5273 sunt
1681 5219 1756 5288 equi·
1786 5268 1789 5277 ‚
1848 5270 1859 5279 ,,

63 5316 94 5361 ut
114 5307 215 5362 abrech
235 5307 272 5360 sit
289 5314 368 5360 tener
391 5323 425 5362 ac
450 5308 526 5362 mitis
549 5311 635 5378 pater.
670 5304 742 5361 Gen.
760 5312 807 5370 45,
829 5322 854 5362 v.
873 5312 897 5363 8.
923 5314 964 5358 tes
988 5312 1013 5357 et
1037 5304 1159 5372 nobiles,
1188 5305 1238 5372 qni
1260 5304 1362 5359 hostem
1383 5305 1555 5377 reprimunt5
1578 5306 1682 5373 pedes,
1709 5304 1758 5374 qui

64 5395 131 5448 dicit
147 5393 206 5462 ipse
224 5389 381 5458 Josephus:
405 5397 547 5448 Dominus
565 5410 608 5446 me
628 5393 769 5446 1111111111
783 5402 897 5464 patrem
924 5392 1019 5445 omniu
1036 5391 1180 5458 meinent,
1199 5399 1262 5443 eunt
1280 5392 1433 5461 agricolae,
1454 5391 1503 5461 qui
1513 5393 1614 5445 victum
1630 5391 1756 5445 omnibus

62 5479 237 5545 Pharaonis,
271 5472 337 5525 inde
378 5477 408 5532 in
437 5496 504 5534 voce
539 5477 703 5534 Abimelech
730 5480 813 5548 (quae
843 5478 898 5534 fuit
924 5476 1070 5532 ordinibus
1086 5475 1315 5549 subministrum
1340 5496 1406 5532 ossa
1427 5480 1511 5546 dura,
1527 5497 1598 5549 quoe
1611 5452 1887 5549 fragilemxtlatat.

61 5563 211 5619 communis
260 5552 392 5613 omnibu.
443 5564 558 5635 regibus
601 5562 773 5651 Philistinis,
826 5569 897 5620 teste
922 5580 1037 5617 curnem
1052 5562 1192 5632 suidam,
1208 5572 1274 5617 sunt
1289 5564 1348 5619 siri
1363 5565 1518 5635 sopientes,
1545 5565 1596 5635 qni
1612 5564 1754 5629 11111111-
