4020 6014
632 239 685 295 DE
703 238 926 298 hlINISTllRIO
944 239 1247 301 nccmslss'rtco.
1740 253 1779 311 95

81 394 204 463 denunt,
230 411 303 466 quae
321 398 415 449 ιιιιιιιι
434 393 583 465 scripturis
601 396 685 452 saeris
712 395 829 453 adversa
847 400 920 461 sunt,
949 396 1100 464 conferret,
1127 399 1239 470 publice
1264 405 1382 456 uranu
1409 408 1465 470 est,
1494 402 1662 472 repastina
1678 400 1783 455 nemim

81 492 114 538 ιιι
142 500 159 537 a
186 482 289 537 nostris
315 481 427 537 abunde
453 482 679 540 demonstratum.
725 483 921 556 alligantur
947 487 1071 552 aradum
1090 501 1148 539 essa
1166 488 1343 557 collaturum,
1361 505 1394 542 eo
1407 490 1485 557 asoa
1497 491 1689 558 promouendo
1708 488 1782 542 alios
1833 556 1835 561 Α

82 577 112 626 et
138 569 304 625 ordinantur
327 584 384 622 non
409 569 445 623 ad
470 568 606 623 sinceram
628 570 705 625 serbi
733 571 819 625 divini
844 588 921 642 prae·
948 571 978 623 in
999 573 1129 625 doctores
1145 574 1234 626 sciens
1259 592 1293 626 ac
1306 577 1436 643 prudens
1459 576 1552 640 faciat
1575 575 1782 629 contradictum

82 656 255 712 dicationem
282 662 311 711 et
341 662 575 712 sacramentorum
601 674 619 711 a
645 656 755 714 Christo
783 659 922 714 instituto·
949 656 1066 723 Christi,
1084 658 1183 714 Matth.
1201 665 1242 729 29,
1259 679 1285 717 v.
1305 665 1334 717 8:
1355 662 1451 715 Nolite
1469 661 1567 715 uocari
1584 661 1691 725 Rothi,
1709 678 1782 714 unus

81 763 146 800 rum
173 743 327 816 legitimam
351 742 631 808 administrationem,
661 745 710 800 sed
736 744 772 798 ad
791 745 922 816 dogmata
948 744 1020 796 enim
1036 752 1075 796 eat
1088 746 1220 812 magister
1233 756 1330 802 vester.
1358 746 1615 801 “liutherustom
1630 752 1655 804 3.
1668 746 1781 802 tenens.

80 831 214 904 papalia,
238 829 401 886 traditiones
437 846 471 884 ao
499 830 707 899 superstitiones
733 831 921 886 Romanenses
948 835 1017 897 part.
1048 835 1069 885 1.
1093 837 1190 885 contra
1214 831 1330 886 Coelest.
1358 831 1455 901 proph.
1481 832 1515 886 de
1539 832 1650 887 doctore
1669 832 1783 888 Andrea

81 916 299 990 propagandas,
328 916 365 970 ad
393 914 558 971 sacmficium
585 915 755 971 missaticum
782 918 922 973 celebran-
948 914 1118 971 Bodenstein
1126 916 1297 973 Carolstadio
1306 916 1532 988 Wite'nhergensi
1542 918 1782 989 archipresbytero

82 1006 153 1059 dum
186 1010 237 1060 eto.
276 1010 299 1058 1.
327 1002 361 1057 In
389 1002 564 1058 ordinatione
591 1002 758 1060 adhibentur
779 1022 868 1060 vanae
894 1011 922 1060 et
947 1002 1045 1070 refert,
1073 1006 1150 1072 quod
1171 1003 1268 1057 habitu
1292 1005 1468 1059 sacerdotati
1491 1006 1619 1074 deposito
1639 1014 1666 1058 et
1682 1005 1783 1059 rustici

82 1090 200 1146 inutiles
212 1105 382 1146 ceremoniae
394 1088 558 1158 chrismatis,
576 1105 697 1159 rasurae,
709 1107 808 1159 crucis
829 1108 921 1146 cereo·
948 1090 1048 1142 vestitu
1076 1098 1198 1143 assumo
1225 1091 1306 1159 liqna
1336 1092 1366 1143 in
1404 1091 1500 1143 urbem
1537 1091 1695 1159 educauit,
1732 1107 1782 1144 nec

81 1195 147 1232 rum
165 1183 218 1233 etc.
233 1176 335 1249 quibus
354 1174 522 1247 peculiarem
542 1174 664 1246 aliquam
681 1176 737 1231 vim
756 1176 890 1233 tribuunt.
949 1176 1072 1244 amptius
1089 1178 1195 1241 doctor,
1216 1178 1267 1230 sed
1282 1179 1345 1239 frat
1346 1194 1376 1230 cr
1390 1179 1523 1230 Andreas
1543 1177 1687 1230 etnicinus
1704 1178 1781 1232 satu

949 1261 1194 1318 convaluerat*
1231 1261 1382 1333 Cinglins
1375 1279 1403 1315 sn
1422 1279 1495 1332 resp.
1514 1263 1550 1316 ad
1568 1263 1648 1333 epist.
1670 1263 1782 1334 Bugen-

406 1369 611 1376 --······-
949 1346 1012 1418 hag
1042 1347 1146 1415 scribit,
1176 1365 1205 1401 se
1231 1366 1293 1401 cum
1312 1349 1441 1415 fastidio
1470 1350 1560 1418 tepere
1584 1349 1652 1402 iilos
1677 1350 1781 1412 titulos,

950 1435 1048 1487 doctor
1074 1442 1101 1487 et
1123 1436 1273 1503 professor
1299 1436 1463 1503 theologiae.
1508 1435 1580 1490 aad.
1612 1435 1781 1490 Gualthsrus

364 1517 557 1580 ΒΕΟΤῙΟ
589 1517 650 1577 XI
949 1520 1017 1574 inc.
1039 1524 1079 1575 21.
1097 1519 1161 1577 Joh.
1180 1520 1199 1577 f.
1214 1527 1280 1577 sos:
1300 1523 1417 1586 Paulus,
1436 1521 1652 1591 quantificatus
1666 1522 1781 1574 electum

950 1625 1001 1675 erp
1002 1625 1087 1659 anum
1106 1607 1226 1674 diherst,
1245 1625 1354 1661 emaum
1371 1609 1442 1661 Jesu
1462 1608 1568 1662 Christi
1589 1624 1619 1661 ee
1637 1608 1782 1662 nominare

84 1677 157 1742 DE
211 1673 386 1741 GRADU
436 1673 802 1758 DOGTORATUS,
855 1674 922 1740 AN
948 1694 1025 1747 ιιιιι.
1051 1692 1158 1762 consa
1169 1712 1231 1747 ιιι
1248 1694 1587 1749 memoratissima
1605 1694 1782 1748 tasnatum

87 1779 174 1844 SIT
203 1775 431 1843 VOCATIO
461 1777 528 1842 AD
557 1776 921 1844 MINISTERIUM:
949 1798 983 1832 oo
1005 1780 1125 1844 fotium
1154 1781 1204 1849 qui
1226 1782 1323 1835 titulos
1346 1784 1510 1850 moysaicae
1531 1798 1617 1851 prece
1644 1781 1780 1849 aprutio

949 1866 1102 1930 redimunt,
1129 1875 1159 1919 ut
1178 1869 1258 1935 opud
1275 1870 1347 1920 rude
1370 1870 1469 1936 culpus
1492 1886 1552 1922 sese
1570 1868 1727 1936 venditent,
1753 1875 1780 1920 et

10 1959 25 1988 a
128 1952 184 2004 136.
212 1946 294 2002 Circa
322 1964 425 2002 annum
454 1947 556 2002 Christi
586 1953 659 2004 1135.
688 1965 750 2003 oum
775 1947 923 2002 notharius
949 1953 1038 2013 facile
1063 1953 1183 2017 uidetis,
1212 1972 1266 2022 quo
1291 1955 1393 2024 spiritu
1417 1957 1468 2008 isti
1492 1963 1622 2025 agantur.
1660 1954 1732 2009 Sunt
1752 1953 1782 2006 ta·

10 2054 66 2094 ιιιι.
86 2033 163 2089 Saxo
175 2034 327 2105 imperator
339 2034 482 2090 occasione
494 2042 639 2106 susceptae
656 2035 684 2089 in
705 2033 815 2088 ltaliam
827 2040 924 2089 contra
949 2040 1124 2092 Judacorum
1141 2039 1263 2106 similes,
1281 2058 1350 2108 quos
1369 2043 1494 2109 praviter
1513 2049 1627 2094 accusat
1646 2041 1782 2103 Cis-istus,

86 2121 241 2193 Rogerium
261 2120 370 2176 Siciliae
383 2139 476 2192 regem
489 2121 670 2192 expeditionis
688 2121 764 2191 leges
782 2121 921 2176 Romanas
950 2128 1025 2194 qiuari
1048 2126 1177 2194 maqistri
1202 2133 1228 2179 et
1254 2128 1383 2180 doctores
1406 2129 1465 2181 dici
1487 2128 1596 2182 vellent.
1638 2129 1783 2180 Excusant

83 2207 188 2262 ⁴Latino
214 2223 338 2261 sermone
367 2207 485 2277 scriptas
514 2208 663 2276 inveniret,
686 2207 868 2262 admiratione
894 2213 922 2261 et
951 2214 1061 2280 pridem
1087 2229 1146 2265 sese
1168 2213 1286 2281 prrbtica
1314 2222 1339 2267 et
1366 2231 1385 2265 a
1414 2214 1510 2266 miritis
1538 2214 1641 2267 scutis
1669 2219 1782 2281 recepto

86 2311 184 2350 amore
209 2311 305 2348 earum
324 2293 454 2348 inductus
472 2311 522 2365 per
544 2294 679 2349 lrnerium
701 2294 921 2364 jureconsultum
949 2299 1145 2351 consuetudine
1163 2307 1189 2352 ct
1206 2300 1264 2368 ipsi
1281 2300 1347 2358 inde
1366 2301 1520 2353 ministerio
1544 2301 1672 2368 aliquam
1689 2299 1781 2364 diani-

82 2379 284 2436 cancallarium
301 2397 381 2434 suum
399 2380 428 2433 in
446 2381 555 2435 scholas
569 2389 596 2435 et
611 2380 762 2434 tribunalia
780 2397 826 2435 eas
844 2396 921 2435 revo·
949 2395 1030 2440 tatem
1067 2387 1201 2439 accedere
1236 2387 1325 2453 ajunt.
1372 2388 1460 2456 Atqui
1491 2388 1572 2440 natta
1611 2386 1780 2438 consuetudo

83 2467 161 2521 cavit
190 2466 292 2536 jubens
326 2467 441 2533 scilicet,
472 2467 500 2520 in
529 2466 629 2520 scholis
661 2484 708 2521 ess
736 2468 866 2537 explicari
894 2473 921 2521 et
951 2473 1056 2529 Christi
1076 2480 1228 2540 praecepto
1241 2474 1448 2541 praejudicare
1467 2474 1561 2537 debet,
1586 2474 1636 2541 qui
1658 2471 1782 2540 nequid

84 2570 180 2609 coram
198 2552 413 2607 tribunalibus
399 2570 448 2621 Jus
469 2569 502 2607 ex
521 2552 575 2607 illis
595 2553 665 2616 dici,
692 2554 828 2608 referente
847 2553 920 2624 Chy·
948 2561 996 2627 iar
993 2560 1111 2613 transacti
1128 2561 1187 2622 fiat,
1204 2561 1329 2625 praviter
1346 2562 1450 2613 monica
1467 2565 1520 2615 ιιι.

85 2650 166 2696 traco
184 2639 214 2692 in
233 2638 391 2709 chronolog
418 2639 492 2694 verb.
516 2638 629 2694 Lothar.
651 2658 679 2709 p.
701 2642 759 2695 309.
779 2639 900 2693 Corasst
892 2658 921 2693 ιιι
985 2651 1040 2700 131
1066 2645 1124 2699 Nos
1147 2662 1212 2699 vero
1235 2645 1264 2698 in
1290 2647 1439 2700 academiis
1467 2645 1567 2700 nostris
1592 2644 1696 2715 gradus
1718 2643 1780 2698 111οι
1794 2650 1869 2690 caua
1830 2660 1883 2688 ιιιι

85 2729 105 2782 ι.
124 2733 149 2783 2.
172 2723 202 2800 ξ.
220 2724 268 2780 fin.
288 2723 314 2778 d.
334 2724 365 2780 0.
384 2723 407 2780 l.
428 2730 527 2795 atque
532 2732 564 2779 ut
581 2725 747 2796 professioni
765 2726 811 2780 isti
829 2726 920 2796 legum
949 2737 1105 2785 constanter
1131 2730 1280 2785 retinemus
1308 2737 1328 2785 1.
1354 2739 1466 2802 propter
1488 2733 1561 2783 ritas
1578 2731 1780 2798 antiquitatem,
1772 2762 1838 2799 ‚qur
1794 2707 1887 2791 pmii}

85 2813 199 2869 debitus
224 2812 312 2866 honor
333 2811 497 2879 adderetur,
525 2814 648 2879 pradum
675 2814 838 2866 doctoratus
856 2812 921 2876 (f0r·
949 2834 1032 2888 quam
1059 2834 1123 2870 cum
1151 2815 1335 2886 prohibitione
1363 2817 1464 2871 Christi
1500 2816 1597 2870 Matth
1624 2823 1671 2881 23,
1701 2834 1727 2869 v.
1755 2821 1780 2871 8.
1793 2804 1919 2894 ζξΐξξῗιὴ
1980 2796 1986 2811 ⁰

85 2918 160 2955 mam
184 2898 363 2969 promotionis
389 2898 487 2952 eodem
509 2898 617 2952 imario
648 2898 899 2969 praescribente)
893 2917 922 2951 ιιι
949 2921 1082 2974 pugnare,
1100 2903 1222 2957 nondum
1242 2919 1260 2956 a
1284 2902 1437 2957 Gualthero
1454 2902 1614 2972 persuaderi
1633 2901 1816 2973 ροιιίιιιιι
1793 2912 1836 2946 ιιι

85 2985 195 3041 scholas
221 2984 385 3048 introduxit,
411 2983 486 3038 uodo
502 2983 619 3048 fotium,
644 2991 677 3038 ut
694 2984 849 3053 Bononiae,
872 2983 921 3038 ubi
950 2990 980 3042 Si
998 2989 1071 3043 enim
1090 2988 1216 3043 absolute
1236 2993 1264 3043 ot
1282 2988 1443 3058 simpliciter
1468 2989 1592 3058 magistri
1610 3005 1643 3042 ac
1662 2986 1781 3042 doctoris

82 3076 132 3145 jus
150 3070 234 3127 civile
252 3070 363 3141 publice
389 3070 461 3124 tradi
488 3079 516 3125 ct
539 3070 669 3140 explicari
690 3071 839 3140 imperator
858 3088 922 3124 con·
950 3075 1164 3147 appellationem
1183 3075 1275 3130 verbis
1293 3075 1346 3129 illis
1360 3074 1486 3130 Christus
1504 3075 1589 3130 vellat
1607 3075 1782 3145 prohibitam,

87 3161 231 3226 stituerat,
268 3156 392 3226 ejusdem
426 3157 557 3211 mandato
586 3162 615 3211 et
646 3157 809 3211 auctoritate
840 3156 922 3227 primi
950 3179 1121 3232 consequens
1138 3162 1219 3230 foret,
1237 3178 1290 3216 neo
1316 3169 1426 3232 patrum
1446 3162 1659 3233 appellationem
1678 3163 1784 3233 genito-

86 3247 252 3315 interpretes
265 3244 451 3314 Latinijuris,
465 3245 611 3314 Balacrus
627 3246 739 3312 seilicet,
754 3245 922 3312 lincolinus,
951 3251 1025 3304 ribus
1043 3266 1061 3303 a
1078 3248 1142 3302 filiis
1162 3248 1264 3304 debere
1280 3249 1379 3314 tribui,
1405 3265 1468 3302 cum
1492 3249 1594 3303 ibidem
1617 3267 1642 3301 v.
1663 3255 1687 3303 9.
1705 3247 1783 3302 Chri·

86 3332 244 3394 Martinus,
263 3330 361 3383 Pilosa
379 3335 408 3384 ot
428 3329 483 3399 olii,
500 3330 528 3383 in
548 3331 672 3384 doctores
686 3331 758 3400 jurio
774 3329 923 3384 solenniter
951 3344 1009 3391 stus
1029 3336 1117 3390 dicat:
1137 3337 1251 3388 Patrem
1267 3336 1353 3388 notite
1367 3353 1467 3389 vocare
1479 3338 1555 3389 vobis
1567 3352 1650 3402 super
1669 3342 1783 3400 terram,

86 3425 155 3473 tunc
196 3416 300 3472 fuerint
337 3417 465 3486 promoti.
527 3417 554 3471 A
587 3417 784 3488 jureconsultis
820 3434 923 3471 morem
951 3442 1021 3476 ιιιιιιι
1040 3424 1112 3476 enim
1130 3430 1169 3474 est
1183 3429 1266 3489 pater
1283 3430 1385 3484 cester,
1413 3423 1513 3490 quiin
1539 3422 1701 3489 coelicam,
1731 3436 1784 3474 neo

87 3504 272 3561 creandorum
298 3501 441 3557 dootorum
469 3511 565 3573 posteo
596 3504 679 3557 otiam
706 3503 826 3574 theologi
858 3510 923 3557 sunt
951 3510 1021 3564 servi
1045 3509 1125 3562 heros
1151 3524 1214 3561 suos
1240 3507 1382 3576 appellare
1405 3508 1538 3561 deberent
1557 3506 1696 3574 dominos,
1720 3522 1783 3559 cum

87 3590 223 3658 mutuati,
250 3590 324 3643 unde
348 3605 366 3643 s
389 3589 609 3645 Bononiensibus
630 3591 667 3644 ad
684 3592 837 3644 Parienses
854 3591 922 3643 ritus
951 3597 985 3649 dc
1013 3593 1175 3649 Christianis
1202 3591 1360 3663 pronuntiet
1389 3600 1478 3662 apost.
1511 3600 1534 3647 1.
1558 3592 1619 3646 Cor.
1638 3599 1667 3655 9,
1697 3608 1723 3648 ν.
1749 3598 1780 3647 6:

86 3676 268 3750 promotionis
296 3676 324 3728 in
352 3675 492 3746 theologia
518 3676 666 3729 doctoralis
694 3676 843 3730 translatus
873 3685 923 3743 est,
951 3682 1039 3734 Notis
1061 3698 1133 3732 unus
1158 3686 1198 3730 ast
1226 3679 1355 3730 dossinus
1383 3677 1509 3731 Christus
1532 3677 1630 3745 Jascs,
1666 3695 1782 3748 quorum

88 3765 163 3835 apud
194 3779 263 3832 quos
293 3764 395 3815 Petrus
424 3763 603 3816 Lambardus
633 3761 736 3831 primus
769 3762 923 3832 theologiae
952 3777 1097 3836 utrumque
1124 3769 1167 3819 est
1192 3763 1344 3818 absurdum
1373 3771 1400 3818 et
1439 3763 1591 3818 manifestis
1622 3764 1782 3833 Scripturas

89 3853 187 3907 doctor
206 3855 314 3904 creatus
332 3848 440 3903 dicitur.
480 3847 686 3902 *scortentur
706 3849 781 3904 Petr.
805 3849 923 3919 Heigius
951 3852 1080 3922 exemplis
1100 3850 1274 3904 sommarium.
1312 3850 1384 3903 item
1402 3850 1425 3903 si
1438 3849 1565 3904 absolute
1580 3857 1608 3904 et
1621 3851 1783 3920 simpliciter

89 3947 160 4008 part.
184 3943 205 3991 l.
227 3953 253 4005 q.
275 3941 298 3990 7.
316 3953 391 3991 num.
411 3942 453 3992 49.
473 3943 514 3991 to.
542 3941 647 4006 quaest.
675 3940 698 3990 8.
726 3954 800 3990 num.
829 3943 871 3991 ιι.
896 3944 924 3990 ιι
951 3946 1022 3994 esset
1044 3936 1222 4007 prohibitum,
1245 3935 1383 3989 ministros
1409 3936 1541 3990 ecclesiae
1558 3937 1678 3992 doctoris
1701 3936 1783 3991 titulo

89 4029 161 4095 part.
184 4028 208 4078 2.
227 4039 254 4093 q.
278 4026 317 4077 lt.
336 4031 363 4075 n.
386 4028 426 4076 47.
448 4027 490 4077 48.
510 4027 552 4077 19.
592 4021 711 4074 Lansius
733 4020 761 4074 in
786 4029 854 4076 orat.
873 4040 923 4090 pro
952 4024 1084 4095 insigniri,
1103 4022 1193 4076 minus
1211 4027 1286 4076 recte
1311 4023 1422 4079 fecisset
1439 4024 1581 4078 iohannes
1605 4023 1784 4094 Evangelista

90 4110 184 4165 Germ.
204 4126 230 4178 p.
249 4108 328 4162 31.**
358 4107 450 4162 Hosoe
464 4105 635 4161 academicos
647 4108 750 4178 gradus
770 4126 824 4163 non
843 4108 924 4162 modo
951 4110 1125 4181 permittens,
1150 4125 1180 4163 se
1201 4125 1218 4162 a
1243 4109 1385 4179 discipulis
1409 4111 1503 4164 vocari
1519 4112 1612 4165 Raeti·
1630 4128 1679 4165 seu
1697 4110 1783 4181 magi·

90 4195 207 4265 sugillat
227 4211 261 4248 ex
276 4193 473 4264 jureconsultis
487 4195 666 4249 Ferrariensis
685 4196 713 4248 in
733 4211 785 4248 sua
801 4194 925 4265 practica
951 4206 1038 4252 strum
1058 4195 1121 4251 Joh.
1144 4201 1173 4263 3,
1197 4212 1223 4247 v.
1242 4201 1283 4250 29.
1302 4197 1393 4250 minus
1413 4204 1488 4252 recte
1513 4197 1624 4253 fecisset
1642 4198 1783 4268 apostolus

89 4282 230 4348 scribens,
254 4298 284 4335 sc
306 4280 396 4335 alicui
416 4281 475 4333 nisi
492 4280 594 4334 clerico
618 4289 669 4334 aut
687 4282 815 4350 apprime
833 4281 924 4344 diuiti,
952 4283 1055 4338 Paulus
1079 4282 1223 4336 nominans
1252 4298 1281 4336 se
1307 4284 1448 4336 doctorem
1472 4283 1593 4350 peruium
1621 4291 1642 4339 1.
1667 4284 1738 4338 Tim.
1759 4288 1783 4346 2,

90 4379 121 4423 ut
138 4369 261 4437 pradum
280 4369 403 4421 doctoris
420 4368 575 4437 suscipiat,
599 4369 741 4421 consulere
761 4386 817 4421 non
833 4385 923 4436 posse,
952 4391 976 4427 v.
1001 4378 1025 4424 ’1.
1052 4375 1080 4423 ιι
1098 4369 1169 4423 inter
1193 4368 1304 4423 ordines
1322 4370 1350 4421 in
1370 4369 1488 4423 ecclesia
1504 4371 1669 4424 constitutos
1689 4385 1783 4424 recen·

90 4456 161 4526 qnia
185 4471 242 4524 per
264 4456 384 4523 pradum
413 4455 476 4523 quis
503 4455 651 4522 radiantur
678 4457 714 4508 ιιι
741 4454 869 4507 libertate
894 4455 924 4506 in
953 4474 1015 4510 sens
1033 4458 1162 4509 doctores
1179 4453 1250 4524 Eph.
1270 4462 1300 4521 1,
1326 4473 1351 4507 v.
1375 4462 1413 4509 11.
1453 4456 1596 4510 Genuinus
1613 4464 1704 4510 autem
1725 4472 1784 4511 ver·

10 4566 76 4610 itta
90 4544 264 4609 sewitsrtem,
293 4559 327 4593 ac
355 4541 467 4594 uiuendi
488 4541 598 4611 ratione
622 4550 648 4595 et
669 4543 742 4594 isaac
766 4542 924 4594 innocentia
954 4544 1050 4597 borum
1076 4540 1178 4594 Christi
1207 4557 1304 4594 sensus
1331 4541 1472 4611 colligitur
1501 4560 1534 4597 ex
1562 4541 1784 4596 circumstantiis.

89 4631 159 4685 aliis
186 4628 223 4682 sit
247 4628 385 4698 exempto,
411 4635 436 4681 et
456 4627 523 4696 qrsia
541 4631 649 4694 aradus
671 4647 726 4681 aon
744 4629 805 4680 sinc
824 4647 925 4695 maana
952 4629 1054 4685 iudaei
1071 4633 1176 4681 tantam
1197 4627 1390 4681 auctoritatem
1407 4628 1524 4682 ltabinis
1542 4629 1599 4682 suis
1616 4627 1784 4696 tribuebant,

89 4724 184 4771 sumtu
213 4723 384 4785 qsmmatur,
409 4722 434 4766 et
454 4730 507 4783 per
530 4715 615 4784 liujus
640 4732 823 4768 aerumnosae
852 4716 925 4769 uitae
953 4725 984 4770 ut
1002 4734 1047 4770 eos
1068 4712 1219 4766 audiendos
1238 4713 1370 4782 dicerent,
1389 4717 1500 4768 etiamsi
1514 4719 1785 4769 dantrumuocarent

89 4805 264 4859 minimatum
283 4809 473 4866 emercetur,
499 4803 635 4858 referente
660 4802 759 4858 blatth.
785 4801 925 4872 Stephano
952 4803 1106 4866 sinistrum,
1124 4817 1158 4852 ac
1171 4800 1282 4867 quiduis
1298 4803 1382 4853 etiam
1395 4812 1473 4854 caira
1489 4802 1578 4871 legem
1591 4807 1784 4871 proponerent,

89 4891 154 4946 libr.
183 4896 207 4946 9.
229 4889 264 4944 de
288 4888 425 4958 jurisdict.
455 4894 526 4958 part.
552 4897 575 4946 2.
604 4908 626 4946 c.
657 4896 696 4946 14.
721 4908 795 4945 uum.
817 4896 858 4946 39.
877 4890 924 4943 sed
953 4894 1022 4943 teste
1045 4887 1171 4957 Lyram,
1202 4886 1249 4956 qui
1275 4886 1330 4940 fuit
1353 4893 1434 4940 natus
1464 4885 1603 4949 iudaeus,
1631 4888 1661 4940 in
1689 4894 1785 4944 annot.

90 4978 176 5032 etiam
195 4975 309 5046 quidam
333 4992 366 5029 ex
389 4974 579 5046 theologorum
607 4976 755 5045 superioris
777 4976 862 5031 seculi
882 4994 925 5031 or·
953 4976 1035 5030 Dent.
1071 4980 1111 5029 11.
1149 4971 1201 5026 hoc
1241 4972 1326 5043 igitur
1366 4989 1447 5026 sensu
1477 4989 1510 5026 ac
1543 4981 1670 5042 respectu
1699 4983 1786 5046 negat

89 5065 165 5132 dine,
182 5079 251 5134 quos
264 5061 412 5115 etiamnum
425 5060 507 5115 hodie
522 5060 608 5130 aliqui
621 5067 770 5119 sectantur.
798 5063 925 5117 Andreas
953 5063 1087 5127 Christus,
1110 5059 1155 5114 vel
1175 5061 1271 5128 patris
1297 5059 1340 5112 vel
1358 5060 1481 5111 doctoris
1499 5059 1713 5129 appellationem
1728 5061 1785 5115 oui·

89 5148 265 5205 Bodenstein
296 5146 485 5202 Carolstadius
509 5153 572 5217 post
596 5147 775 5202 secessionem
799 5166 816 5204 a
839 5149 926 5204 Wite·
954 5166 1036 5220 quam
1055 5147 1083 5202 in
1102 5144 1183 5201 terris
1209 5144 1399 5212 tribuendam,
1424 5144 1473 5198 sed
1497 5145 1684 5201 authenticam
1707 5148 1783 5201 illam

91 5234 224 5306 bergensi
251 5232 369 5288 ecclesia
405 5233 508 5288 factam
537 5230 651 5286 nolebat
684 5233 802 5303 amplius
833 5237 926 5290 vocari
953 5234 1148 5290 auctoritatem
1172 5239 1200 5287 et
1219 5249 1355 5285 summum
1375 5231 1403 5284 in
1425 5231 1549 5286 articulis
1573 5230 1637 5288 fidei
1656 5233 1784 5303 magiste-

91 5325 203 5390 doctor,
232 5321 281 5376 sed
308 5322 404 5389 frater
427 5321 575 5385 Andreas,
606 5314 728 5386 quinimo
754 5321 837 5374 etiam
863 5329 926 5377 ante
954 5323 1023 5376 rium
1042 5319 1091 5374 soli
1105 5319 1167 5373 Deo
1185 5318 1375 5388 reliquendum
1393 5335 1462 5385 esse,
1481 5336 1514 5372 ac
1532 5320 1784 5374 taratPharisaeo·

90 5408 189 5464 infelix
202 5407 273 5462 illud
285 5405 412 5475 schisma,
424 5424 487 5461 cum
499 5406 527 5458 in
540 5410 604 5458 actu
617 5403 794 5470 promotionis
806 5406 926 5463 iohanni
954 5425 1013 5462 rum
1034 5404 1228 5472 ambitionem,
1255 5405 1303 5475 qui
1320 5404 1415 5459 titulos
1433 5405 1494 5459 illos
1513 5421 1569 5458 una
1589 5423 1650 5457 curn
1666 5422 1695 5458 ιι
1714 5405 1783 5473 ipsa,

88 5496 305 5553 Westermanno
325 5501 354 5553 ιι
370 5493 527 5550 Godscalco
545 5487 650 5559 Grapio
670 5489 813 5545 doctorum
831 5491 926 5549 titulos
955 5495 984 5549 id
1005 5500 1047 5548 est
1064 5510 1126 5547 eum
1147 5498 1283 5565 potestate
1311 5491 1420 5563 quidvis
1435 5491 1568 5562 jubendi,
1597 5490 1784 5560 praecipiendi
