4020 6014
223 234 284 295 804
789 224 913 286 Locus
930 221 1135 284 wccsfflus
1155 224 1335 290 QUARTUS

221 382 371 441 Isrrt‘ls'toe
393 381 570 454 occupabant
587 386 689 438 terram
708 381 822 438 canaan
847 381 980 438 divinitus
997 380 1051 437 sibi
1080 379 1153 452 cipio
1171 387 1247 438 recte
1264 381 1411 438 deducitur
1427 381 1482 439 hoc
1501 379 1650 440 theorema
1684 381 1818 448 Quamvis
1836 384 1911 457 prin·

221 469 391 543 promissam,
408 476 441 524 ut
457 474 566 525 constat
581 486 614 525 ex
632 469 703 524 libro
720 469 833 536 Josuas,
852 469 975 526 sensus
993 468 1053 539 ipse
1079 467 1154 539 cipes
1176 471 1206 524 et
1228 467 1335 524 subditi
1353 467 1409 524 sint
1433 485 1468 524 ex
1484 485 1598 525 nurnero
1623 472 1679 525 ruis
1696 469 1767 546 πρός
1785 492 1819 538 u,
1841 489 1912 543 quse

222 556 387 628 praescribit
406 556 510 628 populo
527 572 585 624 sno,
604 572 659 628 quo
667 554 733 626 jure
749 571 813 610 cum
829 554 957 611 hostibus
973 553 1052 610 belli·
1079 571 1110 610 se
1126 560 1223 611 mutuo
1237 562 1344 625 ponunt
1361 571 1395 625 ac
1406 555 1510 611 tollunt
1521 555 1551 611 in
1561 556 1670 613 formali
1683 557 1912 624 consideratione,

223 630 313 716 gerari
330 642 444 712 debeat,
461 643 575 700 Denter.
593 647 635 707 20,
653 657 679 697 v.
703 647 741 697 10.
775 639 837 697 Hoc
854 642 918 713 jure
936 640 1053 697 Romani
1079 648 1173 697 temen
1190 641 1370 697 materialiter
1386 635 1503 698 naturae
1521 647 1550 697 et
1568 642 1820 714 temporisratione
1835 646 1909 716 prio

222 729 393 800 amplissima
420 745 508 801 regna
532 735 560 784 et
576 727 782 800 potentissimas
807 727 964 799 provincias
982 727 1052 783 obti-
1079 744 1124 784 res
1143 732 1208 782 sunt
1225 726 1331 783 subditi
1349 744 1433 800 quarn
1451 727 1604 799 principes,
1630 746 1721 801 neque
1741 729 1815 785 enim
1833 732 1910 802 prin-

222 822 350 872 nuerunt.
1007 804 1010 810 ’
1079 813 1154 884 cipes
1183 813 1384 869 constituerunt
1413 813 1466 869 sibi
1494 815 1620 871 subditos
1646 816 1799 888 (loquimur
1817 823 1911 873 autem

94 911 116 954 2
132 911 209 962 ιιιιι1-
257 907 298 960 88.
337 901 426 957 Medi
441 899 540 955 adciti
559 916 593 954 ao
613 898 771 967 illegitimi,
790 898 891 970 quibus
908 897 1053 970 imperium
1080 899 1115 955 de
1133 899 1308 972 principibus
1325 899 1421 972 populi
1440 900 1575 974 suffragio
1599 900 1710 968 electis,
1741 920 1797 959 non
1814 904 1852 960 de
1869 912 1912 977 ty·

96 965 160 1006 ω
222 989 389 1062 acquiritur,
419 987 516 1045 itidem
539 985 666 1044 revocari
682 992 800 1057 possunt
824 984 862 1040 ad
884 985 1052 1056 tr'iaprinci·
1079 987 1190 1051 rannis,
1214 986 1343 1043 violentis
1361 1003 1509 1059 regnorum
1527 987 1759 1059 occupatoribus),
1779 990 1830 1046 sed
1848 992 1912 1047 sub-

95 1096 209 1141 mm,
221 1077 298 1148 palia
315 1076 415 1148 capita,
435 1076 642 1147 occupationem
660 1075 767 1130 seilicet
788 1075 953 1138 violentam,
976 1073 1053 1127 icoo-
1080 1073 1131 1127 diti
1151 1074 1353 1130 constituerunt
1371 1073 1425 1130 sibi
1440 1074 1588 1146 principes,
1606 1092 1673 1147 ergo
1691 1076 1831 1148 principes
1849 1085 1913 1135 sunt

221 1165 326 1219 morem
352 1163 569 1228 fraudulentam
591 1167 618 1217 et
647 1161 861 1232 acquisitionem
885 1176 938 1231 per
965 1160 1053 1230 lorgi·
1079 1165 1193 1231 propter
1221 1159 1346 1215 subditos
1374 1165 1403 1215 et
1420 1161 1583 1216 commodis
1612 1162 1786 1219 subditorum
1810 1166 1913 1221 servire

219 1251 328 1306 tionem.
365 1250 445 1306 Prior
471 1249 578 1321 species
600 1248 688 1304 utitur
711 1246 785 1320 pelle
810 1246 937 1312 leonina,
960 1252 1052 1318 poste·
1080 1245 1191 1316 debent,
1209 1262 1264 1302 non
1283 1252 1376 1301 autem
1395 1245 1499 1302 subditi
1518 1254 1632 1319 propter
1649 1249 1800 1322 principes,
1831 1252 1911 1322 quasi

220 1424 362 1480 rannioam
388 1424 505 1479 aliorum
529 1423 735 1494 oppressionem
759 1438 792 1475 ac
818 1420 921 1476 bellum
940 1419 1051 1493 illegiti-
1079 1436 1106 1492 q.
1126 1425 1151 1475 3.
1172 1418 1209 1473 de
1231 1418 1334 1476 vindic.
1370 1420 1510 1492 Princeps
1527 1438 1648 1476 summas
1665 1431 1706 1477 est
1716 1422 1912 1493 jurejarando

220 1527 304 1566 mum.
348 1509 392 1565 Ea
418 1508 525 1565 ratione
554 1508 701 1578 occuparit
729 1506 876 1578 imperium
902 1506 1052 1564 Nimrodus
1078 1507 1154 1561 celat
1170 1506 1331 1574 officiarius
1354 1506 1528 1578 respublicae
1552 1508 1701 1563 obstrictas
1728 1527 1763 1563 ac
1789 1518 1849 1566 totu
1870 1528 1912 1567 rc·

218 1597 307 1664 fortis
324 1604 491 1653 senatorer
508 1611 541 1650 eo
560 1593 652 1650 dictus
670 1591 770 1650 Genea.
798 1598 844 1659 rc,
872 1610 898 1647 v.
920 1597 944 1651 Β.
983 1591 1052 1647 Abi·
1075 1592 1192 1663 poetica
1214 1609 1262 1646 sea
1286 1608 1374 1662 regno
1401 1593 1507 1661 misor,
1534 1593 1625 1666 inquit
1643 1594 1751 1651 Plinius
1767 1596 1798 1650 in
1812 1613 1912 1670 paneg.

220 1684 327 1741 melech
346 1683 432 1740 caede
452 1681 630 1753 septuaginta
641 1680 759 1736 fratrum
776 1697 887 1736 suorum
906 1678 1052 1750 imperium
1079 1678 1116 1734 ad
1130 1678 1242 1751 'I'rajau
1273 1678 1435 1736 Notandum
1444 1684 1537 1735 tamen
1555 1680 1629 1735 circs
1640 1680 1723 1752 hujus
1742 1684 1912 1754 quaestionis

220 1788 301 1826 suum
319 1776 362 1826 est
379 1769 538 1841 auspicatur
557 1768 625 1823 Jnd.
644 1774 675 1838 9,
698 1784 726 1823 v.
748 1773 773 1824 5.
793 1767 873 1838 cnjus
895 1765 1050 1837 exemplum
1079 1763 1254 1832 decisionem,
1278 1764 1354 1837 quod
1377 1781 1528 1821 consensus
1546 1766 1683 1837 populiin
1702 1767 1837 1825 electione
1855 1787 1911 1825 ms·
1955 1795 1957 1800 ·

220 1856 302 1912 bodie
320 1862 474 1928 sequuntur
492 1855 671 1926 imperatores
691 1851 811 1908 Turcici.
849 1852 960 1908 Invasio
977 1851 1052 1907 freu-
1079 1851 1213 1925 gaustus
1230 1851 1267 1907 sit
1283 1851 1398 1923 duplex,
1423 1853 1528 1907 mecm
1545 1860 1572 1907 ct
1591 1870 1744 1925 esprecms.
1781 1854 1910 1919 Quando·

106 1937 108 1941 '
220 1943 335 1999 dnlenta
358 1941 391 1997 rit
419 1959 469 2013 per
498 1941 622 1997 occultas
647 1939 761 1997 technas
794 1944 823 1996 et
852 1938 1050 1994 solicitationes
1079 1954 1134 2008 que
1160 1937 1234 1994 enim
1255 1954 1399 2009 proceres,
1425 1939 1573 2011 optimates
1596 1944 1624 1995 et
1654 1939 1775 1995 seniores
1800 1943 1911 1998 nomine

224 2031 386 2086 animorum.
423 2026 587 2116 Exemplum
606 2026 714 2081 illustre
733 2026 897 2096 proponitur
915 2025 946 2080 in
962 2024 1052 2080 Abso-
1080 2023 1164 2079 tetius
1182 2024 1280 2096 populi
1296 2024 1417 2096 eligunt,
1442 2025 1545 2097 quibus
1571 2025 1615 2081 vel
1637 2026 1701 2098 lege
1720 2026 1830 2098 imperii
1847 2029 1911 2085 lun·

220 2115 284 2171 lons
304 2121 326 2170 2.
349 2113 424 2171 Sam.
444 2119 489 2178 15,
512 2130 538 2166 s.
565 2118 596 2168 2:
619 2113 709 2167 Meos
735 2128 903 2182 coararpcrss
927 2111 1053 2166 abactor
1081 2110 1239 2182 damentali,
1251 2111 1296 2167 vel
1308 2111 1516 2181 consuetudine,
1536 2112 1580 2168 vel
1600 2113 1720 2185 quadam
1738 2114 1912 2189 delegatione

222 2202 316 2256 stabat
328 2200 682 2271 juataiatroitamportae
695 2198 784 2253 s'aoia
798 2206 943 2253 etomrsem
955 2199 1053 2265 cirum,
1080 2197 1164 2252 hasce
1192 2203 1285 2269 partes
1313 2198 1433 2270 eligendi
1460 2199 1581 2270 populus
1604 2200 1768 2271 committit,
1795 2202 1911 2272 proinde

123 2334 128 2340 .
223 2288 273 2359 qui
296 2286 414 2341 habebat
439 2286 532 2353 litem,
558 2292 590 2339 at
613 2285 717 2339 comirst
740 2286 781 2339 ad
804 2286 880 2354 regis
904 2284 1051 2355 iudicium,
1080 2284 1216 2357 quidquid
1240 2284 1282 2340 illi
1307 2291 1409 2357 agunt,
1436 2285 1466 2340 id
1489 2292 1563 2342 totus
1589 2287 1709 2358 populns
1726 2288 1818 2360 egisse
1834 2296 1910 2345 recte

221 2376 340 2429 cooodat
362 2373 488 2451 Adsqloa
511 2373 553 2426 ad
572 2388 602 2427 se
627 2377 655 2425 st
680 2371 804 2427 dicebat:
826 2389 853 2427 r.
875 2376 900 2429 ³.
927 2386 989 2425 ecce
1007 2387 1052 2424 res
1080 2370 1188 2428 dicitur.
1224 2369 1269 2429 sio
1294 2379 1314 2428 1.
1341 2372 1416 2428 Sam.
1441 2378 1471 2440 8,
1494 2390 1520 2429 v.
1539 2379 1564 2428 l.
1584 2374 1709 2428 seniores
1731 2389 1766 2429 ex
1783 2374 1910 2431 tribubus

222 2468 288 2516 trae
316 2461 403 2515 borrae
425 2446 490 2515 suat
517 2464 544 2513 et
558 2459 683 2528 plamae,
714 2459 767 2512 ssd
792 2476 849 2513 ooo
875 2465 929 2528 est,
960 2457 1011 2530 qui
1026 2465 1052 2511 ts
1079 2457 1239 2514 lsratlitieis
1267 2457 1408 2515 venientes
1435 2458 1472 2514 ad
1504 2459 1660 2515 Samuelem
1692 2468 1845 2532 exposcunt
1869 2478 1910 2517 re

222 2547 330 2602 audiat.
371 2546 433 2609 Quo
448 2545 560 2600 ratioss
574 2546 690 2611 furatus
706 2551 750 2599 est
775 2547 865 2599 corda
881 2546 1007 2599 virorum
1023 2544 1053 2598 is
1079 2561 1158 2616 gem,
1178 2560 1251 2616 qnae
1267 2544 1419 2615 postulatio
1436 2544 1510 2616 regis
1528 2563 1553 2599 r.
1576 2552 1600 2601 1.
1617 2546 1671 2600 toti
1681 2548 1794 2616 popule
1811 2547 1909 2604 tribui·

223 2633 326 2691 Isratl.
345 2650 373 2690 s.
392 2638 416 2687 6.
451 2632 570 2687 Mittens
588 2631 673 2685 etiam
685 2631 877 2703 exploratores
895 2631 927 2685 s's
943 2630 1053 2684 aoioer·
1079 2638 1132 2687 tur.
1168 2631 1203 2686 In
1220 2631 1336 2702 imperio
1349 2632 1410 2702 jam
1428 2631 1577 2687 constituto
1592 2633 1640 2703 jus
1658 2648 1692 2687 ac
1703 2639 1827 2704 potestas
1844 2651 1909 2690 con·

222 2737 272 2775 sas
297 2720 386 2774 tridar
404 2718 500 2774 Israil
524 2718 685 2772 mdorrsaoit
713 2720 859 2789 quosdam,
881 2719 932 2788 qui
953 2717 1053 2772 audeo
1079 2717 1212 2773 stituendi
1237 2717 1379 2780 inferiores
1401 2719 1580 2790 magistratus
1606 2725 1649 2774 eat
1666 2736 1752 2791 penes
1773 2738 1911 2777 summum

196 2812 199 2825 '
223 2806 356 2861 marsos
379 2805 512 2875 clangore
537 2804 741 2859 acclamarent:
768 2805 909 2874 Regnavit
927 2804 1053 2860 Adsolors
1079 2804 1281 2877 magistratum,
1299 2809 1328 2859 et
1350 2804 1463 2876 quidem
1480 2805 1526 2861 vel
1538 2805 1629 2877 ipsum
1645 2806 1744 2876 colom,
1762 2808 1808 2863 rel
1828 2809 1911 2864 etiam
1923 2823 1976 2864 xm

221 2894 253 2948 irs
264 2893 389 2948 Hebros.
409 2890 464 2947 Per
473 2890 634 2964 largitiones
646 2891 734 2946 multa
746 2896 918 2963 occupantur
929 2891 1053 2964 imperia,
1076 2891 1180 2962 populi
1203 2908 1378 2954 comessum.
1405 2897 1489 2963 prout
1510 2891 1586 2964 leges
1611 2898 1640 2948 et
1665 2909 1755 2948 mores
1774 2895 1910 2966 cujusque

222 2978 352 3038 Justinus
369 2977 432 3033 libr.
454 2982 477 3033 1.
494 2976 530 3033 de
547 2976 726 3033 Semiramide
744 2983 952 3046 commemorat,
978 2977 1053 3050 qnod
1079 2977 1238 3051 provinciae
1253 2977 1405 3049 requirunt.

221 3066 450 3138 repaumt‘raade
459 3064 625 3134 acquisitum
634 3063 833 3134 largitionibus
841 3066 1052 3130 confirmaverat.
1114 3072 1156 3124 90.
1187 3063 1342 3129 Quaeritur.
1373 3069 1397 3120 t.
1418 3064 1466 3119 Aa
1497 3063 1608 3133 electio,
1640 3081 1678 3119 ass
1707 3068 1847 3123 succmsio
1872 3069 1942 3134 sits,
1954 3094 1985 3136 g„

223 3152 295 3209 Post
320 3157 436 3207 mortem
461 3148 615 3206 Pertinacis
640 3149 760 3205 Romani
784 3149 958 3222 imperatoris
982 3168 1053 3208 eme·
1076 3152 1293 3223 praeferendo!
1328 3152 1382 3205 Pro
1397 3149 1531 3206 electione
1544 3149 1613 3205 baec
1632 3151 1692 3207 iere
1709 3151 1803 3208 afferri
1820 3145 2006 3238 solentgffl

220 3238 291 3295 bant
308 3237 454 3308 imperium
479 3235 613 3307 Sulpitius
641 3241 670 3292 et
695 3235 825 3292 Julianus
847 3235 928 3293 factis
958 3245 1054 3294 contra
1081 3244 1253 3311 argumenta.
1296 3243 1318 3295 1.
1337 3238 1391 3292 Jus
1408 3244 1522 3293 naturae
1540 3237 1672 3309 requirit,
1695 3244 1727 3294 ut
1748 3239 1861 3312 dignior
1877 3259 1911 3298 aa
1925 3251 1993 3290 ossas

222 3342 253 3382 se
274 3323 378 3379 mutuis
397 3321 596 3378 licitationibus
615 3327 700 3393 atque
719 3321 848 3378 auctione
862 3323 998 3393 paulatim
1016 3323 1053 3380 ab
1080 3324 1265 3397 praestantior
1282 3323 1412 3396 imperet,
1440 3339 1504 3379 eum
1519 3341 1585 3380 sero
1607 3341 1663 3380 non
1685 3327 1844 3398 successio,
1861 3329 1912 3385 sed
1925 3299 2001 3395 miii

221 3411 256 3469 iis
281 3411 359 3466 facta
380 3426 413 3465 eo
436 3414 610 3479 perventum,
640 3414 673 3463 ut
701 3408 819 3480 singulis
850 3408 983 3466 militibus
1015 3412 1055 3466 vi-
1081 3411 1179 3469 electio
1202 3415 1343 3466 monstrat
1385 3411 1477 3466 Nasci
1500 3418 1527 3465 et
1547 3411 1680 3480 gemmam
1700 3430 1720 3466 a
1731 3414 1912 3485 principibus

222 3515 292 3555 cena
318 3495 444 3553 sestertia
467 3511 527 3550 sese
546 3495 658 3549 daturos
680 3495 879 3566 promitterent.
917 3495 971 3552 Dio
989 3496 1054 3554 Cas·
1073 3499 1238 3566 serendum,
1257 3514 1308 3552 mec
1325 3497 1404 3551 altra
1421 3497 1594 3567 aestimatur,
1610 3496 1701 3570 inquit
1712 3499 1828 3554 Tacitus
1845 3500 1865 3555 l
1888 3509 1909 3558 1.

223 3583 281 3640 sins
304 3582 353 3639 lib.
377 3587 418 3639 7³.
437 3599 503 3655 pag.
522 3585 582 3638 ste.
617 3578 673 3638 Sed
701 3581 735 3639 de
754 3581 860 3638 talibus
876 3582 1055 3653 imperiorum
1081 3585 1178 3640 histor.
1211 3584 1245 3639 In
1263 3583 1437 3639 successione
1454 3590 1552 3639 contra
1568 3601 1761 3657 quemcunque
1778 3589 1913 3659 stcujus·

223 3670 407 3728 licitatoribus
421 3686 456 3725 sc
474 3668 625 3724 emtoribus
647 3673 723 3724 recte
747 3667 815 3723 dicit
831 3668 991 3725 Alexander
1007 3669 1054 3726 Se
1080 3686 1189 3744 cunque
1207 3669 1311 3742 ingenii
1330 3669 1488 3741 contigerit,
1511 3669 1659 3726 admittere
1670 3671 1801 3744 cogimur.
1838 3673 1912 3740 Quid

223 3774 305 3814 verus
335 3756 410 3828 apud
439 3754 552 3811 Aelium
583 3754 775 3826 Lampridium
807 3755 836 3811 in
862 3756 952 3828 ipsius
981 3757 1052 3814 rite:
1081 3756 1239 3828 Cambysen
1269 3756 1336 3812 boni
1366 3756 1452 3827 pistris
1486 3757 1652 3828 degenerem
1679 3756 1768 3812 filium
1797 3758 1912 3830 impero

223 3847 345 3900 Necesse
368 3852 422 3913 est,
445 3850 477 3897 at
500 3842 551 3911 qur·
575 3843 707 3896 bonorem
730 3843 806 3911 juris
824 3850 851 3896 et
867 3843 962 3912 qlods’s‘
981 3845 1054 3915 emit,
1081 3842 1235 3917 praelecit?
1253 3841 1400 3928 successiq.
1429 3841 1502 3907 Quid
1514 3842 1664 3899 Commodo
1684 3844 1842 3915 imperatori
1862 3847 1911 3902 mi·

221 3933 331 3999 serdot,
363 3936 389 3985 et
412 3944 463 3998 eqo
485 3946 541 3983 aaa
559 3930 662 3998 patior
685 3938 854 3984 mercatores
874 3937 1053 4002 petrosam,
1082 3933 1156 3987 nime
1175 3929 1298 3985 omnium
1318 3930 1476 3995 commodo,
1504 3929 1601 4001 optimi
1619 3929 1693 3986 illius
1713 3931 1750 3989 m.
1774 3932 1910 3990 Antonini

222 4035 292 4088 quos
307 4017 334 4070 si
347 4016 454 4086 potior,
472 4016 606 4068 damnare
625 4033 681 4069 mors
696 4033 820 4085 possam.
1079 4016 1236 4092 philosophi
1255 4015 1321 4084 filio,
1338 4015 1429 4072 fasces
1445 4015 1563 4072 detulit?
1590 4017 1735 4073 successio.
1773 4021 1800 4074 2.
1817 4020 1910 4092 Pirae

95 4117 170 4170 quss-
258 4107 300 4160 89.
319 4100 364 4156 De
381 4098 469 4155 modis
482 4099 646 4172 acquirendi
663 4101 858 4173 magistratum
872 4102 1014 4173 quaeritur
1031 4110 1052 4160 1.
1079 4120 1187 4176 ssosper
1207 4103 1310 4158 certior
1329 4104 1440 4157 damria
1452 4112 1492 4158 est
1511 4121 1596 4173 qrsom
1614 4112 1731 4175 matura,
1750 4122 1822 4178 qnae
1833 4106 1910 4162 nulla

94 4170 207 4262 mal,
223 4191 314 4245 Penes
332 4203 412 4258 qoem
429 4187 468 4239 ss't
477 4185 529 4255 jas
547 4186 673 4255 eligendi
688 4187 904 4256 magistratum!
931 4188 1053 4261 Respon-
1079 4190 1173 4264 stirpis
1191 4190 1236 4245 sel
1254 4189 1363 4262 generis
1380 4188 1476 4244 habita
1494 4189 1600 4246 ratione
1617 4190 1690 4247 dona
1708 4192 1745 4246 ad
1764 4192 1910 4265 imperium

94 4273 173 4321 soqut·
222 4275 335 4332 demus:
361 4271 596 4342 Distinguendum
620 4271 694 4327 inter
714 4272 859 4344 imperium
885 4274 1052 4330 constituen·
1079 4277 1214 4349 requisita
1232 4275 1381 4340 distribuit
1400 4275 1499 4330 electio
1518 4284 1611 4330 autem
1629 4277 1660 4340 it
1684 4281 1838 4334 secrmwm
1853 4282 1909 4335 cir·

93 4326 165 4426 225¹-
224 4362 290 4417 dum
315 4365 344 4416 et
366 4359 552 4415 constitutum.
591 4358 625 4414 ln
648 4358 763 4430 imperio
787 4359 979 4416 constituendo
1005 4362 1053 4432 jus
1079 4372 1172 4419 trstcm.
1193 4362 1281 4418 Casus
1292 4361 1356 4417 libr.
1368 4365 1393 4418 3.
1411 4360 1517 4432 sphaer.
1531 4361 1584 4417 cir.
1601 4379 1625 4418 c.
1650 4369 1690 4420 ll.
1707 4381 1734 4435 q.
1754 4370 1777 4423 2.
1808 4371 1833 4423 ³.
1845 4365 1908 4423 Ele·

92 4430 200 4521 lf‘ffl
224 4463 257 4502 ac
274 4451 398 4516 potestas
416 4443 602 4500 constituendi
619 4444 672 4499 sibi
691 4444 883 4517 magistratum
893 4447 958 4518 jure
973 4454 1053 4502 netu·
1079 4450 1136 4507 ctio
1158 4465 1191 4505 ex
1209 4447 1505 4521 praestantissimorum
1533 4447 1590 4504 sire
1612 4449 1776 4520 optimatum
1795 4468 1909 4508 numero

89 4531 209 4631 Jffifst
222 4531 275 4586 rsli
293 4535 321 4585 st
338 4530 461 4602 gentium
479 4536 524 4587 est
539 4547 625 4602 penes
644 4533 793 4603 populum,
811 4538 843 4587 ut
861 4533 1002 4606 colligitur
1019 4550 1053 4589 ex
1079 4537 1180 4594 multos
1196 4536 1235 4591 ad
1250 4534 1360 4590 virtutis
1378 4533 1501 4588 studium
1520 4534 1646 4591 accendit
1671 4541 1700 4591 et
1719 4537 1851 4609 impellit,
1880 4545 1911 4594 nt

93 4633 169 4682 „aaa
223 4617 243 4676 l.
261 4623 286 4674 t.
302 4616 356 4672 hoc
369 4618 446 4688 jure,
464 4616 512 4682 ibi,
537 4616 676 4673 discretae
693 4626 801 4687 peotes,
825 4635 915 4688 repra
930 4622 1052 4685 condito,
1079 4624 1165 4679 tacita
1187 4622 1307 4695 quadam
1333 4637 1383 4693 spe
1409 4620 1535 4676 certatim
1562 4623 1721 4694 peragendo
1747 4624 1811 4694 ills,
1839 4640 1911 4696 quas

223 4707 276 4760 etc.
313 4703 404 4758 Instit
424 4703 459 4758 de
476 4702 567 4774 justit.
593 4710 622 4759 et
643 4705 715 4775 jure.
754 4704 825 4761 (ium
844 4705 917 4761 enim
934 4707 1053 4778 populus
1078 4709 1173 4765 futuro
1191 4708 1315 4781 principe
1334 4707 1420 4779 digna
1439 4712 1522 4776 sunt,
1541 4709 1578 4762 ad
1595 4708 1782 4780 principatum
1799 4717 1910 4766 eonten-

222 4789 330 4861 imperii
357 4788 501 4845 commoda
535 4789 638 4846 sentiat
669 4791 785 4863 ejusque
818 4809 903 4848 onera
931 4792 1053 4864 perferre
1080 4796 1161 4866 dant,
1189 4795 1311 4850 Meland.
1331 4793 1360 4848 in
1378 4793 1441 4848 idea
1457 4794 1534 4865 polit.
1553 4811 1619 4866 pag.
1638 4798 1680 4852 69.
1714 4801 1739 4852 4.
1759 4796 1909 4869 Antiquior

221 4883 346 4950 cogatur,
362 4874 426 4932 ideo
443 4893 564 4949 aequum
579 4882 636 4948 est,
655 4885 689 4935 nt
706 4895 791 4951 penes
809 4878 902 4950 ipsum
922 4880 959 4935 sit
976 4886 1053 4951 pote·
1079 4881 1240 4954 acquirendi
1259 4879 1366 4952 imperii
1392 4880 1491 4935 modus
1516 4887 1558 4937 est
1575 4881 1674 4936 electio
1701 4897 1784 4953 quarn
1801 4899 1909 4939 sucees-

221 4969 279 5020 scas
297 4962 433 5036 eligendi,
456 4963 503 5018 cui
520 4980 618 5034 parere
634 4963 710 5021 velit.
746 4966 805 5024 Nec
825 4965 879 5021 hoo
896 4981 914 5021 a
929 4967 994 5038 jure
1013 4965 1053 5020 di·
1079 4969 1135 5037 sio,
1162 4967 1342 5038 nequeenim
1361 4966 1452 5037 potuit
1470 4984 1530 5023 esse
1546 4967 1683 5022 successio
1700 4968 1754 5022 nisi
1771 4968 1800 5023 in
1819 4968 1911 5025 locum

221 5048 286 5105 rino
315 5049 468 5122 discrepat,
495 5050 543 5106 ssd
567 5049 604 5105 ab
630 5067 664 5108 eo
687 5053 779 5123 potius
796 5052 989 5121 confirmatur,
1012 5050 1152 5167 siclejus,
1181 5054 1229 5125 qui
1258 5053 1369 5109 electus.
1403 5052 1469 5110 «lam
1491 5068 1556 5109 vero
1583 5053 1740 5126 antiquiora
1765 5055 1855 5128 magis
1874 5057 1911 5112 sd

221 5153 341 5207 namque
368 5135 503 5207 populum
530 5135 714 5194 Imaebtioum
739 5139 890 5211 alloquitur
915 5137 1052 5194 Dominus
1078 5140 1183 5211 primas
1208 5139 1323 5213 originis
1351 5139 1536 5197 sinceritatem
1564 5140 1712 5212 accedunt,
1741 5142 1912 5212 τιμιώτατον

221 5221 333 5279 Deuter.
355 5229 395 5293 l'l,
413 5240 438 5278 v.
458 5227 505 5278 1⁵:
523 5224 599 5277 Eam
610 5226 760 5279 constitues
773 5242 873 5296 repom,
892 5239 973 5294 quem
991 5226 1050 5278 Do·
1077 5228 1108 5281 sd
1127 5226 1329 5300 πρεσβύτατον,
1359 5227 1450 5299 inquit
1474 5225 1658 5297 Philosophus
1688 5233 1711 5284 1.
1733 5228 1855 5301 metaph.
1885 5236 1910 5286 3.

190 5332 193 5366 ;
220 5311 312 5364 mirus
329 5316 395 5363 tuas
413 5308 537 5379 choos&
563 5315 585 5363 1.
599 5308 673 5365 Sem.
691 5316 716 5380 8,
734 5328 760 5365 v.
781 5316 820 5368 tc.
840 5310 876 5365 ad
896 5307 1051 5366 Samuelem
1079 5320 1103 5367 5.
1121 5312 1156 5367 ln
1174 5313 1307 5368 electione
1337 5313 1427 5369 minus
1448 5312 1622 5384 periclitatur
1640 5313 1811 5385 reipublicae
1828 5315 1911 5372 liber·

222 5395 290 5451 dicit
308 5393 440 5466 populus:
457 5397 520 5449 Res
535 5395 589 5449 ers't
606 5413 692 5465 saper
707 5414 766 5451 aes.
801 5396 935 5452 Herodot.
953 5395 1001 5453 lib.
1023 5403 1050 5452 l:
1077 5405 1138 5467 tas,
1161 5399 1224 5469 plus
1241 5399 1450 5468 benevolentias
1469 5398 1499 5454 in
1518 5398 1645 5455 subditos
1674 5400 1778 5457 slsotm
1793 5400 1910 5473 obtinet,

220 5482 314 5550 Reges
325 5481 452 5552 primm
466 5499 487 5535 a
500 5480 618 5552 populis
635 5481 718 5536 &cti
734 5489 806 5538 sust.
843 5481 884 5536 Ex
903 5498 960 5555 qno
976 5483 1051 5554 prin·
1063 5472 1068 5557 Ι
1079 5484 1190 5542 taeilim
1208 5487 1315 5543 moneri
1328 5503 1366 5542 ao
1385 5484 1489 5541 mered
1505 5490 1612 5556 potest,
1634 5487 1825 5558 imperaturus
1841 5505 1911 5560 erqo

304 5576 310 5605 ι
721 5606 723 5613 ,
834 5610 837 5615 ,
1118 5604 1121 5619 ,
1148 5600 1152 5607 ,
1280 5606 1284 5615 ,
1533 5590 1567 5623 ··:
1739 5598 1742 5603 .
1869 5577 1882 5621 .'
