4020 6014
227 321 287 380 408
803 310 927 371 Locus
944 308 1150 370 vincemus
1168 298 1354 378 cennius

224 469 411 538 risspccimsn
421 477 486 524 esto.
502 485 526 523 c.
536 468 648 524 iustum
659 472 702 522 est
713 473 765 523 etc.
781 466 844 522 dist.
854 474 878 524 9.
893 483 925 522 er
939 466 1060 522 isidoro:
1070 462 1075 546 Ι
1087 466 1213 538 adeoque
1229 466 1369 537 principes
1388 468 1452 539 lege
1470 467 1584 538 quidem
1601 467 1680 539 regis
1704 465 1818 539 legibus
1835 466 1923 523 cirili·
1936 475 1987 519 xiv.

226 555 341 609 Jusnsm
370 562 418 621 est,
440 555 601 625 principem
630 553 737 623 epten
774 554 963 623 obtemperare
994 552 1060 605 suis.
1088 553 1139 608 bus
1163 569 1223 608 esse
1247 554 1364 619 solutos,
1394 570 1489 608 rerum
1516 570 1551 608 ex
1568 553 1682 626 propris
1706 568 1761 608 sus
1775 553 1846 627 lege
1864 570 1924 610 esse

231 642 309 696 tunc
331 642 404 695 enim
424 643 499 712 jera
516 659 569 695 sno
593 643 628 695 ab
654 641 780 696 omnibns
803 639 986 694 miscendo
1005 638 1060 692 eci·
1085 639 1140 693 illis
1162 639 1317 695 adstrictos.
1351 639 1456 696 codem
1481 640 1597 696 inclinet
1621 639 1785 697 'lbeutlerus
1811 639 1867 697 rol.
1900 647 1923 698 t.

227 730 332 796 nime,
362 731 478 799 meando
503 736 530 783 et
554 730 615 798 ipse
642 728 702 782 iltis
725 727 908 781 reuerentiam
935 724 1059 795 praedm
1085 724 1158 796 disp.
1179 731 1201 782 1.
1219 726 1258 781 th.
1279 733 1304 784 6.
1322 726 1363 781 lit.
1381 726 1415 784 B.
1459 725 1685 785 2.Golliosredus
1709 726 1746 783 ed
1773 744 1838 784 nov.
1866 734 1923 784 tce.

227 815 376 885 Principes
399 816 507 884 tepidus
529 815 665 868 damnari
686 814 757 880 sust,
786 829 836 866 nec
863 812 893 865 in
925 828 954 864 se
977 825 1060 882 posse
1086 813 1208 866 solutum
1232 812 1340 882 thinn
1361 814 1523 883 principem
1544 813 1639 868 nisieri
1654 831 1711 868 non
1735 830 1807 883 csse,
1840 831 1924 886 quem

228 902 366 955 damnare
377 903 460 971 jura,
478 917 549 972 qrsne
569 902 598 955 in
616 901 747 969 namecca
772 899 991 964 constituuntur,
1010 896 1060 967 jn·
1087 898 1291 955 distinctionem
1306 899 1420 955 deducit
1442 917 1475 954 ex
1491 899 1509 954 l.
1530 898 1693 970 imperfecto
1711 905 1752 956 23.
1778 900 1808 955 in
1828 900 1877 956 lin.
1894 901 1923 955 in

227 995 299 1041 mum
324 997 370 1043 set.
409 994 434 1044 3.
460 988 576 1058 Propter
601 987 743 1057 epi-spiam
773 985 855 1039 ittam
880 983 1062 1054 imperatoris
1086 985 1161 1040 verb.
1182 1002 1229 1040 eas
1246 1002 1354 1041 servm
1373 986 1457 1056 leges,
1476 985 1577 1056 quibus
1598 986 1658 1057 ipse
1677 986 1785 1041 solutus
1803 987 1924 1050 videtum,

229 1076 432 1138 confectionem
448 1075 466 1130 l.
486 1080 510 1130 l.
532 1075 562 1129 C.
583 1075 618 1129 de
636 1073 746 1144 legibus
766 1077 795 1127 et
812 1072 935 1127 constit:
961 1069 1061 1137 Diana
1087 1071 1117 1124 ff.
1137 1070 1313 1143 delegata.
1351 1077 1375 1127 3.
1394 1070 1495 1128 Graeci
1512 1073 1678 1144 interpretes
1693 1072 1845 1142 pomeriis
1864 1073 1924 1129 sive

229 1179 282 1216 oce
301 1162 449 1230 majestate
466 1162 620 1229 repnentis,
640 1159 749 1230 lepibus
770 1158 920 1228 allipatnm
936 1173 965 1210 se
980 1156 1062 1224 prin·
1083 1159 1253 1228 peccatibus
1280 1159 1392 1229 lepibrn
1414 1160 1611 1232 imperatorem
1639 1161 1775 1225 liberant,
1805 1160 1926 1230 reliquie

229 1248 317 1316 cipem
337 1248 484 1318 profiteri,
515 1262 577 1300 cum
610 1263 667 1317 qua
693 1243 823 1317 congruit
850 1242 920 1297 illud
948 1240 1062 1309 Tiberii,
1087 1261 1152 1299 nero
1172 1246 1339 1299 crtetrictnm
1364 1263 1423 1300 esse
1449 1246 1554 1302 simunt.
1600 1253 1624 1301 l.
1649 1246 1783 1317 Cujaeius
1809 1245 1857 1302 lib.
1883 1252 1923 1304 15.

230 1335 277 1407 qui
299 1334 435 1389 referente
458 1331 615 1404 Nicephoro
639 1332 687 1386 lib.
713 1337 734 1387 l.
761 1330 825 1387 bist.
850 1329 917 1385 eccl.
942 1346 1000 1399 cap.
1024 1333 1060 1382 Π.
1087 1330 1193 1388 observ.
1220 1348 1281 1401 cap.
1303 1336 1344 1388 30.
1372 1337 1399 1387 et
1421 1332 1468 1387 alii
1486 1333 1637 1404 principem
1670 1332 1775 1401 lepidus
1795 1333 1881 1386 Jrstio
1898 1340 1925 1386 et

229 1420 266 1476 ud
285 1421 394 1476 urbium
414 1425 536 1475 rectores
553 1436 586 1473 ac
607 1419 786 1490 magistratus
804 1417 928 1489 scripsit,
948 1415 1063 1485 siquid
1087 1418 1184 1488 Papio
1201 1418 1378 1472 eodsrcecriis
1409 1419 1530 1472 eolntmn
1561 1435 1620 1472 esse
1650 1427 1792 1485 statuunt,
1823 1420 1925 1472 ceteris

228 1509 303 1572 forte
322 1515 418 1560 sonem
436 1507 513 1576 tepes
530 1525 549 1558 a
566 1523 596 1559 se
614 1505 750 1558 mandari
766 1505 942 1571 continperet
963 1520 1009 1557 eos
1031 1504 1064 1557 tn
1087 1521 1154 1561 nsro
1172 1504 1331 1575 otlipctnm,
1349 1505 1424 1576 qnod
1443 1504 1580 1578 colligunt
1596 1523 1628 1561 ex
1649 1506 1667 1562 l.
1688 1513 1727 1561 56.
1746 1506 1782 1561 de
1801 1507 1914 1577 legate

230 1597 391 1666 appirobcrc
412 1602 438 1646 et
458 1594 571 1663 sesequi
588 1600 682 1662 utpote
699 1608 752 1661 per
779 1592 920 1644 inscitiam
938 1589 1063 1644 commis·
1089 1598 1112 1646 5.
1127 1590 1213 1648 Corus
1233 1591 1280 1647 lib.
1299 1598 1322 1647 2.
1334 1592 1410 1646 misc.
1425 1609 1486 1664 cap.
1500 1598 1541 1649 ti.
1556 1593 1685 1664 Vasques
1702 1599 1722 1649 t.
1735 1597 1857 1647 controv.
1882 1598 1923 1647 23.

228 1698 291 1735 sum
307 1699 363 1735 non
382 1680 488 1734 meere.
529 1686 551 1734 t.
574 1679 689 1748 Propter
706 1677 901 1731 detrimentum
927 1695 961 1730 oc
984 1677 1063 1748 peri·
1089 1692 1135 1734 nu.
1164 1685 1203 1735 15.
1238 1678 1343 1734 Marius
1368 1678 1544 1735 salamonius
1569 1679 1630 1734 libr.
1657 1686 1683 1735 6.
1702 1680 1736 1735 de
1757 1679 1876 1751 princip.
1895 1687 1926 1733 et

230 1757 323 1823 eninm
343 1785 376 1823 ex
394 1766 483 1821 altere
502 1771 581 1836 purte
601 1765 795 1828 metuendum,
819 1763 901 1818 Plato
921 1763 969 1820 lib.
989 1769 1013 1819 3.
1028 1763 1063 1818 de
1089 1764 1136 1819 alii
1154 1765 1325 1833 existimant,
1357 1766 1509 1838 principem
1535 1767 1696 1821 solennibus
1720 1773 1828 1819 tannim
1844 1767 1926 1835 juris

229 1854 347 1927 legibus.
394 1851 506 1907 infinita
536 1858 659 1923 potestas
688 1852 769 1906 etiam
797 1851 825 1905 in
851 1849 965 1921 regibus
986 1850 1063 1920 ipsis,
1090 1852 1209 1906 solutum
1236 1868 1307 1916 esse,
1337 1871 1393 1906 non
1415 1861 1507 1906 autem
1531 1853 1629 1907 ceteris
1657 1853 1785 1906 strattone
1808 1854 1926 1923 iepibns,

230 1959 303 2014 quae
319 1957 379 1995 sese
398 1940 490 2011 legum
510 1939 627 1994 vinculis
646 1939 765 1993 coirceri
789 1954 844 1992 non
871 1937 990 2007 potitur,
1023 1939 1065 1990 eet
1090 1939 1164 2010 quod
1183 1939 1318 2011 colligunt
1335 1955 1369 1993 ex
1387 1939 1404 1992 l.
1424 1944 1451 1996 3.
1468 1939 1498 1994 C.
1514 1940 1548 1994 de
1566 1946 1673 1994 testam.
1701 1938 1750 1993 ubi
1775 1940 1926 2010 imperator

230 2028 383 2084 certissime
402 2026 481 2099 regni
500 2032 527 2081 et
544 2025 714 2097 reipublicae
733 2025 814 2080 ruina
827 2030 855 2079 et
875 2022 999 2094 proxime
1017 2036 1063 2075 oc·
1090 2024 1248 2081 Alexander
1273 2023 1415 2079 rescribit:
1447 2025 1524 2079 Licet
1550 2026 1593 2078 ns
1625 2025 1738 2095 imperii
1764 2026 1925 2080 solennibus

229 2130 345 2171 cesurae
365 2115 577 2186 prognosticon,
607 2119 704 2168 contm
729 2128 812 2184 quam
837 2110 988 2167 remedium
1013 2112 1064 2177 est,
1085 2111 1164 2182 juris
1191 2113 1386 2181 imperatorem
1412 2112 1542 2179 solverit,
1574 2112 1645 2165 nilsit
1671 2121 1764 2166 tamen
1782 2121 1840 2166 tom
1857 2131 1925 2185 pro-

230 2208 262 2258 ut
286 2203 363 2272 leges
386 2200 565 2257 observentur
582 2200 666 2255 etiam
685 2199 721 2253 ub
746 2199 807 2269 ipso
825 2185 957 2270 principe.
997 2194 1064 2258 Qni-
1088 2199 1182 2268 prinm
1199 2206 1238 2251 est
1258 2198 1372 2269 imperii
1388 2215 1470 2266 qrsem
1489 2198 1599 2267 lepibus
1618 2198 1716 2253 ninere.
1750 2199 1810 2254 Has
1828 2200 1927 2254 distin·

231 2290 295 2345 dam
319 2294 424 2361 negent
450 2293 470 2342 t.
493 2293 605 2359 propter
631 2304 790 2356 repressam
805 2286 885 2354 jnris
905 2283 1065 2353 dispositio·
1089 2285 1194 2338 ctiones
1218 2301 1311 2338 omnen
1336 2283 1466 2355 proponit
1493 2290 1521 2338 et
1548 2283 1651 2338 refellit
1677 2284 1807 2340 Hunnins
1833 2287 1861 2340 in
1883 2303 1927 2341 re·

230 2393 301 2431 nem.
326 2377 343 2430 l.
370 2381 412 2432 31.
439 2374 466 2429 ff.
497 2374 532 2429 de
556 2372 679 2444 legibus,
710 2372 758 2427 ubi
784 2370 922 2442 Ulpianus
948 2369 1064 2423 diserte:
1090 2370 1140 2425 sol.
1168 2369 1239 2441 disp.
1268 2377 1290 2425 1.
1326 2370 1488 2426 Treutlems
1512 2372 1565 2427 vol.
1593 2377 1615 2426 1.
1638 2387 1666 2442 p.
1686 2378 1726 2428 tc.
1751 2377 1780 2427 et
1796 2390 1873 2445 seqq.
1893 2389 1927 2428 ec

230 2462 368 2532 ffincsps
386 2461 492 2530 lepibns
510 2467 549 2514 est
567 2460 682 2514 solutes.
721 2458 867 2511 “Auctor
884 2455 931 2511 lib.
951 2454 1064 2524 dejure
1091 2473 1169 2510 snam
1186 2456 1298 2512 tandem
1321 2456 1434 2528 subjicit
1452 2457 1625 2525 sententiam,
1643 2458 1798 2530 principem
1816 2459 1927 2532 legibus

231 2550 356 2621 magistr.
385 2547 413 2600 in
442 2545 521 2601 subd.
552 2549 651 2616 quatit
678 2551 702 2600 6-
728 2544 917 2606 stiltittt'mcm
941 2549 969 2592 tt
991 2556 1064 2593 02⁸⁶-
1092 2544 1219 2599 cirilibus
1236 2560 1301 2599 rere
1313 2544 1433 2599 solutum
1451 2562 1578 2615 esse,nec
1593 2547 1926 2616 conscisceremus

232 2635 336 2689 mandi
351 2633 446 2704 potine
464 2631 625 2686 adulatoris
639 2647 723 2700 quom
740 2630 795 2694 fini
813 2628 919 2682 subditi
938 2627 967 2679 in
983 2626 1065 2694 prin·
1092 2633 1233 2685 honestate
1252 2631 1342 2685 solnm
1360 2639 1386 2683 nt
1403 2632 1564 2686 solumi-{0
1589 2632 1718 2703 otoequto
1747 2633 1853 2701 leptim
1870 2651 1925 2703 pa.

232 2722 323 2791 os'pem
345 2721 426 2774 ittam
452 2736 544 2772 nocem
577 2735 635 2772 esse
666 2716 861 2773 contendit*
899 2721 922 2769 t.
949 2714 1066 2783 Propter
1092 2735 1156 2771 rere
1162 2739 1174 2784 ;
1204 2717 1241 2772 ab
1259 2717 1312 2772 hac
1330 2720 1422 2772 umen
1443 2717 1564 2789 generali
1583 2719 1680 2790 regule
1705 2718 1808 2790 excipi,
1836 2720 1925 2790 primo

217 2809 416 2881 ,nepoti-ains
434 2807 627 2861 conditionem.
664 2805 799 2874 Princeps
822 2807 865 2859 est
884 2802 976 2873 imago
996 2798 1065 2853 divi·
1091 2804 1153 2858 illas
1172 2805 1248 2876 leges
1269 2803 1372 2875 civiles,
1392 2820 1463 2876 quse
1476 2820 1510 2858 ex
1528 2804 1635 2859 retione
1655 2804 1775 2859 naturali
1795 2805 1833 2860 ad
1849 2807 1923 2876 prin.

233 2893 465 2962 nuemajeetctie,
490 2892 637 2947 Albericus
652 2891 679 2945 in
693 2908 733 2962 pr.
745 2890 783 2943 ed
794 2889 812 2943 l.
833 2888 1012 2943 decernimus.
1034 2884 1064 2940 C.
1091 2892 1179 2964 nipem
1198 2907 1337 2963 peraeque
1354 2895 1497 2962 spectante
1514 2895 1580 2945 nunt
1594 2890 1782 2959 intmduetne3
1802 2893 1925 2947 secundo

234 2981 269 3036 de
292 2980 340 3037 SS.
367 2980 464 3036 eccles.
494 2983 537 3033 cst
558 2978 635 3033 Deus
659 2976 771 3048 quidam
799 2975 948 3037 terrestris,
982 2972 1065 3026 nullis
1089 2979 1178 3049 legem
1189 2977 1349 3041 Falcidiam,
1358 2977 1403 3032 cui
1412 2977 1506 3032 itidem
1518 2977 1865 3048 imperatnrsitsubjcctus,
1875 2980 1923 3035 lt.

239 3083 305 3140 ergo
322 3067 416 3137 legum
433 3064 550 3120 vinculis
568 3063 774 3134 constringitur.
811 3061 902 3131 Ipsius
926 3066 969 3115 est
989 3059 1064 3130 leges
1090 3064 1120 3120 c,
1145 3064 1180 3118 ed
1202 3065 1219 3117 l.
1237 3064 1342 3118 Falcid.
1378 3064 1410 3099 *³*
1419 3068 1441 3117 1.
1468 3065 1618 3134 Princeps,
1647 3065 1686 3119 nit
1699 3065 1924 3136 jurisconsultus,

233 3154 308 3223 dare,
327 3168 382 3207 non
401 3151 535 3222 accipere,
553 3151 693 3220 imperare
705 3150 781 3218 aliis,
801 3167 854 3203 non
867 3150 1065 3216 obtemperare,
1086 3150 1130 3233 lit
1149 3149 1231 3222 quis?
1251 3151 1300 3203 cui
1315 3150 1420 3205 scilicet
1437 3151 1559 3220 populns
1579 3169 1659 3205 omne
1676 3169 1755 3205 sunm
1775 3152 1923 3224 imperinm

232 3240 388 3296 'l'olosnnus
414 3244 437 3295 t.
457 3238 491 3293 de
510 3254 567 3309 rep.
593 3253 653 3306 cnp.
674 3242 712 3290 20.
741 3240 807 3289 sect.
828 3240 868 3290 23.
905 3239 928 3289 3.
949 3233 1066 3304 Propter
1088 3245 1285 3309 potestatemve
1311 3238 1452 3291 concessit.
1479 3238 1497 3294 l.
1526 3244 1545 3291 1.
1569 3238 1602 3293 de
1618 3245 1703 3293 const.
1723 3239 1841 3310 princip.
1855 3236 1882 3313 ξ
1900 3245 1922 3292 l.

233 3327 416 3395 mapietratns
443 3326 473 3377 in
497 3325 626 3390 fereridin
647 3323 753 3390 lapibus
777 3322 963 3375 intentionem.
1003 3318 1065 3374 Non
1093 3326 1128 3380 de
1146 3330 1271 3395 concept.
1291 3323 1321 3380 ff.
1339 3323 1368 3377 id
1388 3328 1442 3392 est,
1469 3325 1516 3396 qui
1545 3325 1650 3397 gaudet
1673 3327 1818 3396 majestate
1842 3327 1925 3398 plenn

233 3415 305 3470 euim
325 3413 391 3481 sibi,
420 3412 468 3468 sed
493 3411 553 3464 aliis
576 3411 665 3482 legem
691 3407 879 3479 praescribere
895 3407 984 3462 voluit
1031 3408 1066 3460 lt
1093 3417 1121 3467 et
1141 3429 1255 3466 summe.
1292 3412 1416 3483 Populus
1441 3419 1533 3466 autem
1557 3429 1608 3484 pro
1628 3412 1735 3468 ratione
1749 3413 1877 3484 justitiae
1893 3413 1925 3467 li-

135 3486 138 3493 *
206 3494 210 3505 '
234 3501 362 3556 civilibus
380 3500 423 3553 isis
444 3498 596 3550 institutum
610 3496 750 3565 principis
769 3513 825 3547 nnn
844 3503 884 3548 est
910 3494 966 3547 siti
992 3493 1067 3561 lepre
1092 3496 1332 3568 bemimperabat,
1351 3495 1467 3566 ferebat,
1484 3498 1615 3553 mutabat
1636 3496 1713 3571 leges
1731 3505 1816 3571 etque
1833 3499 1927 3554 omnia

227 3591 328 3657 ferre,
353 3585 443 3657 inquit
470 3584 593 3638 Bodinus
619 3583 667 3638 lib.
692 3589 713 3639 1.
735 3582 768 3635 de
786 3598 843 3653 rep.
863 3597 921 3650 cap.
944 3588 966 3637 8.
986 3598 1065 3635 nemo
1092 3584 1232 3650 veriabnt,
1263 3588 1345 3654 prout
1370 3584 1446 3638 salus
1474 3584 1643 3656 reipublicae
1661 3585 1796 3657 exigebat
1831 3585 1924 3656 Atque

233 3680 321 3744 potest
346 3673 402 3725 sibi
425 3673 576 3739 inperare,v
598 3668 616 3725 l.
640 3669 745 3738 penult.
773 3668 807 3722 de
831 3668 912 3724 nrbit.
947 3674 973 3724 4.
1000 3667 1065 3721 Pro·
1093 3672 1162 3727 haec
1191 3675 1269 3738 sunt,
1300 3686 1372 3741 quae
1402 3670 1524 3741 populns
1557 3671 1584 3725 in
1614 3672 1767 3742 principem
1799 3672 1923 3727 eontulit.
1945 3725 1957 3748 ο

136 3746 139 3751 ’
232 3767 295 3831 pter
320 3758 437 3810 absimili
457 3756 684 3810 consecutionem..
730 3753 759 3808 Si
786 3754 916 3825 princeps
939 3753 1066 3810 civilibus
1094 3761 1118 3813 2,
1142 3759 1269 3825 Lepidus,
1287 3756 1327 3811 ait
1335 3755 1559 3827 jurisconsultus.
1584 3761 1670 3826 lepos
1683 3759 1828 3812 snntscito
1845 3776 1924 3828 snpe-

234 3845 343 3917 legibue
363 3844 505 3913 subjectus
524 3848 610 3905 esset,
639 3858 692 3895 uon
713 3846 807 3911 posset
825 3857 871 3895 eas
896 3840 1066 3911 reipublicae
1093 3844 1179 3898 rionis
1195 3845 1346 3914 potentiae,
1358 3843 1458 3913 qssibrss
1470 3844 1499 3896 in
1512 3844 1607 3909 officio
1621 3844 1861 3915 continentes-‚qni
1873 3862 1925 3898 suc

234 3937 310 3987 stetu
327 3930 367 3984 its
386 3918 512 4001 erigente
526 3932 633 3983 mutsre
646 3934 674 3983 et
686 3927 804 3997 abolere,
820 3944 876 3997 qua
894 3927 999 3982 ratione
1011 3944 1067 3980 non
1093 3939 1190 4001 sponte
1208 3933 1334 3997 officinm
1347 3931 1445 3994 facere
1462 3930 1741 3984 sementericias
1756 3934 1809 3985 etc.
1824 3932 1886 3986 dist.
1900 3937 1924 3987 t.

227 4016 393 4081 dominium,
411 4016 459 4071 sed
479 4015 606 4086 tyrannis
620 4014 714 4086 eliqua
728 4013 837 4086 legibus
854 4012 983 4068 civilibus
1003 4029 1066 4067 con·
1093 4019 1138 4073 lib,
1163 4024 1185 4073 1.
1199 4018 1234 4073 de
1253 4018 1270 4071 l.
1289 4023 1317 4073 et
1336 4019 1353 4074 l.
1390 4016 1519 4072 Pendent
1538 4017 1633 4088 itaque
1646 4017 1722 4088 leges
1743 4033 1760 4071 s
1780 4019 1925 4089 majestate

235 4105 385 4162 cederetur.
441 4103 599 4156 Necessitas
638 4101 810 4171 reipublicae
845 4100 943 4172 exigit,
992 4099 1068 4171 leges
1093 4114 1225 4176 tanquam
1248 4104 1353 4173 anima,
1380 4119 1462 4174 quem
1481 4103 1547 4174 quia
1565 4104 1693 4175 princeps
1709 4103 1835 4172 obtinet,
1864 4106 1924 4175 ejus
1998 4092 2001 4097 ’

235 4191 402 4265 quandoque
421 4188 531 4252 mutari,
556 4186 662 4241 Novell.
683 4193 705 4242 i.
722 4204 783 4257 cap.
804 4192 826 4241 2.
852 4186 950 4240 mutari
974 4192 1067 4242 autem
1094 4191 1195 4262 plncito
1224 4189 1398 4246 definiuntur.
1427 4189 1446 4242 l.
1480 4196 1501 4244 l.
1536 4189 1570 4245 de
1597 4196 1684 4244 const.
1712 4191 1799 4260 princ.
1838 4191 1925 4258 Lepos

235 4294 290 4332 non
308 4281 424 4348 possunt
440 4274 492 4328 nisi
512 4273 548 4328 ab
562 4289 603 4341 ee,
623 4273 669 4344 qui
682 4273 792 4344 legibus
804 4278 846 4328 est
859 4273 974 4342 solutus,
993 4273 1010 4329 l.
1026 4279 1066 4329 ³2.
1095 4278 1248 4348 sinpliciter
1267 4276 1436 4332 considerari
1455 4281 1587 4348 possunt,
1610 4282 1631 4331 1.
1650 4282 1681 4330 ut
1699 4284 1764 4331 sunt
1784 4277 1924 4347 objectum

236 4365 272 4420 de
290 4362 407 4434 legibus.
1094 4371 1123 4419 et
1138 4365 1236 4435 regula
1250 4364 1386 4434 justitiae,
1405 4368 1427 4418 ’2.
1447 4368 1479 4416 ut
1499 4369 1564 4417 sunt
1587 4364 1769 4417 instrumente
1787 4369 1815 4417 et
1833 4364 1924 4418 media

272 4455 330 4506 2615.
356 4448 476 4515 Quidam
497 4445 681 4500 distinctionis
699 4445 812 4501 foedere
831 4446 1020 4517 discrepantes
1039 4446 1066 4501 iu
1094 4450 1294 4506 subservientia
1318 4449 1456 4520 majestati
1481 4450 1517 4504 ad
1540 4450 1690 4521 regendam
1714 4451 1922 4520 rempublicam.

235 4537 287 4591 bac
306 4536 467 4607 quaestione
483 4532 633 4589 sententias
652 4532 798 4589 conciliare
818 4534 952 4589 nituntur.
976 4541 996 4592 1,
1012 4531 1069 4588 Do·
1094 4540 1186 4594 Primo
1206 4539 1288 4594 modo
1308 4538 1438 4607 majestas
1457 4536 1508 4591 etsi
1530 4553 1636 4591 summa
1657 4538 1708 4600 sit,
1736 4536 1813 4609 leges
1831 4543 1923 4592 tamen

236 4624 326 4679 uellus
342 4625 392 4681 lib.
414 4630 434 4679 l.
456 4639 553 4678 comm·
572 4639 632 4692 cap.
657 4628 696 4677 ll.
716 4621 864 4693 distinguit
885 4621 958 4676 inter
982 4622 1068 4689 lenem
1095 4626 1220 4699 agnoscit
1238 4632 1369 4696 tunquam
1392 4623 1549 4696 superioris,
1571 4625 1631 4693 Dei,
1651 4630 1767 4679 naturae
1787 4634 1815 4680 et
1834 4631 1925 4681 rectae

236 4711 345 4781 sepiam
370 4718 396 4764 et
422 4711 508 4777 lepem
534 4709 713 4779 principibus
733 4709 893 4778 propriam.
942 4707 1068 4764 Solutum
1094 4713 1222 4788 ratipnis,
1243 4714 1271 4766 in
1290 4712 1401 4784 quassi
1424 4713 1568 4784 impingit,
1594 4711 1735 4783 obligatur
1753 4712 1788 4766 ad
1809 4730 1925 4782 poenum

236 4813 297 4852 esse
324 4797 393 4850 dicit
415 4796 524 4868 legibus
546 4796 713 4866 principem,
738 4800 886 4866 propterea
904 4796 977 4866 quod
1001 4795 1067 4868 legi·
1095 4800 1155 4856 Deo
1171 4797 1321 4869 aliqnando
1345 4797 1521 4854 reddendum.
1563 4799 1666 4853 Peccat
1686 4805 1778 4852 autem
1798 4800 1926 4870 princeps

237 4882 289 4938 bus
309 4888 337 4937 ct
356 4882 516 4936 solennibus
530 4882 602 4953 juris
619 4882 655 4936 sit
672 4882 777 4935 solutus
795 4897 812 4935 s
828 4882 932 4951 populo
944 4880 1068 4935 Romano
1096 4889 1267 4958 majestatem
1287 4884 1414 4940 obtinens
1432 4885 1461 4939 in
1478 4885 1526 4939 has
1539 4886 1616 4956 leges
1636 4884 1795 4955 dupliciter:
1816 4890 1838 4941 l.
1853 4884 1926 4939 Dum

236 4987 287 5041 per
307 4969 396 5039 legem
416 4969 529 5038 regiam,
548 4984 618 5039 quae
636 4968 672 5022 de
689 4966 804 5037 imperio
828 4968 888 5038 ejus
908 4967 964 5021 lats
985 4967 1070 5022 fuerit
1096 4990 1150 5026 non
1167 4977 1242 5026 recte
1255 4970 1330 5025 circa
1347 4988 1394 5029 sss
1413 4973 1440 5026 in
1458 4972 1658 5042 rempublicam
1677 4971 1848 5025 inducendas
1867 4988 1926 5025 ver·

236 5055 254 5112 l.
283 5061 304 5111 t.
334 5053 363 5109 ff.
388 5053 423 5107 de
446 5058 531 5108 const.
556 5072 597 5125 pr.
623 5055 641 5108 l.
665 5053 729 5110 30
757 5054 792 5108 de
816 5058 923 5107 testem
947 5060 1069 5108 stmmcn
1095 5065 1179 5124 satur,
1198 5056 1327 5112 nimirum
1346 5057 1369 5113 si
1389 5059 1469 5114 aliter
1481 5058 1626 5128 disponere
1643 5063 1802 5128 praesumet
1821 5060 1927 5129 ecjurc

236 5141 324 5196 teneri
343 5138 496 5212 principem
516 5139 577 5208 lege
597 5141 680 5195 obem
699 5157 758 5209 sua,
776 5139 907 5211 quonism
926 5141 1068 5197 declarent
1096 5144 1189 5199 cinno
1210 5142 1317 5200 factum
1344 5150 1393 5200 snt
1414 5146 1462 5215 jus
1491 5152 1606 5199 naturae
1632 5143 1691 5198 fieri
1713 5142 1828 5215 jubeet3
1856 5150 1880 5200 2.
1904 5144 1927 5197 si

239 5229 386 5300 principes,
407 5243 435 5280 se
454 5225 523 5279 velle
540 5226 649 5297 legibus
662 5228 754 5282 vivere
772 5232 933 5292 statuentes,
953 5228 992 5282 nil
1012 5245 1068 5282 mn·
1095 5231 1122 5284 in
1143 5230 1205 5300 ipsc
1222 5231 1422 5303 gubernatione
1440 5248 1496 5286 non
1513 5231 1650 5298 observet,
1666 5230 1793 5285 nimirum
1812 5231 1835 5284 si
1853 5230 1927 5301 prin·

239 5315 282 5386 gis
299 5313 444 5370 convenire
464 5311 578 5381 imperio
599 5311 625 5365 d.
644 5312 661 5368 l.
684 5318 708 5368 3.
729 5312 758 5367 C.
778 5312 812 5367 de
832 5319 938 5367 testam.
976 5313 1068 5377 Quod·
1094 5334 1159 5388 ceps
1183 5325 1279 5374 contra
1300 5320 1349 5391 ius
1369 5319 1492 5374 divinum
1511 5318 1654 5388 dispenset
1679 5317 1723 5372 rel
1746 5317 1842 5387 poenis
1866 5333 1926 5387 prn-

238 5401 261 5453 si
279 5401 365 5471 igitur
381 5400 449 5454 alias
469 5397 605 5469 quidquid
625 5399 743 5471 principi
763 5400 885 5470 placuit,
911 5401 955 5455 lex
982 5408 1031 5470 cst,
1049 5403 1068 5456 l.
1094 5403 1161 5459 tism
1180 5404 1274 5476 iaciat,
1292 5405 1411 5461 mxime
1429 5404 1457 5458 iu
1476 5402 1581 5474 poenis,
1603 5420 1675 5474 quae
1688 5402 1810 5457 naturali
1821 5404 1927 5458 rstione

240 5489 249 5537 t
283 5485 314 5541 ff.
332 5487 367 5541 de
387 5485 495 5542 constit.
516 5502 556 5556 pr.
575 5485 657 5540 etiam
678 5484 750 5542 hanc
767 5485 923 5559 principum
943 5487 1069 5544 volunta·
1094 5491 1235 5557 nituntur,
1261 5491 1288 5546 si
1305 5491 1413 5547 indicte
1431 5504 1517 5544 censa
1536 5488 1657 5560 aliquem
1676 5489 1855 5559 condemnet,
1874 5489 1927 5542 nisi

235 5576 306 5663 tem,
332 5588 388 5643 que
407 5588 437 5627 se
454 5570 563 5644 legibus
583 5570 732 5627 adstrictos
748 5572 862 5644 volunt,
891 5573 981 5648 legem
1000 5574 1069 5647 iore,
1096 5568 1202 5635 mium
1217 5576 1255 5633 sit
1277 5575 1429 5645 notorium,
1453 5573 1475 5629 si
1499 5572 1652 5631 dominium
1666 5575 1823 5648 quaesitum
1842 5574 1926 5631 alicui
