4020 6014
683 235 735 294 DE
752 233 1005 295 molstum
1022 235 1226 297 POHTIOQr
1729 249 1792 309 809

99 386 177 459 legit,
195 404 264 459 quos
282 389 413 461 privatim
431 389 467 446 ds
483 391 536 447 boo
556 390 667 448 decreto
683 391 798 448 edoctos
813 391 931 448 'liideu-
959 390 1104 457 tobwtar,
1124 401 1174 449 osa
1193 395 1369 465 appellatas,
1389 398 1457 467 qais
1468 397 1565 468 potios
1578 386 1722 468 potentari
1738 398 1793 452 soi·

99 480 159 529 tum
176 481 275 545 postea
291 476 367 531 misit
391 493 455 533 cum
473 476 663 534 Genumium
686 479 800 536 vicario.
835 479 930 550 Atque
956 479 1084 536 atiriaco·
1100 482 1262 551 comitiam,
1286 484 1368 552 quod
1384 484 1514 539 oidsatw
1531 484 1609 540 sllod
1635 484 1793 554 quaesitam

98 560 138 615 ita
168 560 364 634 suffragiorum
389 579 505 620 numero
532 570 561 621 et
583 564 750 622 elamoribus
773 565 856 622 facile
880 581 931 638 per
956 572 982 619 st
998 566 1147 638 ιιῳιιῐιωιι
1165 585 1221 624 aon
1246 570 1419 632 formandae
1441 572 1686 642 ratitandcsqas
1703 571 1789 626 disci·

98 646 157 710 bos,
175 647 251 718 quod
270 649 374 715 voluit,
392 651 422 704 in
440 651 548 722 synodo
566 651 707 724 obtinuit,
722 659 755 710 ut
774 610 945 741 decernere!
951 652 1053 722 pliace
1070 669 1120 707 aec
1143 661 1280 709 sscmmm
1302 657 1577 726 comprimendam
1601 658 1713 727 studio,
1740 659 1792 713 ssd

97 739 152 802 tur,
170 751 255 788 unum
269 752 329 792 esse
347 736 507 809 episcopum
525 738 635 810 seipse,
655 756 756 812 nempe
772 739 944 811 pontificem}
957 739 1124 808 acassam
1146 742 1329 812 obsequendi,
1358 761 1478 813 pamm
1501 747 1638 818 priootoa
1660 743 1791 800 utilitatis
1880 740 1884 751 '

98 819 270 890 Romanum,
295 823 376 893 cujus
399 823 485 880 ceteri
503 840 598 880 omnes
617 826 758 897 mancipia
776 827 856 899 quasi
876 827 932 882 sint
958 825 1048 895 mopis
1067 844 1151 896 psam
1164 829 1296 899 publicos
1310 832 1387 885 ratio
1399 831 1470 886 s'as'ta
1482 849 1541 887 esse
1553 833 1691 887 uideatur.
1723 829 1793 887 vids

98 911 128 960 et
146 913 298 972 creaturae,
316 925 442 980 quosque
459 909 483 964 is
500 927 552 982 pro
570 928 620 967 suo
637 911 753 969 arbitrio
770 912 857 969 libere
877 912 931 968 sibi
957 911 987 966 in
1012 904 1158 972 ιὀιιιιιιιιι.
1182 914 1276 972 bullae
1293 915 1457 974 Pontificius
1478 917 1549 974 iulii
1572 917 1624 972 III.
1657 918 1791 973 Abulites

97 993 252 1064 adjungere
270 994 366 1064 possit,
383 1011 435 1050 noc
454 996 562 1066 decere,
578 1003 611 1053 ιιι
629 998 659 1054 1ιί
677 998 802 1070 pontifici
819 999 932 1055 modam
953 999 1085 1068 pestifer
1099 1002 1182 1056 sobo
1206 1002 1379 1067 asiosssols,
1404 1021 1461 1058 eoa
1482 1004 1558 1058 sam
1584 1011 1624 1058 est
1641 1004 1791 1058 decadam

97 1095 190 1133 rerum
206 1080 390 1150 gerendarum
406 1081 465 1137 ulla
483 1100 517 1138 ex
535 1091 614 1156 parte
634 1086 833 1157 praescribant.
869 1084 931 1142 Hac
956 1085 1116 1141 crimmis
1133 1088 1295 1158 concilium,
1319 1090 1366 1144 oui
1386 1106 1437 1144 osc
1455 1090 1596 1144 Hearicas
1618 1089 1789 1160 Galliarum,

96 1165 204 1220 ratione
225 1173 432 1223 exauctoratum
456 1168 543 1225 luisse
578 1170 701 1228 salutare
724 1172 795 1228 illud
813 1172 849 1228 de
867 1172 932 1229 resi·
957 1187 1008 1225 aee
1027 1172 1186 1228 Edaordas
1203 1173 1335 1244 Aeolios,
1352 1192 1403 1230 aec
1423 1175 1622 1245 Sipismssadas
1640 1175 1791 1236 Poenina
1908 1175 1922 1196 ⁹

99 1250 195 1306 dentis
231 1252 385 1324 decretum,
423 1255 510 1327 legati
551 1255 707 1329 principum
742 1265 771 1313 et
798 1263 931 1329 ιιιιιιιιι,
957 1274 1007 1313 oso
1025 1259 1080 1314 alii
1098 1260 1216 1330 qnidam
1232 1276 1327 1330 repes,
1356 1277 1406 1316 osc
1433 1262 1488 1316 olii
1504 1263 1620 1332 quidam
1636 1263 1790 1332 principes,

98 1339 147 1410 qui
158 1338 276 1394 concilio
292 1340 483 1407 interfuerant,
500 1341 549 1398 ubi
563 1343 675 1399 domum
687 1344 795 1400 rediere
809 1345 845 1400 ad
858 1362 931 1410 auos,
958 1359 1046 1413 usqae
1064 1346 1142 1400 olias
1153 1348 1292 1415 quosdam
1306 1347 1473 1416 procinctus
1485 1348 1680 1412 consenserint,
1698 1364 1791 1417 qaam·

99 1425 212 1496 publice
231 1425 313 1481 editis
333 1428 385 1483 hac
404 1428 438 1485 de
456 1445 486 1484 re
505 1430 615 1500 scriptis
634 1431 796 1488 retulerunt
824 1432 932 1488 Causae
959 1432 1109 1486 admodum
1140 1448 1204 1487 esre
1233 1450 1290 1488 soa
1318 1435 1492 1488 consuiant
1508 1442 1548 1489 st
1572 1433 1788 1505 prudentisima

98 1528 186 1568 tecua
205 1513 303 1568 concil
322 1513 400 1568 Trid.
424 1515 445 1570 f.
472 1517 568 1572 324.ss
602 1523 628 1574 t.
647 1520 693 1572 Ec
717 1519 802 1574 liberi
818 1519 934 1574 oooedis'
959 1524 1054 1586 opust.

98 1607 211 1656 ootaro.
247 1599 282 1654 ln
300 1600 416 1657 concilio
432 1601 520 1657 libero
539 1620 644 1662 errores
661 1608 691 1660 et
703 1604 817 1669 abusus,
835 1605 882 1677 qui
902 1605 933 1660 in
994 1608 1054 1658 207.
1086 1608 1110 1659 4.
1137 1602 1295 1673 Petierunt,
1321 1604 1466 1659 consilium
1489 1604 1649 1660 instituite
1673 1605 1791 1664 asmo

10 1690 82 1735 Mt
98 1685 241 1742 occludam
264 1685 443 1759 irrepserunt,
459 1688 552 1755 {libere
574 1695 691 1762 poscam
715 1707 750 1746 ac
768 1691 872 1748 debent
890 1708 932 1747 ar·
960 1690 1023 1754 sia,
1046 1690 1078 1744 io
1095 1690 1156 1745 loco
1173 1693 1318 1746 oomrsodo
1334 1708 1371 1746 ac
1395 1699 1462 1748 tato.
1498 1692 1540 1747 At
1556 1708 1610 1748 neo
1626 1693 1684 1770 hae
1696 1695 1791 1750 condi·

96 1773 155 1845 gui.
190 1773 297 1837 Quodsi
321 1789 390 1846 ergo
416 1774 533 1831 liberum
547 1776 647 1832 luisset
658 1777 804 1833 concilium
814 1777 933 1834 Tridsn·
959 1777 1048 1832 tiones
1067 1775 1230 1834 deeutino
1248 1776 1366 1834 coneilio
1384 1782 1554 1849 competunt.
1585 1778 1791 1839 litidedun

97 1860 195 1929 tinum,
220 1859 442 1917 Protestantibue
462 1862 555 1919 danda
578 1864 677 1920 fuisset
698 1870 821 1937 potestas
844 1865 932 1922 libere
959 1863 1201 1935 acosmographis
1217 1864 1290 1920 inter
1301 1863 1401 1921 Italiae
1411 1864 1494 1921 urbes
1506 1864 1625 1920 refertur
1642 1871 1671 1922 et
1687 1867 1791 1933 natira,

97 1955 126 2002 et
144 1948 251 2020 absque
268 1955 343 2005 metu
355 1948 557 2022 reprehendere
571 1957 602 2008 et
616 1952 804 2008 demonstrare
816 1968 931 2022 errores,
958 1949 1110 2004 communis
1127 1950 1364 2022 udtatimimaque
1380 1951 1485 2007 ibidem
1506 1958 1551 2007 eet
1568 1951 1665 2024 lingua
1681 1952 1787 2021 Italica,

97 2034 250 2104 simoniam,
270 2037 448 2108 tyrannidem
465 2045 494 2093 et
512 2038 568 2094 alia
587 2038 690 2095 delicta
708 2038 854 2111 pontificis.
891 2040 931 2095 At
958 2035 1073 2106 repertis
1090 2036 1281 2107 paucissimis,
1301 2038 1349 2109 qui
1372 2036 1566 2094 Germanicam
1590 2038 1713 2110 linguam
1733 2041 1789 2096 cal·

97 2121 223 2193 pontifex
238 2122 342 2193 judicis
360 2123 483 2179 officium
499 2125 552 2180 sibi
568 2125 728 2197 arrogabat,
744 2125 812 2196 quin
832 2131 860 2181 et
875 2125 930 2193 jam
957 2122 1022 2179 lent
1058 2123 1097 2177 At
1112 2123 1260 2178 concilium
1282 2124 1401 2196 petitum
1426 2129 1455 2178 et
1478 2123 1644 2195 promissum
1666 2125 1694 2179 in
1719 2125 1788 2183 Ger·

97 2215 161 2264 ante
179 2208 368 2264 Protestantes
391 2216 423 2264 ιι
446 2210 598 2267 haereticos
616 2212 848 2268 condemnaverit
865 2212 930 2267 sibi·
957 2208 1049 2263 mania
1066 2213 1125 2264 erat
1142 2208 1355 2279 celebrandum,
1376 2216 1435 2264 tum
1455 2210 1522 2280 quia
1540 2210 1619 2265 loeas
1635 2213 1720 2267 semel
1739 2215 1786 2269 do

98 2310 153 2365 que
170 2300 335 2365 potestatem
355 2296 384 2351 in
402 2296 514 2368 propria
525 2313 610 2353 cauea
620 2298 765 2369 judicandi
777 2299 839 2368 ipso
855 2298 931 2355 tacto
951 2301 1070 2364 passos
1093 2295 1212 2351 concilio
1235 2296 1341 2350 matari
1363 2314 1420 2351 ooo
1442 2297 1535 2365 debet,
1564 2304 1596 2352 ut
1624 2297 1664 2352 eit
1686 2298 1787 2355 Petrus

98 2381 294 2436 vendicaverat
312 2387 410 2437 contra
428 2382 636 2455 dispositionem
651 2384 723 2453 juris
745 2384 828 2440 etiam
847 2400 929 2441 cano-
957 2384 1136 2452 Ancoranus3
1153 2387 1213 2436 tum
1231 2380 1297 2453 quia
1314 2398 1434 2454 aequum
1453 2387 1503 2449 est,
1522 2389 1554 2438 ut
1570 2383 1610 2438 ibi
1627 2384 1788 2443 instituatur

98 2466 152 2522 nici
171 2484 193 2521 c.
220 2467 250 2524 si
272 2484 346 2540 papa
363 2474 416 2524 etc.
430 2469 493 2523 dist.
514 2476 556 2525 40.
580 2470 613 2525 ln
632 2469 748 2526 concilio
766 2470 854 2527 libero
873 2488 929 2528 non
957 2468 1113 2537 concilium,
1133 2467 1284 2524 ubiortum
1295 2467 1450 2533 dissidium,
1467 2473 1500 2524 ιιι
1511 2468 1550 2524 ibi
1567 2477 1682 2540 paretur
1699 2489 1786 2529 reme·
1801 2480 1899 2525 nm.

97 2554 185 2608 solum
205 2553 342 2625 episcopie
359 2561 387 2610 et
404 2555 524 2625 clericis,
549 2556 598 2612 sed
623 2557 706 2612 etiam
723 2558 801 2613 laicis
819 2558 928 2614 dandus
956 2555 1040 2624 dium,
1058 2554 1107 2609 ubi
1124 2555 1236 2611 morbus
1254 2555 1352 2611 hebuit
1371 2556 1520 2620 exordium,
1538 2558 1614 2628 qood
1631 2559 1788 2628 primitivae

96 2646 140 2695 eet
156 2640 240 2710 locus,
261 2657 346 2696 causa
362 2641 435 2696 enim
450 2641 516 2698 fidei
534 2643 687 2698 communis
710 2650 753 2700 ea
770 2651 798 2700 et
815 2646 852 2700 ad
872 2662 928 2700 om·
956 2640 1089 2697 ecclesiae
1106 2641 1234 2712 exempla
1249 2641 1445 2712 comprobant3
1473 2647 1532 2696 tum
1554 2643 1689 2715 denique,
1719 2648 1787 2719 quia

96 2743 146 2783 nes
170 2728 292 2798 pertinet
314 2727 493 2786 Christianos.
536 2728 592 2785 Sed
617 2730 646 2784 in
671 2729 789 2787 concilio
811 2731 927 2788 'l'ridem
955 2729 985 2783 in
1005 2727 1157 2783 Germania
1175 2728 1254 2783 locas
1271 2728 1431 2783 commodus
1448 2728 1544 2784 haberi
1562 2736 1669 2801 potest,
1694 2734 1793 2805 aliqua

101 2813 159 2868 tino
178 2813 309 2884 praelatis
322 2813 475 2870 Pontificiis
493 2815 628 2871 duntaxat
646 2822 740 2887 partes
752 2817 927 2873 consultandi
955 2813 1062 2869 scilicet
1079 2832 1112 2870 ex
1132 2814 1228 2869 liberie
1242 2818 1273 2869 et
1289 2813 1479 2884 imperialibus
1491 2814 1658 2872 civitatibus.
1687 2825 1711 2874 2.
1725 2819 1785 2874 Tri·

95 2917 130 2956 ac
150 2899 296 2956 decidendi
315 2903 404 2957 datae.
441 2902 473 2956 ln
492 2902 610 2958 coneilio
629 2903 718 2959 libero
731 2903 823 2959 omnia
839 2905 927 2961 libere
955 2900 1070 2955 dentum
1080 2917 1137 2956 non
1148 2907 1210 2955 eret
1225 2900 1303 2955 loeus
1320 2900 1490 2970 commodus,
1507 2906 1566 2956 trum
1585 2903 1692 2958 ratione
1710 2923 1786 2976 mop-

96 2994 124 3044 et
142 2986 250 3058 absque
266 2988 437 3057 praejudicio
456 2989 552 3060 peragi
575 2988 686 3048 debent.
726 2990 927 3063 AtquiProte·
955 2987 1109 3050 studiosa,
1136 2985 1204 3058 qui!
1227 3003 1285 3041 1¹01!
1308 2989 1352 3041 “i
1374 3000 1460 3058 0⁸1)ss
1485 2988 1623 3058 generalis
1650 2989 1784 3059 ejsstmodi
1860 3018 1863 3038 ε

95 3080 201 3130 etanta
229 3073 398 3146 gravissimis
424 3075 603 3146 praejudiciis
625 3076 752 3148 jamdum
774 3082 839 3133 ante
862 3095 928 3134 oon·
954 3072 1192 3145 congregationi&
1212 3077 1271 3127 tum
1289 3072 1398 3129 ratione
1415 3074 1494 3142 situs,
1514 3075 1581 3144 quia
1596 3075 1678 3130 nimis
1697 3083 1785 3133 remo·
1849 3078 1870 3127 ·'

95 3161 190 3218 cilium
208 3166 286 3216 aaut
306 3163 428 3233 musti,
453 3161 510 3217 lata
530 3163 601 3217 enim
626 3170 688 3218 erat
709 3164 847 3221 sententia
863 3181 927 3220 con·
955 3164 1000 3215 tus
1021 3167 1064 3215 est
1081 3159 1248 3233 evangelicis
1259 3161 1421 3231 praesertim
1434 3161 1561 3229 sufibus,
1581 3162 1682 3234 quibus
1700 3165 1786 3220 aenis
1902 3166 1906 3173 '

94 3255 139 3304 tra
157 3248 413 3319 ipsosaLeoneX.
432 3265 503 3319 quae
521 3265 539 3304 a
556 3249 710 3306 Panlolll.
730 3256 759 3307 et
775 3252 825 3309 1v.
843 3253 927 3308 edam
955 3247 1107 3303 ditionibus
1131 3253 1190 3303 tam
1210 3248 1295 3320 longe
1319 3248 1396 3304 abire
1422 3265 1455 3304 eo
1478 3250 1639 3320 praesertim
1661 3256 1789 3322 tempore

95 3335 270 3402 confirmata,
298 3335 365 3406 quin
392 3335 447 3390 imo
470 3335 545 3391 idem
567 3336 672 3392 Paulae
703 3338 755 3395 111.
781 3338 926 3411 aliquoties
956 3351 1010 3388 non
1040 3341 1099 3390 orat
1118 3333 1269 3406 integrum·
1311 3339 1334 3390 3·
1361 3334 1526 3390 Tridentum
1549 3352 1605 3391 non
1625 3343 1684 3391 erat
1709 3339 1785 3392 locus

94 3439 145 3495 per
172 3422 265 3477 literas
295 3421 422 3477 Carolum
459 3420 496 3479 V.
529 3423 691 3496 gravissime
721 3424 927 3498 objurgaverat,
954 3437 1081 3485 securus,
1106 3421 1289 3492 nequeenim
1306 3425 1349 3476 est
1365 3420 1453 3476 libera
1470 3420 1577 3490 imperii
1594 3422 1706 3491 civitas,
1734 3424 1785 3479 sed

95 3509 169 3579 quod
187 3524 250 3562 cum
267 3506 489 3565 Protestantibus
507 3511 726 3566 communionem
743 3510 865 3568 haberet,
953 3514 1034 3579 paret
1050 3507 1367 3579 episcopo'lbidentino,
1385 3506 1433 3578 qui
1453 3524 1510 3562 non
1529 3507 1611 3562 modo
1631 3515 1663 3563 ut
1678 3510 1784 3580 episco-

130 3599 188 3651 206.
228 3599 252 3651 3.
271 3593 416 3649 Petierunt
437 3595 586 3650 concilium
606 3599 736 3667 perorata
761 3607 789 3652 st
805 3616 926 3655 oeoams-
954 3612 1007 3666 pus
1026 3593 1160 3666 peculiari
1175 3594 1334 3664 juramento
1354 3592 1477 3663 pontifici
1490 3593 1716 3665 cratobstrictue,
1734 3596 1783 3653 sed

94 3683 197 3737 nicam.
218 3680 306 3752 Atqui
326 3680 519 3735 Tridentinum
536 3682 683 3738 concilium
701 3699 757 3740 non
775 3684 830 3740 fuit
846 3702 926 3742 oeen-
954 3682 1037 3737 etiam
1055 3687 1087 3735 ut
1106 3678 1258 3735 cardinalis
1275 3677 1399 3751 pontifici
1419 3680 1562 3750 proximus
1584 3698 1603 3735 a
1621 3681 1706 3737 latere
1723 3687 1785 3738 erat

94 3767 240 3824 monicum.
288 3766 411 3821 Admissi
441 3771 507 3821 sunt
537 3768 574 3822 ad
600 3768 670 3823 illud
699 3770 781 3842 pauci
810 3772 925 3843 quidam
954 3766 1190 3838 ejusquotrater.
1227 3764 1337 3821 Deinde
1360 3766 1607 3822 excommunicatio
1628 3768 1783 3839 principum

96 3854 219 3925 episcopi
250 3853 327 3923 ltali,
348 3852 482 3924 Hispani,
506 3852 638 3909 Germani
674 3855 834 3911 ιιιιὶιιίιιιὶι
850 3859 926 3930 jura·
953 3851 1357 3925 protestantium'lbidentipro
1369 3858 1432 3906 rata
1443 3852 1608 3911 habebatur.
1637 3857 1784 3911 Praeterea

96 3941 196 3996 mentis
214 3939 339 4010 pontifici
357 3939 483 3995 adstricti
503 3940 621 3995 uelutis
634 3941 750 4014 reliquis
768 3944 926 4000 nationibus
953 3937 1090 3996 Pontificii
1118 3939 1222 3994 ibidem
1247 3937 1352 3993 viribus
1370 3939 1576 4009 praevalebant
1610 3941 1708 3996 Abbas
1728 3941 1780 3997 Pa·

95 4025 280 4082 (ihristianam
318 4025 479 4097 religionem
521 4027 767 4098 amplectentibus,
814 4030 926 4102 Anglia,
953 4025 1122 4082 dormitanus
1140 4025 1291 4082 canonista*
1304 4024 1469 4096 percelebris
1486 4024 1513 4079 in
1532 4032 1612 4081 tract.
1633 4027 1668 4081 de
1684 4028 1779 4082 concil.

96 4111 204 4175 Scotia,
225 4111 332 4180 Dania,
358 4111 459 4167 Suecia
477 4116 528 4166 etc.
565 4110 679 4168 italicae
702 4114 822 4170 rationis
847 4122 928 4172 erant
953 4112 1095 4168 basilicus.
1114 4111 1188 4183 qnod
1212 4128 1287 4183 papa
1311 4110 1454 4184 Eugeuias
1479 4129 1495 4167 e
1519 4112 1669 4168 Germania
1686 4113 1782 4170 Perre

96 4198 155 4254 fere
174 4197 285 4252 ducenti
303 4198 460 4268 praesules,
482 4214 516 4252 ex
543 4197 604 4252 aliis
622 4199 750 4257 omuibus
766 4203 928 4258 nationibus
955 4199 1023 4254 riam
1052 4197 1202 4254 trmsfeme
1233 4197 1392 4269 cogitabat,
1432 4203 1527 4269 aperte
1556 4198 1667 4268 scribit,
1707 4203 1783 4269 quod

95 4300 151 4339 nou
163 4291 282 4351 centum,
295 4284 370 4338 unde
382 4283 479 4339 Claud.
494 4283 674 4356 Espsncasus
684 4286 714 4340 in
725 4303 821 4343 comm.
833 4288 888 4344 'lit
902 4297 925 4351 1,
955 4286 1065 4341 etiamsi
1080 4285 1158 4339 illud
1175 4286 1323 4339 ooaos'ls'mr
1340 4286 1372 4338 ia
1384 4285 1531 4357 priampio
1543 4286 1699 4338 Ferrarius
1710 4286 1785 4351 fas‘e·

95 4387 128 4426 ex
146 4369 289 4425 Ludorico
309 4369 466 4426 Arelatensi
485 4370 678 4443 conqueritur,
698 4373 728 4426 s'a
746 4374 875 4430 emollita
893 4377 927 4432 ιιι
953 4383 995 4430 sot
1010 4374 1178 4440 institutam,
1203 4379 1297 4427 tamem
1323 4373 1426 4441 optim
1446 4372 1512 4440 jors
1529 4372 1595 4424 iada
1610 4370 1640 4424 in
1665 4371 1789 4425 Germa.
1818 4430 1823 4440 ,

88 4461 204 4533 ¹(testator
219 4459 291 4524 fieri,
312 4460 390 4527 qaod
406 4458 516 4513 notioni
532 4460 649 4529 placeat
667 4459 804 4525 Italicos,
823 4462 926 4534 quippe
954 4461 1031 4514 ainos
1043 4459 1203 4525 terasso-ri
1228 4466 1256 4511 et
1267 4459 1406 4527 potuisset
1431 4466 1457 4511 et
1480 4457 1633 4521 ἀοιιίιισι,
1657 4473 1689 4510 eo
1708 4461 1792 4526 qaod·

93 4538 165 4614 qaas
190 4544 318 4596 nationes
344 4544 420 4598 alias
443 4560 558 4598 sommo
583 4546 777 4616 epsicoporum
801 4558 925 4618 emerat.
954 4546 1098 4616 Eopsos‘w
1123 4545 1168 4615 ibi,
1184 4545 1310 4614 potentio
1333 4544 1427 4596 valeat
1445 4548 1472 4595 et
1487 4542 1642 4595 ιίσίιοιιιηι
1652 4543 1782 4606 savorem

94 4634 134 4686 Et
150 4631 231 4694 hoec,
255 4629 361 4702 inquit,
386 4637 427 4684 eet
443 4631 499 4685 illo
518 4632 642 4698 Haleso,
660 4649 733 4702 quos
752 4651 843 4704 uesper
864 4636 925 4688 Tri·
954 4643 981 4689 et
1010 4632 1147 4686 ausiliaas
1175 4631 1283 4687 taem.
1304 4629 1351 4684 vld
1374 4629 1465 4700 ipsum
1489 4645 1539 4683 nos
1560 4627 1596 4684 de
1618 4627 1782 4687 tridentino

95 4719 173 4773 dotti
194 4716 319 4773 obtinuit.
354 4716 427 4773 Vide
454 4717 552 4791 colloq.
579 4717 709 4775 Bainoldi
738 4736 802 4775 cum
826 4718 924 4780 Harto.
953 4719 1079 4775 dicimo.
1115 4717 1245 4789 Denique
1261 4715 1407 4771 concilium
1420 4714 1488 4769 illud
1505 4731 1561 4768 non
1578 4720 1638 4770 erat
1655 4732 1782 4773 securum

94 4823 121 4878 p.
140 4810 199 4860 397.
235 4803 295 4858 Rex
319 4800 430 4860 Galliae
461 4804 607 4860 concilium
634 4806 704 4862 illud
727 4806 756 4861 in
783 4806 925 4882 ἐπιγραφῇ
951 4807 1060 4861 rodone
1083 4803 1211 4872 amase,
1241 4802 1375 4858 iadlctum
1401 4800 1474 4854 enim
1498 4803 1557 4855 erat
1581 4818 1605 4855 a
1635 4801 1782 4874 pontifice,

94 4893 234 4948 literarum
259 4890 295 4945 ad
321 4897 415 4961 patres
432 4890 609 4948 'Ibideutinos
632 4900 806 4949 exantarum
831 4901 859 4950 et
875 4911 927 4966 per
949 4896 1008 4966 jam
1023 4906 1091 4946 rero
1105 4890 1267 4944 canonistas
1284 4892 1443 4958 proponunt
1460 4885 1533 4941 hane
1552 4888 1704 4943 cautelam:
1736 4890 1784 4942 Eo

95 4980 226 5035 abbatem
246 4977 387 5032 manum
407 4984 541 5033 oratorem
565 4996 645 5034 suum
669 4980 824 5039 oblatarum
842 4990 926 5040 vocat
952 4996 984 5035 so
1002 4979 1078 5048 solo,
1101 4978 1178 5047 quod
1196 4975 1286 5029 citans
1303 4973 1417 5026 σιίαιιιιιι
1442 4974 1517 5043 odit,
1543 4975 1643 5029 atatis
1657 4992 1783 5046 pronao·

96 5073 256 5121 concentum
273 5070 303 5120 et
327 5065 356 5119 in
377 5065 443 5135 ipsis
467 5063 557 5120 literis
580 5066 654 5121 inter
677 5074 772 5124 cetera
793 5070 924 5142 postulat,
952 5068 1110 5121 ιίσιιιιιιοιι
1121 5070 1205 5125 tutata
1223 5068 1250 5114 ti
1263 5058 1659 5129 dwiimfflfflllssiabmr
1673 5062 1785 5117 etiami

95 5169 130 5208 aa
146 5153 202 5207 siti
218 5152 394 5221 pravissimis
413 5151 550 5206 bellorum
572 5153 690 5207 motibus
712 5154 858 5224 implicato
879 5174 925 5211 aa·
953 5156 989 5208 de
1005 5169 1041 5207 sc
1059 5169 1116 5206 aon
1136 5148 1256 5219 saepiat
1272 5147 1315 5200 vel
1336 5146 1468 5215 appellet.

95 5251 170 5294 cosas
199 5240 236 5291 sit
265 5239 430 5293 itidentam
453 5240 560 5309 lepotos
585 5239 697 5292 arms
718 5256 787 5295 asos
809 5240 926 5298 ditonis
988 5244 1047 5295 208.
1082 5236 1127 5291 Ex'
1141 5235 1185 5290 his
1202 5233 1285 5288 facile
1301 5239 1426 5305 apparet,
1444 5231 1512 5303 qnid
1530 5232 1566 5286 ad
1584 5234 1724 5289 mutaris
1740 5252 1782 5290 ar-

96 5325 254 5395 ops‘scopos,
275 5326 380 5395 quippe
398 5325 563 5397 quibasaec
580 5327 663 5396 libor,
689 5342 741 5381 ses
757 5333 832 5382 tatas
846 5336 926 5401 poto-
952 5331 1085 5400 gumenta
1106 5320 1330 5393 respondendum
1354 5319 1411 5374 sit..
1438 5323 1462 5375 1.
1482 5320 1546 5372 Poe
1570 5319 1641 5373 doto
1658 5328 1712 5385 est,
1742 5320 1783 5375 in·

95 5420 140 5466 rst
156 5427 291 5478 accersas,
307 5428 374 5466 neos
391 5413 425 5468 id
444 5414 535 5482 ipsam
555 5413 712 5480 comediam,
731 5431 750 5467 o
768 5430 824 5484 qao
835 5415 927 5470 scota·
953 5412 1066 5486 quiunt,
1096 5410 1144 5464 aab
1163 5408 1323 5467 conditione
1339 5407 1455 5463 teredii
1475 5406 1630 5475 emeratis,
1656 5407 1705 5462 sed
1723 5408 1784 5480 ipse

96 5501 218 5553 dorm:
234 5495 428 5564 testamen,
456 5500 586 5567 parents
608 5501 694 5557 lotias
716 5499 851 5556 missiae
875 5509 926 5556 aot
952 5495 1253 5573 psotmaonistcuor
1273 5499 1393 5550 textulum
1418 5492 1594 5552 emmenum.
1631 5496 1658 5548 0.
1682 5494 1785 5551 Ferat·

146 5593 246 5636 datad
260 5592 308 5637 lod.
327 5593 361 5637 Vi
1421 5602 1454 5654 24
