4020 6014
649 349 702 408 me
726 347 980 409 lllffls'l'lla'l'll
1000 351 1186 413 Pontico.
1705 374 1766 433 375

74 513 169 554 mense
207 496 283 571 Mejo
319 504 539 559 Protertaotium
569 507 684 560 ordiner
715 510 757 562 aa
788 507 908 561 Flana-
933 507 1044 579 pietatis
1057 511 1204 569 cultumet
1221 513 1357 569 unaarum
1375 515 1430 571 Dei
1447 516 1574 572 timorem
1593 518 1767 577 subditorum

74 601 151 640 scum
169 587 195 641 I.
219 587 336 643 Gallias
354 605 446 658 rupem
463 591 554 655 minois
572 590 727 649 Batieborm
752 593 838 649 literis
856 609 906 665 pro
932 593 1031 650 animis
1049 596 1229 668 magistratus
1247 599 1305 655 suis
1323 601 1432 673 legibus
1453 619 1486 658 ac
1512 604 1609 675 poenis
1630 605 1765 664 instillare

74 670 117 736 iis,
137 673 183 743 qui
203 690 255 744 per
276 673 397 731 Galliam
415 677 451 732 ob
474 678 615 735 doctrinae
633 679 832 752 professionem
843 695 906 752 par·
931 688 1067 753 nequeat,
1098 699 1162 739 cum
1184 684 1254 741 illud
1278 688 1361 743 unice
1385 689 1422 744 eit
1439 687 1559 760 Spiritus
1578 692 1668 748 sancti
1687 711 1766 765 opus,

74 758 216 815 timerent
229 759 258 814 in
272 759 398 833 amanlis,
417 763 518 834 partim
530 765 560 820 in
578 765 682 837 exsilio,
702 765 803 838 partim
821 766 850 821 in
868 766 907 821 lu·
932 768 980 838 qui
991 785 1043 839 per
1053 770 1132 827 uerbi
1146 772 1380 842 praedicationem
1391 780 1420 830 et
1432 783 1667 835 sacramentorum
1684 796 1765 836 asum

73 843 167 899 tibulis
194 862 385 903 aerumnosam
404 849 504 924 =ritarn
529 851 659 924 agebant,
683 852 905 921 numerarunt,
931 852 960 909 in
979 856 1109 912 cordibus
1127 857 1270 915 hominum
1289 860 1404 917 interitu
1421 862 1482 917 rnlt
1500 879 1561 920 ease
1580 864 1693 936 efficax,
1713 867 1764 922 du-

73 936 102 985 et
118 931 186 1003 quia
203 933 328 988 nonnulli
345 929 552 1006 recipiebantur
569 938 597 992 in
616 938 742 1010 gmtiam,
761 940 785 994 ai
804 939 904 994 doctri·
932 940 1000 1011 plici
1017 950 1110 1000 tamen
1128 944 1236 1002 naono
1253 946 1426 1003 subditorum
1449 949 1583 1021 pietatem
1606 959 1634 1008 et
1658 953 1765 1025 primae

72 1031 135 1071 uam
148 1016 317 1089 abjurarent,
339 1020 411 1076 hanc
423 1023 483 1093 ejus
495 1024 682 1081 conditionem
697 1025 801 1081 remitti
818 1025 905 1097 petie·
932 1027 1058 1102 decalogi
1076 1030 1189 1087 tabulae
1208 1032 1393 1089 obedientiam
1417 1035 1481 1105 pius
1506 1036 1685 1110 magietratas
1702 1056 1764 1111 pro·

71 1108 137 1158 runt
168 1111 197 1160 et
228 1122 312 1177 quam
344 1122 430 1181 grave
459 1110 497 1165 eit
533 1112 677 1168 vulnerare
705 1110 904 1167 conscientiam
931 1129 1040 1172 morere
1054 1123 1229 1189 etpotestet
1242 1119 1333 1176 debet.
1350 1121 1569 1195 Primoqnidem
1577 1125 1763 1180 minirterr'um

71 1190 257 1247 ostenderunt
294 1193 441 1249 Sleidanns
468 1194 530 1253 libr.
562 1203 601 1254 1³.
624 1204 769 1255 comment
792 1215 819 1270 p.
845 1202 904 1255 ³81.
930 1202 1148 1259 aelataalcom
1175 1207 1374 1264 corutitueado.
1416 1208 1522 1274 Quodsi
1544 1209 1617 1266 enim
1635 1212 1762 1268 ecclesia-
1775 1227 1829 1270 m.
1843 1226 1876 1272 ta

71 1275 154 1332 Anno
174 1284 248 1336 1584.
286 1281 429 1336 Saaorsiw
449 1284 553 1338 elector
569 1286 713 1354 depastas
724 1301 788 1341 rere
805 1286 903 1358 Augu·
930 1287 1030 1342 aticum
1048 1288 1230 1346 ministerium
1248 1296 1291 1348 est
1306 1293 1429 1366 legitime
1448 1295 1627 1352 constitutum
1647 1314 1680 1353 ac
1698 1315 1762 1370 par-

71 1369 130 1417 stns
149 1365 225 1436 apud
243 1367 399 1423 Hearleum
416 1370 478 1424 III.
499 1369 617 1426 Galliae
628 1388 722 1442 regem
740 1387 791 1443 pro
807 1371 904 1444 Hugo·
930 1372 1005 1429 tibus
1022 1375 1106 1432 officii
1126 1376 1169 1433 eni
1187 1379 1240 1436 n'ta
1256 1379 1399 1453 firngitur,
1426 1387 1493 1437 tunc
1512 1399 1563 1453 per
1579 1384 1763 1454 praedicatio·

71 1449 143 1504 notia
161 1451 307 1509 intercedit
326 1455 414 1511 literis
432 1462 457 1514 3.
477 1456 540 1515 Non
555 1456 657 1516 Febru.
676 1458 712 1513 ad
731 1459 822 1530 ipsum
839 1475 902 1514 exa·
928 1476 992 1516 aem
1011 1460 1081 1534 legis
1104 1471 1133 1520 et
1155 1465 1293 1538 evangelii
1317 1466 1401 1522 etiam
1421 1466 1535 1524 interior
1556 1470 1661 1540 pietas,
1695 1487 1761 1527 vera

70 1537 152 1603 ratis,
182 1539 213 1594 in
237 1539 339 1612 quibus
363 1541 436 1599 inter
465 1551 557 1600 cetera
584 1545 624 1600 sic
648 1544 760 1601 scribit:
782 1546 902 1602 Nullam
928 1545 1037 1604 scilicet
1059 1549 1217 1620 conversio,
1244 1550 1298 1608 Dei
1315 1552 1405 1621 timor,
1423 1569 1489 1610 vera
1506 1555 1645 1612 invocatio
1662 1563 1714 1614 ete.
1733 1557 1762 1613 in

69 1633 109 1678 eet
127 1627 208 1680 nobis
227 1629 356 1698 dullum,
378 1631 446 1699 quin
466 1631 611 1687 διιιηίιαι
630 1633 730 1688 Vertra
742 1634 902 1703 praeclara
928 1633 1057 1690 cordibus
1068 1635 1210 1693 bominum
1224 1639 1394 1698 accenditur.
1426 1641 1537 1698 Deinde
1548 1651 1689 1698 salernam
1698 1646 1762 1714 pri·

67 1711 124 1766 illa
148 1720 174 1766 et
199 1715 343 1768 salutaria
366 1733 418 1769 sua
443 1718 550 1784 edicta,
582 1719 682 1789 palare
701 1736 764 1792 pua
785 1719 902 1775 Galliae
928 1736 990 1775 mae
1013 1723 1145 1794 decalogi
1169 1726 1283 1781 tabulae
1308 1730 1559 1798 trampresrr'osem
1583 1731 1761 1800 probibendo

66 1813 159 1867 πειρον·
174 1801 304 1855 restituta
327 1802 398 1866 fuit,
418 1805 506 1873 firera
530 1811 556 1858 et
581 1805 804 1861 maclata'sere
827 1805 902 1871 cett,
927 1824 962 1860 ac
975 1809 1129 1877 panierdo.
1164 1811 1276 1867 Etenim
1299 1813 1323 1868 ai
1346 1814 1563 1871 ecclesiaeticum
1580 1816 1761 1873 ministerium

67 1885 121 1937 red
136 1886 289 1952 materiatae,
306 1904 341 1942 ae
359 1889 506 1960 lwequlets'
523 1891 648 1947 leminea
667 1908 701 1946 eo
717 1894 832 1947 taudem
852 1892 901 1948 ae·
927 1892 1019 1950 officio
1045 1913 1095 1952 sao
1119 1896 1171 1954 rite
1194 1914 1228 1954 ac
1247 1897 1406 1956 aalutariter
1421 1901 1503 1974 iungi
1521 1902 1618 1968 debet,
1647 1920 1761 1961 necesse

65 1970 215 2027 mamea
239 1973 366 2029 Vestram
391 1976 508 2031 lautam
525 1968 671 2048 radipert,
695 1984 727 2031 at
745 1979 787 2033 ael
804 1985 900 2033 numm
926 1986 970 2035 est
995 1988 1136 2039 externam
1163 1983 1340 2057 disciplinam
1363 1986 1519 2044 consenan‘
1543 1995 1572 2046 et
1602 2006 1674 2062 quae
1697 2006 1760 2046 eam

67 2064 94 2111 et
109 2059 258 2129 imperlum
274 2061 399 2115 Romani
407 2063 554 2133 praesule
570 2078 605 2118 ea
615 2064 722 2131 jacere
738 2073 764 2120 et
780 2072 901 2120 ualuere
926 2063 1106 2138 labefactant,
1126 2068 1236 2141 legibus
1252 2088 1286 2128 ac
1302 2073 1398 2145 poenis
1418 2074 1533 2133 aboleri.

65 2152 193 2214 copatrrr,
210 2147 310 2216 pallara
327 2157 354 2203 et
365 2149 449 2203 ealce·
461 2150 629 2214 ara‘rrrarura-⁸
648 2158 675 2205 et
691 2166 785 2206 omres
803 2151 898 2205 raldi-

64 2237 156 2286 torrsm
168 2235 309 2301 fonuaac
327 2243 496 2294 evertantur.
531 2238 615 2292 Auno
631 2237 707 2298 1609ss
724 2238 826 2292 elector
845 2236 898 2292 Sa·
1239 2284 1446 2296 --...

63 2318 166 2372 arsiae
199 2319 377 2378 Obrirtiarrue
407 2321 450 2376 ΙΙ.
485 2322 592 2395 legatos
626 2323 664 2379 ad
699 2325 897 2395 imperatorem

64 2405 247 2476 &delphum
265 2423 328 2462 cum
345 2407 434 2464 literis
454 2414 496 2465 21,
530 2409 636 2480 Aprilia
655 2409 728 2465 datis
745 2409 828 2479 misit,
848 2410 896 2482 qui

62 2506 115 2562 pro
138 2491 254 2548 etaubus
280 2487 456 2567 Evangelicia
482 2494 512 2551 in
531 2494 664 2551 Bobemia
685 2496 896 2566 intercederent,
1096 2496 1101 2503 '
1125 2467 1268 2541 *13¹
1284 2469 1310 2530 B
1327 2468 1357 2530 R
1375 2471 1404 2531 U
1420 2472 1455 2532 1
1491 2471 1538 2535 ῙῙ·

62 2577 895 2740 {Jffiffigifflfflffiffl
923 2618 1178 2701 cuonone
1208 2622 1585 2696 nsarsnanuns
1614 2627 1756 2698 erun

62 2751 209 2808 clementia
238 2759 378 2809 annuente
411 2754 495 2810 etiam
528 2754 695 2827 impetrarit.
744 2755 895 2813 “Elector
923 2720 1183 2792 SUBDITOS
1237 2728 1501 2804 OBTINERR
1556 2731 1754 2818 POSSITr

57 2836 418 2912 -nnneeuorguaroem
432 2840 895 2923 sigimmdehtlippnsbodo-
922 2825 988 2893 UT
1008 2825 1362 2898 HONESTATEM
1383 2831 1447 2899 ΕΤ
1466 2830 1754 2903 JUSTITIAM

61 2925 140 2980 rictu
158 2926 317 2994 Palatinus,
335 2927 473 2984 Henricus
491 2928 584 2985 dulim
603 2928 659 2983 dux
679 2928 893 2986 Braneuicensie
1228 2931 1325 3001 001,
1333 2932 1443 3001 ΛΝΤ,

61 3012 158 3070 eodem
179 3029 254 3070 anno
273 3020 344 3073 teat.
371 3022 400 3071 et
422 3032 517 3073 menae
539 3015 632 3087 Aprili
652 3018 728 3089 apnd
746 3019 893 3090 imperato

60 3116 120 3155 rem
131 3098 312 3173 Rudolphum
328 3118 379 3174 pro
392 3105 510 3160 etatibae
523 3103 701 3177 Evangelicis
712 3104 741 3160 in
760 3104 894 3161 B’obemia
955 3103 1014 3155 21³.
1052 3099 1180 3156 Diximus
1196 3102 1331 3174 superius,
1348 3102 1451 3160 bonurn
1471 3103 1550 3178 fflud,
1570 3105 1645 3179 quod
1663 3124 1680 3163 a
1697 3125 1754 3165 ma·
1767 3124 1873 3167 emotum

61 3185 284 3257 intercesserunt
304 3194 337 3244 at
354 3189 471 3245 liberum
488 3189 630 3263 religionis
649 3191 809 3247 exercitium
822 3190 894 3263 ipsis
920 3185 1039 3259 ςίιιιιιιι
1056 3187 1086 3243 in
1104 3188 1303 3262 rempublicam
1320 3190 1472 3262 redundat,
1499 3207 1559 3249 esee
1575 3193 1753 3266 tripartitum,
1766 3179 1885 3270 3¹:25¹?

61 3273 310 3332 concederetur·
348 3277 553 3346 Desemioeem
572 3276 648 3349 quod
674 3277 787 3348 attinet,
813 3277 842 3333 in
861 3294 895 3334 ea
921 3281 953 3329 ut
968 3273 1110 3347 colligitur
1135 3294 1168 3333 ex
1193 3275 1255 3333 loeo
1281 3278 1435 3351 apostolico
1456 3279 1867 3373 1.Timoth.a‚v.n.gggqg·

61 3365 145 3416 caute
161 3362 377 3432 procedendum.
415 3361 522 3430 Quodsi
541 3363 615 3419 raim
636 3378 711 3421 mere
734 3363 840 3420 subditi
858 3364 894 3420 ob
920 3360 1038 3433 ideoque
1057 3361 1250 3435 magistratum
1273 3362 1303 3419 in
1330 3363 1415 3420 officii
1439 3382 1505 3438 erga
1521 3366 1648 3422 subditos
1666 3367 1752 3422 adrni-
1765 3384 1885 3433 sporron-

60 3463 145 3503 rerae
173 3449 314 3521 religionis
338 3446 551 3531 'consessionem¹
563 3450 656 3522 ‘presai
682 3467 700 3506 a
728 3451 894 3524 magietratu
920 3447 1084 3503 umorem
1102 3449 1138 3504 ad
1156 3448 1212 3505 tria
1229 3449 1404 3521 potissimum
1422 3450 1525 3508 debere
1542 3453 1696 3524 respicere,
1721 3461 1753 3509 ut
1765 3435 1883 3527 ml}

60 3551 112 3590 sao
130 3534 269 3590 ordinario
289 3534 473 3592 defectionem
493 3535 642 3592 moliantur
662 3543 691 3591 et
708 3552 786 3592 erma
804 3536 894 3594 eidem
919 3533 1026 3590 subditi
1051 3533 1146 3591 virent
1177 3534 1310 3607 εὐσεβῶς,
1336 3537 1444 3612 σεμναῖς
1476 3542 1521 3592 και
1545 3536 1668 3610 languit,
1694 3541 1750 3611 ple,
1764 3538 1873 3631 &3⁰:2-

60 3621 163 3677 iniexxe
179 3622 309 3693 cogitent,
329 3638 385 3677 non
398 3621 481 3678 debet
499 3623 683 3695 patrocinium
699 3622 809 3679 illorum
822 3624 894 3681 aliua
920 3622 1032 3676 laneae
1058 3639 1093 3676 ac
1113 3630 1227 3692 pacate.
1264 3623 1356 3690 Quare
1381 3640 1445 3679 carn
1468 3625 1557 3696 prima
1579 3625 1664 3681 officii
1685 3643 1751 3699 pars
1765 3641 1811 3682 nro.

59 3707 201 3780 succipere
218 3715 247 3764 et
264 3710 395 3780 injurtam
412 3709 572 3765 rebellionis
587 3724 699 3766 causam
717 3726 892 3784 promovere3
920 3706 1094 3764 subditorum
1111 3708 1244 3779 pietatem
1269 3710 1484 3782 promovendam
1508 3717 1636 3782 epactam
1659 3713 1751 3769 baete

59 3801 90 3850 at
104 3794 128 3849 ei
139 3811 266 3866 proceres
280 3796 398 3868 imperii,
416 3796 464 3868 qai
482 3803 589 3867 partem
604 3796 750 3867 poteatatis
758 3797 893 3870 obtinent,
920 3812 972 3849 nris
989 3795 1114 3866 exposita
1131 3793 1229 3861 luerit,
1252 3801 1339 3851 restat
1357 3802 1390 3853 ut
1409 3798 1446 3853 ad
1465 3797 1590 3868 alteram,
1611 3816 1685 3871 quae
1703 3798 1752 3854 ho·

59 3887 158 3936 contra
175 3882 368 3953 magistratum
384 3899 465 3937 suum
483 3883 667 3949 ordinarium,
685 3883 733 3956 qui
751 3884 893 3957 reciproco
920 3887 1055 3938 nectutem
1089 3881 1230 3953 publicam
1264 3888 1387 3955 spectat,
1427 3886 1575 3942 transitum
1607 3886 1751 3944 faciamus.

55 3968 215 4040 juramento
241 3967 271 4023 in
294 3973 370 4024 certa
393 3968 531 4041 quaedam
557 3969 652 4042 capita
674 3969 807 4041 praestito
826 3969 893 4042 ipsis
919 3967 1099 4040 Magistratus
1118 3967 1253 4024 divinitus
1270 3969 1436 4026 constitutus
1454 3979 1497 4028 est
1512 3974 1656 4042 uteturque
1669 3975 1751 4028 deca·

59 4054 209 4111 obstrictus
227 4061 270 4110 eet
287 4072 320 4110 ec
336 4055 515 4112 mbllcminua
541 4055 626 4111 fidem
643 4048 719 4127 pecie
747 4064 775 4114 ιι
792 4058 893 4114 securi·
919 4056 981 4126 logi
1005 4055 1120 4110 tabulae
1145 4064 1254 4127 aanor,
1280 4055 1343 4113 ideo
1365 4057 1449 4112 etiarn
1467 4059 1505 4114 sd
1522 4058 1644 4115 officium
1663 4060 1749 4131 ipsius

58 4141 126 4196 tatis
144 4141 275 4212 publicae
295 4142 389 4197 datam
407 4142 508 4212 violat,
539 4160 569 4199 se
595 4142 744 4199 defendere
768 4143 894 4217 cogitant
918 4141 1040 4214 pertinet
1054 4141 1152 4198 sedulo
1162 4157 1268 4213 curare,
1286 4147 1319 4198 ut
1336 4142 1442 4199 subditi
1452 4160 1509 4199 nou
1522 4145 1610 4201 solum
1624 4144 1749 4215 εὐσεβῶς,

59 4235 89 4284 ιι
107 4228 191 4284 ricini
209 4228 387 4302 magistratus
405 4247 486 4301 opem
504 4230 670 4302 implorant,
697 4230 822 4288 delenaio
849 4249 893 4290 eo·
915 4229 980 4300 pie,
1003 4230 1085 4301 juxta
1097 4229 1212 4300 primae
1228 4230 1344 4286 tabulae
1361 4231 1575 4314 praecriptum,
1601 4232 1650 4287 aed
1668 4232 1751 4286 etiam

59 4332 122 4370 rum
141 4315 264 4387 legitime
281 4315 385 4387 suscipi
400 4324 429 4372 et
445 4316 548 4372 auxilia
565 4315 633 4390 ipsia
657 4318 792 4389 praestari
809 4335 892 4392 poseo
920 4320 1037 4386 σεμνῶς,
1048 4317 1168 4386 bonerto,
1181 4316 1263 4387 juxta
1271 4319 1409 4371 eomedas
1427 4318 1540 4371 tabulae
1558 4318 1634 4388 leges
1646 4317 1749 4372 vivant.

57 4400 136 4456 baud
150 4401 287 4459 immerito
305 4402 393 4458 rideri
410 4409 511 4474 posset.
920 4401 1048 4458 Salvator
1064 4407 1159 4456 noster
1170 4407 1318 4473 auumque
1330 4402 1436 4471 asserit,
1453 4403 1614 4457 mandatum
1630 4402 1751 4474 primum

10 4515 37 4545 m
95 4492 154 4545 212.
192 4486 351 4544 constituta
375 4489 461 4560 igitur
485 4488 539 4545 bac
565 4489 723 4546 rationein
749 4491 893 4563 republica
920 4487 954 4544 de
969 4488 1118 4542 caerem
1130 4488 1191 4542 Dei
1202 4503 1262 4543 esee
1278 4504 1410 4558 magnum
1424 4494 1452 4543 ιι
1465 4488 1665 4545 secundnmde
1678 4487 1750 4544 alle·

10 4621 13 4649 ,
58 4582 126 4631 r'era
143 4574 277 4647 religione
298 4581 326 4630 et
344 4574 468 4632 etabssito
482 4576 590 4631 uincero
610 4576 703 4631 divino
716 4577 792 4632 cultu
805 4580 891 4652 magl-
918 4575 1008 4629 ctione
1021 4573 1149 4672 pociori
1158 4572 1247 4644 primo
1258 4573 1300 4674 illi
1312 4572 1402 4674 simile
1413 4573 1585 4715 ⁰3⁰.M⁸tt.h'
1600 4579 1642 4640 22,
1649 4581 1748 4716 ἔξιθι.

10 4661 563 4818 ιῖἔῖᾞέιίῗιΐὲᾝῖῗὲιέἔῖῗέ
578 4662 845 4821 tlitllttt
858 4665 892 4808 l
917 4660 1750 4819 atttriti?lt⁸¹⁰lttlt¹¹rttt¹t

10 4817 44 4857 ι’·
57 4833 164 4890 cultum
188 4835 248 4888 Deo
278 4848 375 4904 regum
400 4833 460 4904 rcgi
491 4849 525 4888 ac
548 4833 749 4890 dominantium
780 4834 891 4891 domino
916 4831 1009 4889 Deum
1036 4831 1159 4889 bonitate
1177 4832 1319 4904 optimum,
1348 4832 1473 4903 poentio
1499 4833 1661 4905 maximum3
1690 4841 1748 4891 tum

57 4925 184 4992 prompte
202 4917 358 4975 exhibeant.
395 4917 545 4974 Prohibcat
573 4919 659 4993 igitur
677 4921 787 4985 omnia,
819 4936 890 4994 quae
917 4922 1027 4976 ratione
1049 4920 1197 4989 ἀίρπίιαιιι
1215 4928 1240 4975 st
1258 4920 1376 4983 ordinis,
1394 4918 1460 4990 quia
1478 4938 1511 4975 ex
1529 4919 1677 4978 dilectione
1695 4921 1748 4980 Dei

56 5007 233 5064 obedientiae
252 5005 313 5061 Deo
331 5004 442 5060 debitae
456 5012 485 5061 et
500 5004 530 5060 in
547 5008 637 5078 prima
650 5008 776 5081 decalogi
794 5007 891 5065 tabula
915 5006 1034 5080 proximi
1043 5006 1155 5062 dilectio
1168 5005 1270 5072 oritur;
1290 5013 1349 5062 tum
1359 5005 1557 5072 rationalitate,
1577 5008 1644 5079 quia
1657 5010 1748 5065 omnia

55 5093 204 5166 requisitae
224 5092 420 5157 adversantur,
449 5096 545 5163 utpote
573 5093 665 5148 cabaa
682 5038 1064 5166 idololosrloor,'praecepta
1094 5093 1201 5164 reliqua
1224 5092 1261 5147 ad
1284 5090 1354 5146 illud
1378 5088 1542 5147 referuntur.
1584 5094 1748 5151 Mandatum

56 5181 173 5236 abusum
190 5180 311 5236 caminia
332 5178 436 5247 ἀὶυίιιί,
453 5178 640 5249 blasphemiae
658 5181 689 5234 ia
706 5182 808 5252 Deam,
828 5199 890 5238 coa·
916 5181 1069 5236 secundum
1091 5180 1126 5236 de
1144 5179 1291 5234 dilectione
1319 5176 1438 5248 proximi
1463 5178 1551 5249 palmo
1570 5180 1658 5237 simile
1680 5183 1748 5238 dici-

55 5274 169 5323 lemlum
187 5268 266 5322 verbi
284 5266 376 5321 diuini
388 5253 541 5338 publicam,
565 5266 746 5322 violationem
763 5267 892 5323 aabbetlt‘
914 5274 960 5323 tur
987 5273 1046 5323 tum
1071 5266 1101 5320 ia
1126 5282 1225 5335 ponere
1241 5263 1331 5319 cultae
1354 5264 1484 5336 moralia,
1516 5266 1582 5338 quia
1600 5273 1747 5340 utrumque

54 5360 116 5409 etc.¹
134 5368 168 5409 ac
189 5360 332 5425 protervos
356 5351 469 5425 pietatis
494 5355 678 5409 contemtores
705 5355 833 5409 cotmeat
856 5350 1031 5424 acfreqnlrit
1049 5351 1206 5407 interiorem
1227 5356 1254 5405 et
1270 5348 1441 5420 spiritualem
1461 5349 1659 5418 obedientiamr
1687 5363 1747 5410 tam

52 5436 166 5512 puniat,
191 5446 223 5495 nt
238 5438 336 5512 reliqui
354 5439 464 5494 illorum
488 5437 622 5510 exemplo*
639 5437 730 5494 territi
752 5437 789 5495 ab
815 5440 888 5497 omni
901 5470 902 5475 κ
915 5438 944 5493 irs
963 5455 1062 5507 perere
1078 5453 1200 5507 poenae,
1226 5436 1293 5509 quia
1316 5436 1460 5508 uniusque
1479 5439 1660 5509 tranegressio
1683 5457 1747 5498 cum

53 5525 212 5597 impietate,
241 5524 390 5581 securitate
419 5530 447 5580 et
473 5531 591 5582 externa·
608 5525 704 5599 legum
732 5480 993 5603 divinarain'reatu
1010 5521 1169 5594 temporalis
1187 5528 1215 5579 et
1236 5528 1365 5579 aeternae
1389 5539 1495 5595 poenae
1521 5532 1564 5581 est
1581 5528 1746 5598 conjuncta3

50 5610 273 5687 mammiano
299 5616 423 5669 carnut
462 5608 595 5680 Quamvis
625 5610 698 5670 euim
727 5570 974 5669 lntlrtomd'tun
989 5610 1019 5666 t'a
1036 5608 1207 5681 obligatione
1225 5609 1267 5664 ad
1283 5608 1482 5681 obedientiam,
1505 5611 1572 5687 quia
1595 5611 1632 5670 ad
1649 5628 1749 5673 secuu-
