<?xml version="1.0" encoding="UTF-8"?>
<!DOCTYPE html PUBLIC "-//W3C//DTD XHTML 1.0 Transitional//EN"
    "http://www.w3.org/TR/xhtml1/DTD/xhtml1-transitional.dtd">
<html xmlns="http://www.w3.org/1999/xhtml" xml:lang="en" lang="en">
 <head>
  <title>
</title>
<meta http-equiv="Content-Type" content="text/html;charset=utf-8" />
  <meta name='ocr-system' content='tesseract 3.04.00' />
  <meta name='ocr-capabilities' content='ocr_page ocr_carea ocr_par ocr_line ocrx_word'/>
</head>
<body>
  <div class='ocr_page' id='page_1' title='image "./locitheologicic01gerhgoog/locitheologicic01gerhgoog_0434.png"; bbox 0 0 4020 6014; ppageno 0'>
   <div class='ocr_carea' id='block_1_1' title="bbox 678 311 1783 385">
    <p class='ocr_par' dir='ltr' id='par_1_1' title="bbox 678 311 1783 385">
     <span class='ocr_line' id='line_1_1' title="bbox 678 311 1783 385; baseline 0.01 -11"><span class='ocrx_word' id='word_1_1' title='bbox 678 320 730 376; x_wconf 82' lang='lat' dir='ltr'>na</span> <span class='ocrx_word' id='word_1_2' title='bbox 748 318 1000 378; x_wconf 74' lang='lat' dir='ltr'>unenuasuu</span> <span class='ocrx_word' id='word_1_3' title='bbox 1017 318 1205 379; x_wconf 72' lang='lat' dir='ltr'>sobmon.</span> <span class='ocrx_word' id='word_1_4' title='bbox 1549 311 1551 314; x_wconf 47' lang='lat'><strong>⁴</strong></span> <span class='ocrx_word' id='word_1_5' title='bbox 1723 327 1783 385; x_wconf 81' lang='lat' dir='ltr'>sas</span> 
     </span>
    </p>
   </div>
   <div class='ocr_carea' id='block_1_2' title="bbox 15 454 1842 2546">
    <p class='ocr_par' dir='ltr' id='par_1_2' title="bbox 90 454 1842 2199">
     <span class='ocr_line' id='line_1_2' title="bbox 95 454 1785 547; baseline 0.002 -21"><span class='ocrx_word' id='word_1_6' title='bbox 95 473 132 526; x_wconf 87' lang='lat' dir='ltr'>tis</span> <span class='ocrx_word' id='word_1_7' title='bbox 157 476 296 545; x_wconf 75' lang='lat' dir='ltr'><strong><em>deponere</em></strong></span> <span class='ocrx_word' id='word_1_8' title='bbox 319 482 346 528; x_wconf 87' lang='lat' dir='ltr'>et</span> <span class='ocrx_word' id='word_1_9' title='bbox 369 476 446 529; x_wconf 88' lang='lat' dir='ltr'>testis</span> <span class='ocrx_word' id='word_1_10' title='bbox 468 476 542 530; x_wconf 86' lang='lat' dir='ltr'>nicee</span> <span class='ocrx_word' id='word_1_11' title='bbox 567 476 668 531; x_wconf 72' lang='lat' dir='ltr'>satim</span> <span class='ocrx_word' id='word_1_12' title='bbox 712 454 805 534; x_wconf 83' lang='lat' dir='ltr'>Coras.</span> <span class='ocrx_word' id='word_1_13' title='bbox 829 477 876 532; x_wconf 90' lang='lat' dir='ltr'>lib.</span> <span class='ocrx_word' id='word_1_14' title='bbox 903 469 984 547; x_wconf 66' lang='grc' dir='ltr'><strong>4Ιξ.</strong></span> <span class='ocrx_word' id='word_1_15' title='bbox 1010 476 1107 546; x_wconf 85' lang='lat' dir='ltr'>Ejusd.</span> <span class='ocrx_word' id='word_1_16' title='bbox 1132 477 1162 530; x_wconf 85' lang='lat' dir='ltr'>ff.</span> <span class='ocrx_word' id='word_1_17' title='bbox 1187 483 1211 529; x_wconf 88' lang='lat' dir='ltr'>d.</span> <span class='ocrx_word' id='word_1_18' title='bbox 1234 475 1342 531; x_wconf 88' lang='lat' dir='ltr'>testib·</span> <span class='ocrx_word' id='word_1_19' title='bbox 1371 474 1447 537; x_wconf 82' lang='lat' dir='ltr'>Quos</span> <span class='ocrx_word' id='word_1_20' title='bbox 1464 482 1629 543; x_wconf 74' lang='lat' dir='ltr'>nrpssmentn</span> <span class='ocrx_word' id='word_1_21' title='bbox 1646 477 1687 529; x_wconf 88' lang='lat' dir='ltr'>od</span> <span class='ocrx_word' id='word_1_22' title='bbox 1706 492 1785 546; x_wconf 80' lang='lat' dir='ltr'>qrsen</span> 
     </span>
     <span class='ocr_line' id='line_1_3' title="bbox 94 559 1842 635; baseline 0.002 -23"><span class='ocrx_word' id='word_1_23' title='bbox 94 559 208 615; x_wconf 87' lang='lat' dir='ltr'>miscell.</span> <span class='ocrx_word' id='word_1_24' title='bbox 234 578 257 618; x_wconf 92' lang='lat' dir='ltr'>e.</span> <span class='ocrx_word' id='word_1_25' title='bbox 278 567 318 617; x_wconf 79' lang='lat'>20.</span> <span class='ocrx_word' id='word_1_26' title='bbox 340 561 471 634; x_wconf 84' lang='lat' dir='ltr'>Cujaoins</span> <span class='ocrx_word' id='word_1_27' title='bbox 496 563 545 621; x_wconf 90' lang='lat' dir='ltr'>lib</span> <span class='ocrx_word' id='word_1_28' title='bbox 566 570 603 619; x_wconf 78' lang='lat'>12.</span> <span class='ocrx_word' id='word_1_29' title='bbox 627 563 734 624; x_wconf 81' lang='lat' dir='ltr'>observ</span> <span class='ocrx_word' id='word_1_30' title='bbox 753 581 777 619; x_wconf 85' lang='lat' dir='ltr'>c</span> <span class='ocrx_word' id='word_1_31' title='bbox 798 570 838 621; x_wconf 81' lang='lat' dir='ltr'>tt.</span> <span class='ocrx_word' id='word_1_32' title='bbox 873 562 927 619; x_wconf 88' lang='lat' dir='ltr'>Sed</span> <span class='ocrx_word' id='word_1_33' title='bbox 953 564 1066 616; x_wconf 78' lang='lat' dir='ltr'>morium</span> <span class='ocrx_word' id='word_1_34' title='bbox 1082 563 1249 632; x_wconf 81' lang='lat' dir='ltr'>probandae</span> <span class='ocrx_word' id='word_1_35' title='bbox 1268 562 1424 630; x_wconf 84' lang='lat' dir='ltr'>cuiqnerci</span> <span class='ocrx_word' id='word_1_36' title='bbox 1440 563 1594 633; x_wconf 75' lang='lat' dir='ltr'>nrj&#39;ficinnt,</span> <span class='ocrx_word' id='word_1_37' title='bbox 1576 563 1691 617; x_wconf 79' lang='lat' dir='ltr'>tnnito</span> <span class='ocrx_word' id='word_1_38' title='bbox 1709 569 1784 616; x_wconf 88' lang='lat' dir='ltr'>certo</span> <span class='ocrx_word' id='word_1_39' title='bbox 1832 617 1842 635; x_wconf 65' lang='lat'>‚</span> 
     </span>
     <span class='ocr_line' id='line_1_4' title="bbox 95 646 1785 751; baseline -0.001 -47"><span class='ocrx_word' id='word_1_40' title='bbox 95 646 236 717; x_wconf 77' lang='lat' dir='ltr'>Vaaquius</span> <span class='ocrx_word' id='word_1_41' title='bbox 254 646 304 704; x_wconf 91' lang='lat' dir='ltr'>lib.</span> <span class='ocrx_word' id='word_1_42' title='bbox 318 655 341 703; x_wconf 90' lang='lat'>1.</span> <span class='ocrx_word' id='word_1_43' title='bbox 354 649 438 706; x_wconf 91' lang='lat' dir='ltr'>illust</span> <span class='ocrx_word' id='word_1_44' title='bbox 457 657 578 707; x_wconf 82' lang='lat' dir='ltr'>controv.</span> <span class='ocrx_word' id='word_1_45' title='bbox 600 657 638 707; x_wconf 92' lang='lat'>14.</span> <span class='ocrx_word' id='word_1_46' title='bbox 658 651 799 751; x_wconf 74' lang='lat' dir='ltr'>eleganter</span> <span class='ocrx_word' id='word_1_47' title='bbox 817 666 927 719; x_wconf 88' lang='lat' dir='ltr'>respon-</span> <span class='ocrx_word' id='word_1_48' title='bbox 953 650 1036 702; x_wconf 86' lang='lat' dir='ltr'>modo</span> <span class='ocrx_word' id='word_1_49' title='bbox 1063 650 1132 702; x_wconf 84' lang='lat' dir='ltr'>sotis</span> <span class='ocrx_word' id='word_1_50' title='bbox 1161 648 1276 713; x_wconf 69' lang='lat' dir='ltr'>definiri</span> <span class='ocrx_word' id='word_1_51' title='bbox 1298 656 1404 719; x_wconf 85' lang='lat' dir='ltr'>potest,</span> <span class='ocrx_word' id='word_1_52' title='bbox 1433 649 1504 703; x_wconf 84' lang='lat' dir='ltr'>sicut</span> <span class='ocrx_word' id='word_1_53' title='bbox 1533 666 1589 702; x_wconf 91' lang='lat' dir='ltr'>non</span> <span class='ocrx_word' id='word_1_54' title='bbox 1612 665 1720 718; x_wconf 85' lang='lat' dir='ltr'>semper</span> <span class='ocrx_word' id='word_1_55' title='bbox 1743 650 1785 703; x_wconf 84' lang='lat' dir='ltr'>ita</span> 
     </span>
     <span class='ocr_line' id='line_1_5' title="bbox 95 731 1784 809; baseline 0.002 -24"><span class='ocrx_word' id='word_1_56' title='bbox 95 731 150 802; x_wconf 79' lang='lat' dir='ltr'>det,</span> <span class='ocrx_word' id='word_1_57' title='bbox 169 735 293 788; x_wconf 84' lang='lat' dir='ltr'>essehoc</span> <span class='ocrx_word' id='word_1_58' title='bbox 319 735 436 803; x_wconf 70' lang='lat' dir='ltr'>lugubre</span> <span class='ocrx_word' id='word_1_59' title='bbox 454 738 622 807; x_wconf 84' lang='lat' dir='ltr'>remedium,</span> <span class='ocrx_word' id='word_1_60' title='bbox 641 738 742 809; x_wconf 82' lang='lat' dir='ltr'>quiasr</span> <span class='ocrx_word' id='word_1_61' title='bbox 735 737 829 792; x_wconf 89' lang='lat' dir='ltr'>alius</span> <span class='ocrx_word' id='word_1_62' title='bbox 839 737 926 807; x_wconf 85' lang='lat' dir='ltr'>judex</span> <span class='ocrx_word' id='word_1_63' title='bbox 952 750 1037 803; x_wconf 86' lang='lat' dir='ltr'>saepe</span> <span class='ocrx_word' id='word_1_64' title='bbox 1055 736 1115 788; x_wconf 89' lang='lat' dir='ltr'>sine</span> <span class='ocrx_word' id='word_1_65' title='bbox 1129 735 1253 804; x_wconf 85' lang='lat' dir='ltr'>publicis</span> <span class='ocrx_word' id='word_1_66' title='bbox 1271 735 1453 788; x_wconf 87' lang='lat' dir='ltr'>monumentis</span> <span class='ocrx_word' id='word_1_67' title='bbox 1473 735 1605 805; x_wconf 83' lang='lat' dir='ltr'>cujusque</span> <span class='ocrx_word' id='word_1_68' title='bbox 1620 737 1664 789; x_wconf 88' lang='lat' dir='ltr'>rei</span> <span class='ocrx_word' id='word_1_69' title='bbox 1678 734 1784 789; x_wconf 76' lang='lat' dir='ltr'>venitm</span> 
     </span>
     <span class='ocr_line' id='line_1_6' title="bbox 93 818 1786 892; baseline 0.001 -19"><span class='ocrx_word' id='word_1_70' title='bbox 93 818 284 891; x_wconf 88' lang='lat' dir='ltr'>substituatur,</span> <span class='ocrx_word' id='word_1_71' title='bbox 304 822 349 877; x_wconf 90' lang='lat' dir='ltr'>cui</span> <span class='ocrx_word' id='word_1_72' title='bbox 366 841 420 878; x_wconf 90' lang='lat' dir='ltr'>non</span> <span class='ocrx_word' id='word_1_73' title='bbox 441 830 549 880; x_wconf 89' lang='lat' dir='ltr'>constet</span> <span class='ocrx_word' id='word_1_74' title='bbox 566 825 602 881; x_wconf 91' lang='lat' dir='ltr'>de</span> <span class='ocrx_word' id='word_1_75' title='bbox 618 826 740 881; x_wconf 87' lang='lat' dir='ltr'>accusati</span> <span class='ocrx_word' id='word_1_76' title='bbox 758 824 925 892; x_wconf 89' lang='lat' dir='ltr'>innocentia,</span> <span class='ocrx_word' id='word_1_77' title='bbox 952 823 1180 891; x_wconf 72' lang='lat' dir='ltr'>deprehenditur,</span> <span class='ocrx_word' id='word_1_78' title='bbox 1198 822 1275 875; x_wconf 82' lang='lat' dir='ltr'>nisos</span> <span class='ocrx_word' id='word_1_79' title='bbox 1293 839 1423 875; x_wconf 84' lang='lat' dir='ltr'>numerus</span> <span class='ocrx_word' id='word_1_80' title='bbox 1436 823 1552 890; x_wconf 84' lang='lat' dir='ltr'>testium,</span> <span class='ocrx_word' id='word_1_81' title='bbox 1572 823 1647 875; x_wconf 84' lang='lat' dir='ltr'>alios</span> <span class='ocrx_word' id='word_1_82' title='bbox 1659 823 1786 892; x_wconf 78' lang='lat' dir='ltr'>ds&#39;pnitas</span> 
     </span>
     <span class='ocr_line' id='line_1_7' title="bbox 93 905 1785 984; baseline 0.001 -24"><span class='ocrx_word' id='word_1_83' title='bbox 93 905 165 962; x_wconf 87' lang='lat' dir='ltr'>male</span> <span class='ocrx_word' id='word_1_84' title='bbox 185 924 248 962; x_wconf 90' lang='lat' dir='ltr'>cum</span> <span class='ocrx_word' id='word_1_85' title='bbox 265 916 395 965; x_wconf 89' lang='lat' dir='ltr'>accusato</span> <span class='ocrx_word' id='word_1_86' title='bbox 413 917 525 980; x_wconf 81' lang='lat' dir='ltr'>agenn,</span> <span class='ocrx_word' id='word_1_87' title='bbox 552 912 620 983; x_wconf 89' lang='lat' dir='ltr'>qnid</span> <span class='ocrx_word' id='word_1_88' title='bbox 638 912 711 967; x_wconf 91' lang='lat' dir='ltr'>enim</span> <span class='ocrx_word' id='word_1_89' title='bbox 724 911 810 984; x_wconf 86' lang='lat' dir='ltr'>judex</span> <span class='ocrx_word' id='word_1_90' title='bbox 828 916 925 982; x_wconf 80' lang='lat' dir='ltr'>utpote</span> <span class='ocrx_word' id='word_1_91' title='bbox 952 916 977 963; x_wconf 88' lang='lat' dir='ltr'>et</span> <span class='ocrx_word' id='word_1_92' title='bbox 994 910 1162 976; x_wconf 75' lang='lat' dir='ltr'>annorum,</span> <span class='ocrx_word' id='word_1_93' title='bbox 1181 909 1257 962; x_wconf 84' lang='lat' dir='ltr'>olias</span> <span class='ocrx_word' id='word_1_94' title='bbox 1275 909 1361 962; x_wconf 84' lang='lat' dir='ltr'>ueluti</span> <span class='ocrx_word' id='word_1_95' title='bbox 1386 909 1560 963; x_wconf 69' lang='lat' dir='ltr'>consentione</span> <span class='ocrx_word' id='word_1_96' title='bbox 1577 909 1663 974; x_wconf 74' lang='lat' dir='ltr'>same</span> <span class='ocrx_word' id='word_1_97' title='bbox 1684 913 1785 976; x_wconf 76' lang='lat' dir='ltr'>confir·</span> 
     </span>
     <span class='ocr_line' id='line_1_8' title="bbox 93 995 1785 1068; baseline 0.002 -21"><span class='ocrx_word' id='word_1_98' title='bbox 93 1011 164 1048; x_wconf 90' lang='lat' dir='ltr'>unus</span> <span class='ocrx_word' id='word_1_99' title='bbox 186 995 265 1049; x_wconf 92' lang='lat' dir='ltr'>testis</span> <span class='ocrx_word' id='word_1_100' title='bbox 289 1003 385 1051; x_wconf 89' lang='lat' dir='ltr'>contra</span> <span class='ocrx_word' id='word_1_101' title='bbox 408 1003 466 1052; x_wconf 86' lang='lat' dir='ltr'>tam</span> <span class='ocrx_word' id='word_1_102' title='bbox 491 998 592 1053; x_wconf 90' lang='lat' dir='ltr'>multos</span> <span class='ocrx_word' id='word_1_103' title='bbox 618 998 741 1054; x_wconf 77' lang='lat' dir='ltr'>efficiet?</span> <span class='ocrx_word' id='word_1_104' title='bbox 777 999 926 1055; x_wconf 89' lang='lat' dir='ltr'>Praeterea</span> <span class='ocrx_word' id='word_1_105' title='bbox 951 997 1205 1065; x_wconf 64' lang='lat' dir='ltr'>mercatusque</span> <span class='ocrx_word' id='word_1_106' title='bbox 1227 997 1386 1065; x_wconf 77' lang='lat' dir='ltr'>quaesitu-r,</span> <span class='ocrx_word' id='word_1_107' title='bbox 1411 999 1514 1065; x_wconf 62' lang='lat' dir='ltr'>fldem</span> <span class='ocrx_word' id='word_1_108' title='bbox 1539 998 1589 1051; x_wconf 84' lang='lat' dir='ltr'>hoc</span> <span class='ocrx_word' id='word_1_109' title='bbox 1607 1013 1674 1068; x_wconf 72' lang='lat' dir='ltr'>erqo</span> <span class='ocrx_word' id='word_1_110' title='bbox 1695 997 1785 1051; x_wconf 87' lang='lat' dir='ltr'>solnm</span> 
     </span>
     <span class='ocr_line' id='line_1_9' title="bbox 90 1081 1786 1156; baseline 0.001 -22"><span class='ocrx_word' id='word_1_111' title='bbox 90 1081 177 1150; x_wconf 89' lang='lat' dir='ltr'>judex</span> <span class='ocrx_word' id='word_1_112' title='bbox 196 1081 280 1138; x_wconf 84' lang='lat' dir='ltr'>officii</span> <span class='ocrx_word' id='word_1_113' title='bbox 300 1085 404 1140; x_wconf 86' lang='lat' dir='ltr'>ratione</span> <span class='ocrx_word' id='word_1_114' title='bbox 423 1092 541 1154; x_wconf 88' lang='lat' dir='ltr'>tenetur,</span> <span class='ocrx_word' id='word_1_115' title='bbox 560 1091 592 1140; x_wconf 90' lang='lat' dir='ltr'>ut</span> <span class='ocrx_word' id='word_1_116' title='bbox 608 1086 724 1156; x_wconf 85' lang='lat' dir='ltr'>judicet,</span> <span class='ocrx_word' id='word_1_117' title='bbox 747 1085 925 1141; x_wconf 87' lang='lat' dir='ltr'>atenmofti·</span> <span class='ocrx_word' id='word_1_118' title='bbox 951 1084 1002 1136; x_wconf 84' lang='lat' dir='ltr'>tibi</span> <span class='ocrx_word' id='word_1_119' title='bbox 1027 1084 1180 1137; x_wconf 71' lang='lat' dir='ltr'>rescribere</span> <span class='ocrx_word' id='word_1_120' title='bbox 1203 1100 1320 1152; x_wconf 82' lang='lat' dir='ltr'>possum</span> <span class='ocrx_word' id='word_1_121' title='bbox 1348 1085 1520 1153; x_wconf 77' lang='lat' dir='ltr'>mmmotim,</span> <span class='ocrx_word' id='word_1_122' title='bbox 1544 1100 1599 1136; x_wconf 92' lang='lat' dir='ltr'>non</span> <span class='ocrx_word' id='word_1_123' title='bbox 1624 1084 1718 1152; x_wconf 78' lang='lat' dir='ltr'>utiquc</span> <span class='ocrx_word' id='word_1_124' title='bbox 1744 1084 1786 1136; x_wconf 87' lang='lat' dir='ltr'>ad</span> 
     </span>
     <span class='ocr_line' id='line_1_10' title="bbox 93 1167 1785 1243; baseline 0.001 -22"><span class='ocrx_word' id='word_1_125' title='bbox 93 1167 166 1222; x_wconf 90' lang='lat' dir='ltr'>cium</span> <span class='ocrx_word' id='word_1_126' title='bbox 181 1169 284 1239; x_wconf 87' lang='lat' dir='ltr'>judicis</span> <span class='ocrx_word' id='word_1_127' title='bbox 308 1170 437 1243; x_wconf 86' lang='lat' dir='ltr'>deponit,</span> <span class='ocrx_word' id='word_1_128' title='bbox 461 1190 516 1228; x_wconf 92' lang='lat' dir='ltr'>non</span> <span class='ocrx_word' id='word_1_129' title='bbox 536 1172 654 1242; x_wconf 85' lang='lat' dir='ltr'>judicat.</span> <span class='ocrx_word' id='word_1_130' title='bbox 689 1171 875 1243; x_wconf 87' lang='lat' dir='ltr'>Jurejurando</span> <span class='ocrx_word' id='word_1_131' title='bbox 895 1188 926 1226; x_wconf 91' lang='lat' dir='ltr'>se</span> <span class='ocrx_word' id='word_1_132' title='bbox 951 1186 1035 1223; x_wconf 85' lang='lat' dir='ltr'>onom</span> <span class='ocrx_word' id='word_1_133' title='bbox 1057 1169 1236 1240; x_wconf 72' lang='lat' dir='ltr'>probotionis</span> <span class='ocrx_word' id='word_1_134' title='bbox 1260 1170 1379 1239; x_wconf 87' lang='lat' dir='ltr'>speciem</span> <span class='ocrx_word' id='word_1_135' title='bbox 1402 1171 1582 1238; x_wconf 67' lang='lat' dir='ltr'>coercitionem</span> <span class='ocrx_word' id='word_1_136' title='bbox 1604 1171 1700 1222; x_wconf 86' lang='lat' dir='ltr'>statim</span> <span class='ocrx_word' id='word_1_137' title='bbox 1719 1170 1785 1224; x_wconf 85' lang='lat' dir='ltr'>nili·</span> 
     </span>
     <span class='ocr_line' id='line_1_11' title="bbox 94 1255 1784 1330; baseline 0.001 -22"><span class='ocrx_word' id='word_1_138' title='bbox 94 1255 254 1326; x_wconf 81' lang='lat' dir='ltr'>adstrinxit,</span> <span class='ocrx_word' id='word_1_139' title='bbox 281 1258 355 1328; x_wconf 89' lang='lat' dir='ltr'>quod</span> <span class='ocrx_word' id='word_1_140' title='bbox 381 1260 533 1315; x_wconf 78' lang='lat' dir='ltr'>secundnm</span> <span class='ocrx_word' id='word_1_141' title='bbox 554 1259 699 1315; x_wconf 84' lang='lat' dir='ltr'>veritatem</span> <span class='ocrx_word' id='word_1_142' title='bbox 713 1259 841 1330; x_wconf 87' lang='lat' dir='ltr'>judicare</span> <span class='ocrx_word' id='word_1_143' title='bbox 859 1258 927 1314; x_wconf 87' lang='lat' dir='ltr'>velit</span> <span class='ocrx_word' id='word_1_144' title='bbox 951 1257 1018 1327; x_wconf 75' lang='lat' dir='ltr'>pori</span> <span class='ocrx_word' id='word_1_145' title='bbox 1037 1258 1144 1325; x_wconf 82' lang='lat' dir='ltr'>dehere,</span> <span class='ocrx_word' id='word_1_146' title='bbox 1163 1259 1215 1311; x_wconf 81' lang='lat' dir='ltr'>sed</span> <span class='ocrx_word' id='word_1_147' title='bbox 1234 1272 1266 1310; x_wconf 82' lang='lat' dir='ltr'>es</span> <span class='ocrx_word' id='word_1_148' title='bbox 1285 1258 1421 1310; x_wconf 84' lang='lat' dir='ltr'>sententio</span> <span class='ocrx_word' id='word_1_149' title='bbox 1433 1258 1521 1310; x_wconf 87' lang='lat' dir='ltr'>enimi</span> <span class='ocrx_word' id='word_1_150' title='bbox 1533 1258 1576 1309; x_wconf 82' lang='lat' dir='ltr'>tui</span> <span class='ocrx_word' id='word_1_151' title='bbox 1588 1263 1614 1310; x_wconf 88' lang='lat' dir='ltr'>te</span> <span class='ocrx_word' id='word_1_152' title='bbox 1634 1257 1784 1310; x_wconf 84' lang='lat' dir='ltr'>aestimare</span> 
     </span>
     <span class='ocr_line' id='line_1_12' title="bbox 92 1341 1785 1418; baseline 0.001 -24"><span class='ocrx_word' id='word_1_153' title='bbox 92 1341 111 1394; x_wconf 92' lang='lat' dir='ltr'>l.</span> <span class='ocrx_word' id='word_1_154' title='bbox 138 1360 195 1398; x_wconf 90' lang='lat' dir='ltr'>rem</span> <span class='ocrx_word' id='word_1_155' title='bbox 220 1359 273 1397; x_wconf 93' lang='lat' dir='ltr'>non</span> <span class='ocrx_word' id='word_1_156' title='bbox 296 1362 404 1402; x_wconf 80' lang='lat' dir='ltr'>novam.</span> <span class='ocrx_word' id='word_1_157' title='bbox 424 1345 454 1400; x_wconf 89' lang='lat' dir='ltr'>C.</span> <span class='ocrx_word' id='word_1_158' title='bbox 475 1347 511 1402; x_wconf 90' lang='lat' dir='ltr'>de</span> <span class='ocrx_word' id='word_1_159' title='bbox 529 1346 618 1418; x_wconf 85' lang='lat' dir='ltr'>judie.</span> <span class='ocrx_word' id='word_1_160' title='bbox 653 1345 741 1417; x_wconf 88' lang='lat' dir='ltr'>Atqui</span> <span class='ocrx_word' id='word_1_161' title='bbox 759 1345 781 1398; x_wconf 90' lang='lat' dir='ltr'>si</span> <span class='ocrx_word' id='word_1_162' title='bbox 800 1362 832 1399; x_wconf 89' lang='lat' dir='ltr'>eo</span> <span class='ocrx_word' id='word_1_163' title='bbox 851 1361 925 1413; x_wconf 88' lang='lat' dir='ltr'>casu,</span> <span class='ocrx_word' id='word_1_164' title='bbox 952 1351 1090 1413; x_wconf 83' lang='lat' dir='ltr'>oportere,</span> <span class='ocrx_word' id='word_1_165' title='bbox 1109 1344 1242 1412; x_wconf 76' lang='lat' dir='ltr'>quidest</span> <span class='ocrx_word' id='word_1_166' title='bbox 1259 1345 1367 1411; x_wconf 76' lang='lat' dir='ltr'>mestos,</span> <span class='ocrx_word' id='word_1_167' title='bbox 1387 1351 1551 1413; x_wconf 72' lang='lat' dir='ltr'>creperum</span> <span class='ocrx_word' id='word_1_168' title='bbox 1565 1344 1716 1412; x_wconf 81' lang='lat' dir='ltr'>probatum</span> <span class='ocrx_word' id='word_1_169' title='bbox 1734 1343 1785 1396; x_wconf 82' lang='lat' dir='ltr'>tihi</span> 
     </span>
     <span class='ocr_line' id='line_1_13' title="bbox 94 1428 1784 1502; baseline 0.002 -22"><span class='ocrx_word' id='word_1_170' title='bbox 94 1444 148 1498; x_wconf 90' lang='lat' dir='ltr'>quo</span> <span class='ocrx_word' id='word_1_171' title='bbox 167 1428 220 1499; x_wconf 91' lang='lat' dir='ltr'>ipsi</span> <span class='ocrx_word' id='word_1_172' title='bbox 236 1430 271 1485; x_wconf 92' lang='lat' dir='ltr'>de</span> <span class='ocrx_word' id='word_1_173' title='bbox 288 1431 404 1487; x_wconf 81' lang='lat' dir='ltr'>veritate</span> <span class='ocrx_word' id='word_1_174' title='bbox 415 1438 532 1497; x_wconf 90' lang='lat' dir='ltr'>constat,</span> <span class='ocrx_word' id='word_1_175' title='bbox 551 1449 605 1488; x_wconf 89' lang='lat' dir='ltr'>non</span> <span class='ocrx_word' id='word_1_176' title='bbox 615 1432 755 1502; x_wconf 90' lang='lat' dir='ltr'>judiearet</span> <span class='ocrx_word' id='word_1_177' title='bbox 774 1431 925 1486; x_wconf 89' lang='lat' dir='ltr'>seeundum</span> <span class='ocrx_word' id='word_1_178' title='bbox 952 1430 1085 1500; x_wconf 82' lang='lat' dir='ltr'>opineris.</span> <span class='ocrx_word' id='word_1_179' title='bbox 1110 1430 1152 1484; x_wconf 85' lang='lat' dir='ltr'>Er</span> <span class='ocrx_word' id='word_1_180' title='bbox 1173 1446 1229 1502; x_wconf 94' lang='lat' dir='ltr'>qno</span> <span class='ocrx_word' id='word_1_181' title='bbox 1247 1429 1390 1484; x_wconf 87' lang='lat' dir='ltr'>manifeste</span> <span class='ocrx_word' id='word_1_182' title='bbox 1409 1435 1534 1499; x_wconf 87' lang='lat' dir='ltr'>apparet,</span> <span class='ocrx_word' id='word_1_183' title='bbox 1554 1429 1576 1483; x_wconf 91' lang='lat' dir='ltr'>si</span> <span class='ocrx_word' id='word_1_184' title='bbox 1592 1428 1681 1499; x_wconf 89' lang='lat' dir='ltr'>judici</span> <span class='ocrx_word' id='word_1_185' title='bbox 1701 1429 1784 1483; x_wconf 88' lang='lat' dir='ltr'>etiam</span> 
     </span>
     <span class='ocr_line' id='line_1_14' title="bbox 93 1514 1784 1590; baseline 0.001 -23"><span class='ocrx_word' id='word_1_186' title='bbox 93 1514 249 1583; x_wconf 81' lang='lat' dir='ltr'>veritatem,</span> <span class='ocrx_word' id='word_1_187' title='bbox 272 1516 322 1572; x_wconf 88' lang='lat' dir='ltr'>sed</span> <span class='ocrx_word' id='word_1_188' title='bbox 346 1517 467 1573; x_wconf 79' lang='lat' dir='ltr'>officium</span> <span class='ocrx_word' id='word_1_189' title='bbox 488 1518 592 1589; x_wconf 91' lang='lat' dir='ltr'>judicis</span> <span class='ocrx_word' id='word_1_190' title='bbox 615 1519 766 1590; x_wconf 83' lang='lat' dir='ltr'>deponeret</span> <span class='ocrx_word' id='word_1_191' title='bbox 789 1534 821 1572; x_wconf 89' lang='lat' dir='ltr'>ac</span> <span class='ocrx_word' id='word_1_192' title='bbox 846 1516 926 1572; x_wconf 88' lang='lat' dir='ltr'>testis</span> <span class='ocrx_word' id='word_1_193' title='bbox 952 1517 1081 1588; x_wconf 82' lang='lat' dir='ltr'>privatim</span> <span class='ocrx_word' id='word_1_194' title='bbox 1095 1522 1204 1572; x_wconf 87' lang='lat' dir='ltr'>constet</span> <span class='ocrx_word' id='word_1_195' title='bbox 1214 1522 1299 1572; x_wconf 88' lang='lat' dir='ltr'>testes</span> <span class='ocrx_word' id='word_1_196' title='bbox 1311 1515 1412 1570; x_wconf 87' lang='lat' dir='ltr'>falsum</span> <span class='ocrx_word' id='word_1_197' title='bbox 1425 1515 1570 1586; x_wconf 85' lang='lat' dir='ltr'>deponere,</span> <span class='ocrx_word' id='word_1_198' title='bbox 1590 1516 1664 1587; x_wconf 88' lang='lat' dir='ltr'>quod</span> <span class='ocrx_word' id='word_1_199' title='bbox 1674 1515 1784 1570; x_wconf 89' lang='lat' dir='ltr'>illomm</span> 
     </span>
     <span class='ocr_line' id='line_1_15' title="bbox 93 1602 1784 1676; baseline 0.001 -20"><span class='ocrx_word' id='word_1_200' title='bbox 93 1608 185 1672; x_wconf 88' lang='lat' dir='ltr'>partes</span> <span class='ocrx_word' id='word_1_201' title='bbox 203 1603 323 1669; x_wconf 88' lang='lat' dir='ltr'>subiret,</span> <span class='ocrx_word' id='word_1_202' title='bbox 342 1607 470 1676; x_wconf 87' lang='lat' dir='ltr'>perjurus</span> <span class='ocrx_word' id='word_1_203' title='bbox 484 1607 635 1662; x_wconf 72' lang='lat' dir='ltr'>exsisteret.</span> <span class='ocrx_word' id='word_1_204' title='bbox 673 1607 730 1662; x_wconf 82' lang='lat' dir='ltr'>Alii</span> <span class='ocrx_word' id='word_1_205' title='bbox 752 1604 927 1676; x_wconf 89' lang='lat' dir='ltr'>distinguunt</span> <span class='ocrx_word' id='word_1_206' title='bbox 953 1604 1157 1659; x_wconf 86' lang='lat' dir='ltr'>attestationem</span> <span class='ocrx_word' id='word_1_207' title='bbox 1182 1604 1210 1658; x_wconf 91' lang='lat' dir='ltr'>in</span> <span class='ocrx_word' id='word_1_208' title='bbox 1226 1604 1380 1674; x_wconf 87' lang='lat' dir='ltr'>judicando</span> <span class='ocrx_word' id='word_1_209' title='bbox 1404 1608 1578 1659; x_wconf 86' lang='lat' dir='ltr'>contemnere</span> <span class='ocrx_word' id='word_1_210' title='bbox 1598 1602 1707 1659; x_wconf 90' lang='lat' dir='ltr'>debeat.</span> <span class='ocrx_word' id='word_1_211' title='bbox 1741 1602 1784 1657; x_wconf 83' lang='lat' dir='ltr'>Er</span> 
     </span>
     <span class='ocr_line' id='line_1_16' title="bbox 93 1688 1784 1761; baseline 0.001 -19"><span class='ocrx_word' id='word_1_212' title='bbox 93 1689 165 1744; x_wconf 89' lang='lat' dir='ltr'>inter</span> <span class='ocrx_word' id='word_1_213' title='bbox 188 1708 289 1745; x_wconf 83' lang='lat' dir='ltr'>causas</span> <span class='ocrx_word' id='word_1_214' title='bbox 313 1693 475 1746; x_wconf 82' lang='lat' dir='ltr'>criminales</span> <span class='ocrx_word' id='word_1_215' title='bbox 495 1702 520 1747; x_wconf 88' lang='lat' dir='ltr'>et</span> <span class='ocrx_word' id='word_1_216' title='bbox 545 1695 658 1761; x_wconf 61' lang='lat' dir='ltr'>civilem</span> <span class='ocrx_word' id='word_1_217' title='bbox 684 1693 713 1747; x_wconf 92' lang='lat' dir='ltr'>in</span> <span class='ocrx_word' id='word_1_218' title='bbox 738 1691 926 1747; x_wconf 74' lang='lat' dir='ltr'>criminalibus</span> <span class='ocrx_word' id='word_1_219' title='bbox 952 1689 1029 1746; x_wconf 92' lang='lat' dir='ltr'>bisce</span> <span class='ocrx_word' id='word_1_220' title='bbox 1059 1690 1134 1745; x_wconf 85' lang='lat' dir='ltr'>facili</span> <span class='ocrx_word' id='word_1_221' title='bbox 1162 1690 1275 1761; x_wconf 84' lang='lat' dir='ltr'>negotio</span> <span class='ocrx_word' id='word_1_222' title='bbox 1300 1689 1452 1761; x_wconf 83' lang='lat' dir='ltr'>colligitur,</span> <span class='ocrx_word' id='word_1_223' title='bbox 1485 1689 1553 1761; x_wconf 91' lang='lat' dir='ltr'>qnid</span> <span class='ocrx_word' id='word_1_224' title='bbox 1584 1690 1619 1744; x_wconf 91' lang='lat' dir='ltr'>ad</span> <span class='ocrx_word' id='word_1_225' title='bbox 1647 1688 1784 1745; x_wconf 85' lang='lat' dir='ltr'>contraria</span> 
     </span>
     <span class='ocr_line' id='line_1_17' title="bbox 94 1775 1785 1848; baseline 0 -19"><span class='ocrx_word' id='word_1_226' title='bbox 94 1777 250 1832; x_wconf 90' lang='lat' dir='ltr'>concedunt</span> <span class='ocrx_word' id='word_1_227' title='bbox 269 1778 393 1848; x_wconf 90' lang='lat' dir='ltr'>judicem</span> <span class='ocrx_word' id='word_1_228' title='bbox 420 1780 573 1835; x_wconf 91' lang='lat' dir='ltr'>seeundum</span> <span class='ocrx_word' id='word_1_229' title='bbox 599 1779 796 1835; x_wconf 89' lang='lat' dir='ltr'>conscientiam</span> <span class='ocrx_word' id='word_1_230' title='bbox 825 1778 926 1834; x_wconf 88' lang='lat' dir='ltr'>debere</span> <span class='ocrx_word' id='word_1_231' title='bbox 951 1782 1116 1848; x_wconf 85' lang='lat' dir='ltr'>argumenta</span> <span class='ocrx_word' id='word_1_232' title='bbox 1133 1777 1356 1848; x_wconf 88' lang='lat' dir='ltr'>respondendum</span> <span class='ocrx_word' id='word_1_233' title='bbox 1371 1776 1414 1841; x_wconf 92' lang='lat' dir='ltr'>sit,</span> <span class='ocrx_word' id='word_1_234' title='bbox 1434 1777 1500 1847; x_wconf 80' lang='lat' dir='ltr'>quio</span> <span class='ocrx_word' id='word_1_235' title='bbox 1518 1775 1640 1845; x_wconf 68' lang='lat' dir='ltr'>connino</span> <span class='ocrx_word' id='word_1_236' title='bbox 1658 1777 1785 1830; x_wconf 71' lang='lat' dir='ltr'>veritates</span> 
     </span>
     <span class='ocr_line' id='line_1_18' title="bbox 94 1863 1784 1937; baseline 0.003 -24"><span class='ocrx_word' id='word_1_237' title='bbox 94 1864 280 1933; x_wconf 81' lang='lat' dir='ltr'>pronuntiare,</span> <span class='ocrx_word' id='word_1_238' title='bbox 300 1883 363 1921; x_wconf 74' lang='lat' dir='ltr'>cum</span> <span class='ocrx_word' id='word_1_239' title='bbox 377 1867 463 1922; x_wconf 72' lang='lat' dir='ltr'>satius</span> <span class='ocrx_word' id='word_1_240' title='bbox 481 1867 518 1922; x_wconf 75' lang='lat' dir='ltr'>sit</span> <span class='ocrx_word' id='word_1_241' title='bbox 530 1874 673 1922; x_wconf 66' lang='lat' dir='ltr'>nocentem</span> <span class='ocrx_word' id='word_1_242' title='bbox 692 1867 831 1923; x_wconf 75' lang='lat' dir='ltr'>dimittere</span> <span class='ocrx_word' id='word_1_243' title='bbox 843 1881 926 1937; x_wconf 86' lang='lat' dir='ltr'>quam</span> <span class='ocrx_word' id='word_1_244' title='bbox 952 1872 993 1916; x_wconf 85' lang='lat' dir='ltr'>est</span> <span class='ocrx_word' id='word_1_245' title='bbox 1011 1865 1182 1933; x_wconf 77' lang='lat' dir='ltr'>objectorum</span> <span class='ocrx_word' id='word_1_246' title='bbox 1200 1865 1311 1933; x_wconf 72' lang='lat' dir='ltr'>conctis,</span> <span class='ocrx_word' id='word_1_247' title='bbox 1330 1863 1422 1935; x_wconf 90' lang='lat' dir='ltr'>inquit</span> <span class='ocrx_word' id='word_1_248' title='bbox 1440 1863 1609 1920; x_wconf 73' lang='lat' dir='ltr'>savonarola</span> <span class='ocrx_word' id='word_1_249' title='bbox 1626 1863 1686 1919; x_wconf 92' lang='lat' dir='ltr'>libr.</span> <span class='ocrx_word' id='word_1_250' title='bbox 1708 1869 1730 1918; x_wconf 88' lang='lat' dir='ltr'>l.</span> <span class='ocrx_word' id='word_1_251' title='bbox 1749 1864 1784 1918; x_wconf 88' lang='lat' dir='ltr'>de</span> 
     </span>
     <span class='ocr_line' id='line_1_19' title="bbox 94 1949 1238 2025; baseline 0 -22"><span class='ocrx_word' id='word_1_252' title='bbox 94 1949 268 2006; x_wconf 87' lang='lat' dir='ltr'>innocentem</span> <span class='ocrx_word' id='word_1_253' title='bbox 289 1953 473 2009; x_wconf 89' lang='lat' dir='ltr'>condemnare</span> <span class='ocrx_word' id='word_1_254' title='bbox 492 1953 512 2010; x_wconf 94' lang='lat' dir='ltr'>l.</span> <span class='ocrx_word' id='word_1_255' title='bbox 536 1961 559 2010; x_wconf 83' lang='lat'>5.</span> <span class='ocrx_word' id='word_1_256' title='bbox 585 1953 616 2012; x_wconf 83' lang='lat' dir='ltr'>ff.</span> <span class='ocrx_word' id='word_1_257' title='bbox 635 1955 671 2010; x_wconf 92' lang='lat' dir='ltr'>de</span> <span class='ocrx_word' id='word_1_258' title='bbox 686 1954 797 2025; x_wconf 80' lang='lat' dir='ltr'>poenis3</span> <span class='ocrx_word' id='word_1_259' title='bbox 815 1953 843 2007; x_wconf 93' lang='lat' dir='ltr'>in</span> <span class='ocrx_word' id='word_1_260' title='bbox 861 1952 927 2007; x_wconf 85' lang='lat' dir='ltr'>civi·</span> <span class='ocrx_word' id='word_1_261' title='bbox 952 1950 1059 2005; x_wconf 84' lang='lat' dir='ltr'>veritat</span> <span class='ocrx_word' id='word_1_262' title='bbox 1080 1949 1136 2006; x_wconf 86' lang='lat' dir='ltr'>fida</span> <span class='ocrx_word' id='word_1_263' title='bbox 1154 1967 1175 2005; x_wconf 94' lang='lat' dir='ltr'>c.</span> <span class='ocrx_word' id='word_1_264' title='bbox 1199 1957 1238 2006; x_wconf 78' lang='lat' dir='ltr'>ts.</span> 
     </span>
     <span class='ocr_line' id='line_1_20' title="bbox 94 2035 1103 2112; baseline 0.005 -23"><span class='ocrx_word' id='word_1_265' title='bbox 94 2035 167 2091; x_wconf 90' lang='lat' dir='ltr'>libus</span> <span class='ocrx_word' id='word_1_266' title='bbox 191 2054 255 2093; x_wconf 85' lang='lat' dir='ltr'>vero</span> <span class='ocrx_word' id='word_1_267' title='bbox 276 2046 388 2111; x_wconf 86' lang='lat' dir='ltr'>negant.</span> <span class='ocrx_word' id='word_1_268' title='bbox 428 2039 483 2096; x_wconf 88' lang='lat' dir='ltr'>Sed</span> <span class='ocrx_word' id='word_1_269' title='bbox 511 2041 566 2095; x_wconf 86' lang='lat' dir='ltr'>illis</span> <span class='ocrx_word' id='word_1_270' title='bbox 592 2041 742 2112; x_wconf 83' lang='lat' dir='ltr'>respondet</span> <span class='ocrx_word' id='word_1_271' title='bbox 771 2041 926 2094; x_wconf 83' lang='lat' dir='ltr'>Ammaous</span> <span class='ocrx_word' id='word_1_272' title='bbox 1089 2046 1103 2075; x_wconf 75' lang='lat'><em>0</em></span> 
     </span>
     <span class='ocr_line' id='line_1_21' title="bbox 92 2122 926 2199; baseline 0.004 -23"><span class='ocrx_word' id='word_1_273' title='bbox 92 2122 306 2191; x_wconf 87' lang='lat' dir='ltr'>jurisconsultus</span> <span class='ocrx_word' id='word_1_274' title='bbox 331 2127 459 2198; x_wconf 85' lang='lat' dir='ltr'>eximius,</span> <span class='ocrx_word' id='word_1_275' title='bbox 477 2135 618 2199; x_wconf 84' lang='lat' dir='ltr'>compater</span> <span class='ocrx_word' id='word_1_276' title='bbox 644 2133 672 2183; x_wconf 90' lang='lat' dir='ltr'>et</span> <span class='ocrx_word' id='word_1_277' title='bbox 701 2127 809 2198; x_wconf 81' lang='lat' dir='ltr'>collega</span> <span class='ocrx_word' id='word_1_278' title='bbox 832 2132 926 2181; x_wconf 90' lang='lat' dir='ltr'>noster</span> 
     </span>
    </p>

    <p class='ocr_par' dir='ltr' id='par_1_3' title="bbox 15 2203 1598 2546">
     <span class='ocr_line' id='line_1_22' title="bbox 15 2203 928 2286; baseline 0.007 -26"><span class='ocrx_word' id='word_1_279' title='bbox 15 2235 21 2246; x_wconf 91' lang='lat'><strong>·</strong></span> <span class='ocrx_word' id='word_1_280' title='bbox 37 2203 80 2246; x_wconf 62' lang='lat'>¹⁵4</span> <span class='ocrx_word' id='word_1_281' title='bbox 95 2207 271 2265; x_wconf 89' lang='lat' dir='ltr'>honorandus</span> <span class='ocrx_word' id='word_1_282' title='bbox 286 2229 373 2269; x_wconf 86' lang='lat' dir='ltr'>exerc.</span> <span class='ocrx_word' id='word_1_283' title='bbox 387 2219 410 2270; x_wconf 87' lang='grc'><strong>6.</strong></span> <span class='ocrx_word' id='word_1_284' title='bbox 423 2213 452 2268; x_wconf 88' lang='lat' dir='ltr'>in</span> <span class='ocrx_word' id='word_1_285' title='bbox 465 2230 576 2286; x_wconf 87' lang='lat' dir='ltr'>parerg.</span> <span class='ocrx_word' id='word_1_286' title='bbox 592 2213 702 2269; x_wconf 82' lang='lat' dir='ltr'>nuttam</span> <span class='ocrx_word' id='word_1_287' title='bbox 722 2215 768 2268; x_wconf 82' lang='lat' dir='ltr'>ln&#39;c</span> <span class='ocrx_word' id='word_1_288' title='bbox 785 2213 928 2281; x_wconf 73' lang='lat' dir='ltr'>ossipnars&#39;</span> 
     </span>
     <span class='ocr_line' id='line_1_23' title="bbox 95 2297 926 2374; baseline 0.008 -27"><span class='ocrx_word' id='word_1_289' title='bbox 95 2297 245 2351; x_wconf 80' lang='lat' dir='ltr'>evidentem</span> <span class='ocrx_word' id='word_1_290' title='bbox 258 2300 431 2355; x_wconf 79' lang='lat' dir='ltr'>diversitatis</span> <span class='ocrx_word' id='word_1_291' title='bbox 448 2303 594 2366; x_wconf 66' lang='lat' dir='ltr'>rationem</span> <span class='ocrx_word' id='word_1_292' title='bbox 612 2301 760 2374; x_wconf 82' lang='lat' dir='ltr'>utrobique</span> <span class='ocrx_word' id='word_1_293' title='bbox 773 2301 844 2356; x_wconf 88' lang='lat' dir='ltr'>enim</span> <span class='ocrx_word' id='word_1_294' title='bbox 856 2300 926 2355; x_wconf 85' lang='lat' dir='ltr'>veri·</span> 
     </span>
     <span class='ocr_line' id='line_1_24' title="bbox 94 2384 1598 2474; baseline 0.005 -37"><span class='ocrx_word' id='word_1_295' title='bbox 94 2390 137 2437; x_wconf 87' lang='lat' dir='ltr'>tas</span> <span class='ocrx_word' id='word_1_296' title='bbox 154 2391 182 2439; x_wconf 90' lang='lat' dir='ltr'>st</span> <span class='ocrx_word' id='word_1_297' title='bbox 200 2384 358 2442; x_wconf 87' lang='lat' dir='ltr'>innocentia</span> <span class='ocrx_word' id='word_1_298' title='bbox 369 2390 578 2460; x_wconf 88' lang='lat' dir='ltr'>opprimeretur,</span> <span class='ocrx_word' id='word_1_299' title='bbox 597 2391 620 2444; x_wconf 88' lang='lat' dir='ltr'>si</span> <span class='ocrx_word' id='word_1_300' title='bbox 629 2390 716 2459; x_wconf 88' lang='lat' dir='ltr'>judex</span> <span class='ocrx_word' id='word_1_301' title='bbox 734 2394 830 2444; x_wconf 88' lang='lat' dir='ltr'>contra</span> <span class='ocrx_word' id='word_1_302' title='bbox 846 2403 925 2442; x_wconf 90' lang='lat' dir='ltr'>snam</span> <span class='ocrx_word' id='word_1_303' title='bbox 1134 2412 1162 2473; x_wconf 61' lang='grc' dir='ltr'><strong>Δ</strong></span> <span class='ocrx_word' id='word_1_304' title='bbox 1180 2411 1210 2473; x_wconf 68' lang='lat' dir='ltr'><strong>R</strong></span> <span class='ocrx_word' id='word_1_305' title='bbox 1226 2413 1250 2473; x_wconf 63' lang='lat' dir='ltr'>q</span> <span class='ocrx_word' id='word_1_306' title='bbox 1266 2412 1283 2474; x_wconf 80' lang='lat'>1</span> <span class='ocrx_word' id='word_1_307' title='bbox 1301 2412 1323 2474; x_wconf 78' lang='lat'><strong>0</strong></span> <span class='ocrx_word' id='word_1_308' title='bbox 1340 2413 1369 2473; x_wconf 69' lang='lat' dir='ltr'>u</span> <span class='ocrx_word' id='word_1_309' title='bbox 1386 2413 1411 2473; x_wconf 68' lang='lat'>1⁴</span> <span class='ocrx_word' id='word_1_310' title='bbox 1428 2413 1457 2473; x_wconf 70' lang='grc' dir='ltr'><strong>ῃ</strong></span> <span class='ocrx_word' id='word_1_311' title='bbox 1474 2413 1494 2472; x_wconf 69' lang='lat' dir='ltr'>g</span> <span class='ocrx_word' id='word_1_312' title='bbox 1528 2411 1598 2474; x_wconf 80' lang='grc' dir='ltr'>ῙῙῙΙ</span> 
     </span>
     <span class='ocr_line' id='line_1_25' title="bbox 94 2472 925 2546; baseline 0.005 -22"><span class='ocrx_word' id='word_1_313' title='bbox 94 2472 290 2528; x_wconf 87' lang='lat' dir='ltr'>conscientiam</span> <span class='ocrx_word' id='word_1_314' title='bbox 316 2482 438 2530; x_wconf 89' lang='lat' dir='ltr'>actorum</span> <span class='ocrx_word' id='word_1_315' title='bbox 456 2476 540 2531; x_wconf 89' lang='lat' dir='ltr'>fidem</span> <span class='ocrx_word' id='word_1_316' title='bbox 559 2483 672 2532; x_wconf 85' lang='lat' dir='ltr'>secutus</span> <span class='ocrx_word' id='word_1_317' title='bbox 686 2475 814 2546; x_wconf 87' lang='lat' dir='ltr'>judicare</span> <span class='ocrx_word' id='word_1_318' title='bbox 832 2473 925 2529; x_wconf 83' lang='lat' dir='ltr'>vellet.</span> 
     </span>
    </p>
   </div>
   <div class='ocr_carea' id='block_1_3' title="bbox 93 2557 1568 2719">
    <p class='ocr_par' dir='ltr' id='par_1_4' title="bbox 93 2557 1568 2719">
     <span class='ocr_line' id='line_1_26' title="bbox 93 2557 1568 2639; baseline 0.001 -27"><span class='ocrx_word' id='word_1_319' title='bbox 93 2557 211 2622; x_wconf 79' lang='lat' dir='ltr'>Quidam</span> <span class='ocrx_word' id='word_1_320' title='bbox 248 2560 423 2632; x_wconf 82' lang='lat' dir='ltr'>distinguunt</span> <span class='ocrx_word' id='word_1_321' title='bbox 456 2564 531 2616; x_wconf 86' lang='lat' dir='ltr'>inter</span> <span class='ocrx_word' id='word_1_322' title='bbox 548 2564 677 2631; x_wconf 80' lang='lat' dir='ltr'>judicem</span> <span class='ocrx_word' id='word_1_323' title='bbox 702 2563 881 2628; x_wconf 77' lang='lat' dir='ltr'>inferiorem,</span> <span class='ocrx_word' id='word_1_324' title='bbox 907 2575 925 2613; x_wconf 86' lang='lat' dir='ltr'>a</span> <span class='ocrx_word' id='word_1_325' title='bbox 1166 2570 1230 2637; x_wconf 71' lang='lat' dir='ltr'>DE</span> <span class='ocrx_word' id='word_1_326' title='bbox 1254 2568 1568 2639; x_wconf 71' lang='lat' dir='ltr'>SUPPLIOHS</span> 
     </span>
     <span class='ocr_line' id='line_1_27' title="bbox 93 2646 925 2719; baseline 0 -19"><span class='ocrx_word' id='word_1_327' title='bbox 93 2662 148 2716; x_wconf 88' lang='lat' dir='ltr'>qno</span> <span class='ocrx_word' id='word_1_328' title='bbox 160 2646 243 2700; x_wconf 89' lang='lat' dir='ltr'>datur</span> <span class='ocrx_word' id='word_1_329' title='bbox 253 2648 413 2717; x_wconf 86' lang='lat' dir='ltr'>appellatio,</span> <span class='ocrx_word' id='word_1_330' title='bbox 434 2657 460 2702; x_wconf 91' lang='lat' dir='ltr'>et</span> <span class='ocrx_word' id='word_1_331' title='bbox 471 2651 652 2718; x_wconf 85' lang='lat' dir='ltr'>superiorem,</span> <span class='ocrx_word' id='word_1_332' title='bbox 668 2665 685 2703; x_wconf 93' lang='lat' dir='ltr'>a</span> <span class='ocrx_word' id='word_1_333' title='bbox 696 2665 776 2719; x_wconf 82' lang='lat' dir='ltr'>euJus</span> <span class='ocrx_word' id='word_1_334' title='bbox 788 2647 925 2703; x_wconf 83' lang='lat' dir='ltr'>sententie</span> 
     </span>
    </p>
   </div>
   <div class='ocr_carea' id='block_1_4' title="bbox 91 2734 1909 5637">
    <p class='ocr_par' dir='ltr' id='par_1_5' title="bbox 91 2734 1909 4200">
     <span class='ocr_line' id='line_1_28' title="bbox 93 2734 1908 2811; baseline 0.004 -22"><span class='ocrx_word' id='word_1_335' title='bbox 93 2734 227 2805; x_wconf 86' lang='lat' dir='ltr'>appellari</span> <span class='ocrx_word' id='word_1_336' title='bbox 244 2736 350 2807; x_wconf 89' lang='lat' dir='ltr'>nequit.</span> <span class='ocrx_word' id='word_1_337' title='bbox 381 2735 617 2807; x_wconf 86' lang='lat' dir='ltr'>Hotomannusq</span> <span class='ocrx_word' id='word_1_338' title='bbox 633 2742 673 2791; x_wconf 83' lang='grc'>27</span> <span class='ocrx_word' id='word_1_339' title='bbox 686 2737 785 2791; x_wconf 88' lang='lat' dir='ltr'>illustr</span> <span class='ocrx_word' id='word_1_340' title='bbox 800 2735 925 2790; x_wconf 76' lang='lat' dir='ltr'>Treutle·</span> <span class='ocrx_word' id='word_1_341' title='bbox 986 2745 1044 2796; x_wconf 82' lang='lat'>29³.</span> <span class='ocrx_word' id='word_1_342' title='bbox 1080 2738 1228 2798; x_wconf 81' lang='lat' dir='ltr'>Exsecutio</span> <span class='ocrx_word' id='word_1_343' title='bbox 1247 2741 1334 2804; x_wconf 84' lang='lat' dir='ltr'>illa,&#39;</span> <span class='ocrx_word' id='word_1_344' title='bbox 1325 2758 1354 2795; x_wconf 92' lang='grc' dir='ltr'>ιιι</span> <span class='ocrx_word' id='word_1_345' title='bbox 1374 2757 1430 2811; x_wconf 89' lang='lat' dir='ltr'>qua</span> <span class='ocrx_word' id='word_1_346' title='bbox 1449 2739 1502 2793; x_wconf 86' lang='lat' dir='ltr'>vim</span> <span class='ocrx_word' id='word_1_347' title='bbox 1521 2746 1550 2794; x_wconf 92' lang='lat' dir='ltr'>et</span> <span class='ocrx_word' id='word_1_348' title='bbox 1568 2739 1676 2810; x_wconf 86' lang='lat' dir='ltr'>pondus</span> <span class='ocrx_word' id='word_1_349' title='bbox 1689 2740 1783 2811; x_wconf 88' lang='lat' dir='ltr'>legum</span> <span class='ocrx_word' id='word_1_350' title='bbox 1796 2754 1860 2796; x_wconf 80' lang='lat' dir='ltr'>auio</span> <span class='ocrx_word' id='word_1_351' title='bbox 1873 2767 1908 2796; x_wconf 69' lang='lat' dir='ltr'>or</span> 
     </span>
     <span class='ocr_line' id='line_1_29' title="bbox 93 2807 1864 2898; baseline 0.005 -25"><span class='ocrx_word' id='word_1_352' title='bbox 93 2839 139 2874; x_wconf 90' lang='lat' dir='ltr'>rus</span> <span class='ocrx_word' id='word_1_353' title='bbox 159 2821 211 2875; x_wconf 89' lang='lat' dir='ltr'>vol.</span> <span class='ocrx_word' id='word_1_354' title='bbox 234 2827 256 2876; x_wconf 91' lang='lat' dir='ltr'>t.</span> <span class='ocrx_word' id='word_1_355' title='bbox 270 2821 340 2892; x_wconf 88' lang='lat' dir='ltr'>disp.</span> <span class='ocrx_word' id='word_1_356' title='bbox 362 2828 400 2878; x_wconf 87' lang='grc'>14.</span> <span class='ocrx_word' id='word_1_357' title='bbox 415 2821 452 2878; x_wconf 92' lang='lat' dir='ltr'>th</span> <span class='ocrx_word' id='word_1_358' title='bbox 477 2829 515 2879; x_wconf 83' lang='grc'><strong>14.</strong></span> <span class='ocrx_word' id='word_1_359' title='bbox 528 2840 551 2878; x_wconf 78' lang='lat' dir='ltr'>st</span> <span class='ocrx_word' id='word_1_360' title='bbox 544 2823 651 2892; x_wconf 89' lang='lat' dir='ltr'>judex</span> <span class='ocrx_word' id='word_1_361' title='bbox 670 2823 707 2877; x_wconf 90' lang='lat' dir='ltr'>sit</span> <span class='ocrx_word' id='word_1_362' title='bbox 724 2822 845 2886; x_wconf 85' lang='lat' dir='ltr'>inferior,</span> <span class='ocrx_word' id='word_1_363' title='bbox 864 2826 924 2875; x_wconf 77' lang='lat' dir='ltr'>tum</span> <span class='ocrx_word' id='word_1_364' title='bbox 951 2827 1100 2882; x_wconf 88' lang='lat' dir='ltr'>consistere</span> <span class='ocrx_word' id='word_1_365' title='bbox 1118 2827 1250 2894; x_wconf 83' lang='lat' dir='ltr'>diximus,</span> <span class='ocrx_word' id='word_1_366' title='bbox 1279 2833 1404 2882; x_wconf 86' lang='lat' dir='ltr'>versatur</span> <span class='ocrx_word' id='word_1_367' title='bbox 1421 2845 1476 2881; x_wconf 92' lang='lat' dir='ltr'>non</span> <span class='ocrx_word' id='word_1_368' title='bbox 1495 2826 1622 2881; x_wconf 91' lang='lat' dir='ltr'>solum</span> <span class='ocrx_word' id='word_1_369' title='bbox 1608 2845 1637 2879; x_wconf 83' lang='lat' dir='ltr'>sn</span> <span class='ocrx_word' id='word_1_370' title='bbox 1655 2827 1783 2898; x_wconf 77' lang='lat' dir='ltr'>judiciis,</span> <span class='ocrx_word' id='word_1_371' title='bbox 1797 2807 1864 2849; x_wconf 58' lang='lat'>⁶¹³³</span> 
     </span>
     <span class='ocr_line' id='line_1_30' title="bbox 93 2906 1783 2985; baseline 0.004 -23"><span class='ocrx_word' id='word_1_372' title='bbox 93 2924 148 2962; x_wconf 89' lang='lat' dir='ltr'>non</span> <span class='ocrx_word' id='word_1_373' title='bbox 165 2906 266 2963; x_wconf 89' lang='lat' dir='ltr'>debere</span> <span class='ocrx_word' id='word_1_374' title='bbox 284 2908 435 2964; x_wconf 88' lang='lat' dir='ltr'>seeundum</span> <span class='ocrx_word' id='word_1_375' title='bbox 456 2909 652 2965; x_wconf 88' lang='lat' dir='ltr'>conscientiam</span> <span class='ocrx_word' id='word_1_376' title='bbox 672 2916 769 2965; x_wconf 88' lang='lat' dir='ltr'>contra</span> <span class='ocrx_word' id='word_1_377' title='bbox 782 2915 845 2964; x_wconf 88' lang='lat' dir='ltr'>acta</span> <span class='ocrx_word' id='word_1_378' title='bbox 864 2925 924 2963; x_wconf 88' lang='lat' dir='ltr'>sen·</span> <span class='ocrx_word' id='word_1_379' title='bbox 950 2914 999 2968; x_wconf 90' lang='lat' dir='ltr'>sed</span> <span class='ocrx_word' id='word_1_380' title='bbox 1024 2914 1139 2970; x_wconf 90' lang='lat' dir='ltr'>etiam</span> <span class='ocrx_word' id='word_1_381' title='bbox 1126 2933 1156 2968; x_wconf 80' lang='lat' dir='ltr'>sn</span> <span class='ocrx_word' id='word_1_382' title='bbox 1170 2913 1310 2984; x_wconf 84' lang='lat' dir='ltr'>praemiis</span> <span class='ocrx_word' id='word_1_383' title='bbox 1329 2930 1363 2967; x_wconf 87' lang='lat' dir='ltr'>nc</span> <span class='ocrx_word' id='word_1_384' title='bbox 1379 2915 1494 2985; x_wconf 84' lang='lat' dir='ltr'>poenis,</span> <span class='ocrx_word' id='word_1_385' title='bbox 1517 2912 1646 2968; x_wconf 86' lang='lat' dir='ltr'>nimirum</span> <span class='ocrx_word' id='word_1_386' title='bbox 1666 2918 1698 2967; x_wconf 91' lang='lat' dir='ltr'>ut</span> <span class='ocrx_word' id='word_1_387' title='bbox 1714 2912 1783 2984; x_wconf 85' lang='lat' dir='ltr'>legi·</span> 
     </span>
     <span class='ocr_line' id='line_1_31' title="bbox 92 2992 1782 3071; baseline 0.003 -22"><span class='ocrx_word' id='word_1_388' title='bbox 92 2996 206 3050; x_wconf 89' lang='lat' dir='ltr'>tentiam</span> <span class='ocrx_word' id='word_1_389' title='bbox 225 2994 309 3061; x_wconf 87' lang='lat' dir='ltr'>ferra,</span> <span class='ocrx_word' id='word_1_390' title='bbox 332 3012 396 3049; x_wconf 88' lang='lat' dir='ltr'>eum</span> <span class='ocrx_word' id='word_1_391' title='bbox 411 2995 501 3065; x_wconf 88' lang='lat' dir='ltr'>judici</span> <span class='ocrx_word' id='word_1_392' title='bbox 522 2995 657 3067; x_wconf 89' lang='lat' dir='ltr'>superiori</span> <span class='ocrx_word' id='word_1_393' title='bbox 675 3011 708 3050; x_wconf 87' lang='lat' dir='ltr'>ex</span> <span class='ocrx_word' id='word_1_394' title='bbox 733 2997 802 3050; x_wconf 88' lang='lat' dir='ltr'>actis</span> <span class='ocrx_word' id='word_1_395' title='bbox 826 2992 925 3067; x_wconf 85' lang='lat' dir='ltr'>priorii</span> <span class='ocrx_word' id='word_1_396' title='bbox 950 3000 1003 3056; x_wconf 90' lang='lat' dir='ltr'>bns</span> <span class='ocrx_word' id='word_1_397' title='bbox 1021 2999 1143 3057; x_wconf 88' lang='lat' dir='ltr'>honestis</span> <span class='ocrx_word' id='word_1_398' title='bbox 1161 3000 1383 3071; x_wconf 87' lang='lat' dir='ltr'>obtemperantes</span> <span class='ocrx_word' id='word_1_399' title='bbox 1401 2998 1503 3054; x_wconf 86' lang='lat' dir='ltr'>debitis</span> <span class='ocrx_word' id='word_1_400' title='bbox 1520 2998 1662 3069; x_wconf 88' lang='lat' dir='ltr'>praemiis,</span> <span class='ocrx_word' id='word_1_401' title='bbox 1688 3015 1782 3054; x_wconf 84' lang='lat' dir='ltr'>aarum</span> 
     </span>
     <span class='ocr_line' id='line_1_32' title="bbox 92 3081 1783 3158; baseline 0.002 -22"><span class='ocrx_word' id='word_1_402' title='bbox 92 3081 241 3137; x_wconf 72' lang='grc' dir='ltr'><strong>ἰιιιιιιιιιιίιιο</strong></span> <span class='ocrx_word' id='word_1_403' title='bbox 254 3082 549 3152; x_wconf 87' lang='lat' dir='ltr'>constarenonpossit,</span> <span class='ocrx_word' id='word_1_404' title='bbox 568 3089 692 3138; x_wconf 90' lang='lat' dir='ltr'>anrecte</span> <span class='ocrx_word' id='word_1_405' title='bbox 708 3083 744 3137; x_wconf 91' lang='lat' dir='ltr'>sit</span> <span class='ocrx_word' id='word_1_406' title='bbox 757 3083 923 3153; x_wconf 89' lang='lat' dir='ltr'>judicatum.</span> <span class='ocrx_word' id='word_1_407' title='bbox 950 3103 1015 3142; x_wconf 83' lang='lat' dir='ltr'>vero</span> <span class='ocrx_word' id='word_1_408' title='bbox 1037 3093 1253 3158; x_wconf 74' lang='lat' dir='ltr'>uansgressores</span> <span class='ocrx_word' id='word_1_409' title='bbox 1281 3085 1378 3157; x_wconf 90' lang='lat' dir='ltr'>poenis</span> <span class='ocrx_word' id='word_1_410' title='bbox 1410 3084 1575 3140; x_wconf 87' lang='lat' dir='ltr'>afficiantur.</span> <span class='ocrx_word' id='word_1_411' title='bbox 1621 3084 1682 3142; x_wconf 87' lang='lat' dir='ltr'>Nisi</span> <span class='ocrx_word' id='word_1_412' title='bbox 1710 3084 1783 3139; x_wconf 91' lang='lat' dir='ltr'>enim</span> 
     </span>
     <span class='ocr_line' id='line_1_33' title="bbox 93 3167 1783 3246; baseline 0.002 -23"><span class='ocrx_word' id='word_1_413' title='bbox 93 3167 148 3224; x_wconf 84' lang='lat' dir='ltr'>Sed</span> <span class='ocrx_word' id='word_1_414' title='bbox 177 3175 342 3240; x_wconf 83' lang='lat' dir='ltr'>argumenta</span> <span class='ocrx_word' id='word_1_415' title='bbox 377 3170 536 3241; x_wconf 87' lang='lat' dir='ltr'>posterioris</span> <span class='ocrx_word' id='word_1_416' title='bbox 573 3170 726 3226; x_wconf 88' lang='lat' dir='ltr'>sententiae</span> <span class='ocrx_word' id='word_1_417' title='bbox 761 3169 924 3241; x_wconf 87' lang='lat' dir='ltr'>plerumque</span> <span class='ocrx_word' id='word_1_418' title='bbox 950 3192 1000 3246; x_wconf 87' lang='lat' dir='ltr'>per</span> <span class='ocrx_word' id='word_1_419' title='bbox 1018 3175 1156 3246; x_wconf 88' lang='lat' dir='ltr'>justitiam</span> <span class='ocrx_word' id='word_1_420' title='bbox 1181 3172 1387 3228; x_wconf 82' lang='lat' dir='ltr'>distributivam</span> <span class='ocrx_word' id='word_1_421' title='bbox 1411 3172 1535 3244; x_wconf 88' lang='lat' dir='ltr'>praemia</span> <span class='ocrx_word' id='word_1_422' title='bbox 1559 3171 1651 3240; x_wconf 90' lang='lat' dir='ltr'>bonis,</span> <span class='ocrx_word' id='word_1_423' title='bbox 1676 3188 1783 3242; x_wconf 88' lang='lat' dir='ltr'>poenae</span> 
     </span>
     <span class='ocr_line' id='line_1_34' title="bbox 93 3256 1784 3331; baseline 0.002 -21"><span class='ocrx_word' id='word_1_424' title='bbox 93 3256 184 3312; x_wconf 89' lang='lat' dir='ltr'>omnia</span> <span class='ocrx_word' id='word_1_425' title='bbox 202 3263 267 3312; x_wconf 91' lang='lat' dir='ltr'>suut</span> <span class='ocrx_word' id='word_1_426' title='bbox 280 3256 423 3328; x_wconf 87' lang='lat' dir='ltr'>generalia</span> <span class='ocrx_word' id='word_1_427' title='bbox 440 3263 469 3313; x_wconf 87' lang='lat' dir='ltr'>et</span> <span class='ocrx_word' id='word_1_428' title='bbox 485 3257 614 3329; x_wconf 89' lang='lat' dir='ltr'>probant,</span> <span class='ocrx_word' id='word_1_429' title='bbox 630 3257 924 3328; x_wconf 87' lang='lat' dir='ltr'>judicemindistinote</span> <span class='ocrx_word' id='word_1_430' title='bbox 950 3261 1029 3317; x_wconf 84' lang='lat' dir='ltr'>maha</span> <span class='ocrx_word' id='word_1_431' title='bbox 1048 3276 1081 3316; x_wconf 89' lang='lat' dir='ltr'>ac</span> <span class='ocrx_word' id='word_1_432' title='bbox 1098 3261 1259 3316; x_wconf 86' lang='lat' dir='ltr'>facinorosis</span> <span class='ocrx_word' id='word_1_433' title='bbox 1276 3261 1447 3331; x_wconf 85' lang='lat' dir='ltr'>irrogentur,</span> <span class='ocrx_word' id='word_1_434' title='bbox 1474 3258 1551 3330; x_wconf 82' lang='lat' dir='ltr'>leges</span> <span class='ocrx_word' id='word_1_435' title='bbox 1578 3259 1608 3312; x_wconf 90' lang='lat' dir='ltr'>in</span> <span class='ocrx_word' id='word_1_436' title='bbox 1632 3265 1784 3314; x_wconf 87' lang='lat' dir='ltr'>extromum</span> 
     </span>
     <span class='ocr_line' id='line_1_35' title="bbox 93 3343 1783 3417; baseline 0 -18"><span class='ocrx_word' id='word_1_437' title='bbox 93 3344 245 3399; x_wconf 89' lang='lat' dir='ltr'>secundnm</span> <span class='ocrx_word' id='word_1_438' title='bbox 267 3344 464 3400; x_wconf 87' lang='lat' dir='ltr'>conscientiam</span> <span class='ocrx_word' id='word_1_439' title='bbox 483 3345 584 3401; x_wconf 88' lang='lat' dir='ltr'>debere</span> <span class='ocrx_word' id='word_1_440' title='bbox 603 3346 791 3417; x_wconf 86' lang='lat' dir='ltr'>pronuntiare.</span> <span class='ocrx_word' id='word_1_441' title='bbox 827 3344 923 3400; x_wconf 85' lang='lat' dir='ltr'>Stante</span> <span class='ocrx_word' id='word_1_442' title='bbox 950 3349 1124 3405; x_wconf 87' lang='lat' dir='ltr'>deducuntur</span> <span class='ocrx_word' id='word_1_443' title='bbox 1141 3346 1308 3403; x_wconf 88' lang='lat' dir='ltr'>contemtum</span> <span class='ocrx_word' id='word_1_444' title='bbox 1328 3351 1356 3401; x_wconf 89' lang='lat' dir='ltr'>et</span> <span class='ocrx_word' id='word_1_445' title='bbox 1367 3343 1524 3416; x_wconf 86' lang='lat' dir='ltr'>respublica</span> <span class='ocrx_word' id='word_1_446' title='bbox 1538 3343 1698 3415; x_wconf 89' lang='lat' dir='ltr'>pessumire</span> <span class='ocrx_word' id='word_1_447' title='bbox 1709 3345 1783 3416; x_wconf 88' lang='lat' dir='ltr'>cogi·</span> 
     </span>
     <span class='ocr_line' id='line_1_36' title="bbox 92 3430 1781 3508; baseline -0.001 -21"><span class='ocrx_word' id='word_1_448' title='bbox 92 3446 125 3487; x_wconf 88' lang='lat' dir='ltr'>es</span> <span class='ocrx_word' id='word_1_449' title='bbox 141 3430 289 3503; x_wconf 86' lang='lat' dir='ltr'>hypothesi</span> <span class='ocrx_word' id='word_1_450' title='bbox 310 3431 398 3501; x_wconf 82' lang='lat' dir='ltr'>Judex</span> <span class='ocrx_word' id='word_1_451' title='bbox 425 3432 563 3502; x_wconf 90' lang='lat' dir='ltr'>superior,</span> <span class='ocrx_word' id='word_1_452' title='bbox 590 3432 626 3487; x_wconf 89' lang='lat' dir='ltr'>ad</span> <span class='ocrx_word' id='word_1_453' title='bbox 645 3449 726 3504; x_wconf 90' lang='lat' dir='ltr'>quem</span> <span class='ocrx_word' id='word_1_454' title='bbox 744 3439 921 3503; x_wconf 86' lang='lat' dir='ltr'>provocatum</span> <span class='ocrx_word' id='word_1_455' title='bbox 949 3442 1002 3506; x_wconf 86' lang='lat' dir='ltr'>tur,</span> <span class='ocrx_word' id='word_1_456' title='bbox 1016 3436 1120 3508; x_wconf 88' lang='lat' dir='ltr'>qnippe</span> <span class='ocrx_word' id='word_1_457' title='bbox 1130 3434 1209 3504; x_wconf 90' lang='lat' dir='ltr'>cujus</span> <span class='ocrx_word' id='word_1_458' title='bbox 1220 3433 1275 3488; x_wconf 89' lang='lat' dir='ltr'>dno</span> <span class='ocrx_word' id='word_1_459' title='bbox 1288 3433 1368 3505; x_wconf 84' lang='lat' dir='ltr'>quasi</span> <span class='ocrx_word' id='word_1_460' title='bbox 1381 3431 1478 3501; x_wconf 84' lang='lat' dir='ltr'>fulcra,</span> <span class='ocrx_word' id='word_1_461' title='bbox 1487 3432 1617 3501; x_wconf 85' lang='lat' dir='ltr'>praemio</span> <span class='ocrx_word' id='word_1_462' title='bbox 1629 3440 1655 3485; x_wconf 85' lang='lat' dir='ltr'>ct</span> <span class='ocrx_word' id='word_1_463' title='bbox 1662 3447 1781 3503; x_wconf 88' lang='lat' dir='ltr'>poenos.</span> 
     </span>
     <span class='ocr_line' id='line_1_37' title="bbox 91 3516 1783 3591; baseline -0.004 -10"><span class='ocrx_word' id='word_1_464' title='bbox 91 3516 183 3587; x_wconf 81' lang='lat' dir='ltr'>tuerit,</span> <span class='ocrx_word' id='word_1_465' title='bbox 203 3519 366 3574; x_wconf 79' lang='lat' dir='ltr'>sententiam</span> <span class='ocrx_word' id='word_1_466' title='bbox 384 3518 521 3575; x_wconf 79' lang='lat' dir='ltr'>inferioris</span> <span class='ocrx_word' id='word_1_467' title='bbox 539 3517 714 3575; x_wconf 75' lang='lat' dir='ltr'>confirmabit</span> <span class='ocrx_word' id='word_1_468' title='bbox 732 3524 761 3574; x_wconf 83' lang='lat' dir='ltr'>et</span> <span class='ocrx_word' id='word_1_469' title='bbox 784 3518 921 3574; x_wconf 78' lang='lat' dir='ltr'>conscicn-</span> <span class='ocrx_word' id='word_1_470' title='bbox 950 3524 1033 3581; x_wconf 73' lang='lat' dir='ltr'>splon</span> <span class='ocrx_word' id='word_1_471' title='bbox 1050 3539 1123 3577; x_wconf 85' lang='lat' dir='ltr'>unns</span> <span class='ocrx_word' id='word_1_472' title='bbox 1142 3538 1175 3576; x_wconf 81' lang='lat' dir='ltr'>ex</span> <span class='ocrx_word' id='word_1_473' title='bbox 1192 3526 1298 3591; x_wconf 80' lang='lat' dir='ltr'>septem</span> <span class='ocrx_word' id='word_1_474' title='bbox 1317 3518 1452 3574; x_wconf 74' lang='lat' dir='ltr'>eramiae</span> <span class='ocrx_word' id='word_1_475' title='bbox 1470 3518 1642 3588; x_wconf 80' lang='lat' dir='ltr'>sapientibus</span> <span class='ocrx_word' id='word_1_476' title='bbox 1664 3526 1691 3574; x_wconf 87' lang='lat' dir='ltr'>et</span> <span class='ocrx_word' id='word_1_477' title='bbox 1709 3517 1783 3575; x_wconf 84' lang='lat' dir='ltr'>solus</span> 
     </span>
     <span class='ocr_line' id='line_1_38' title="bbox 91 3604 1782 3680; baseline -0.001 -20"><span class='ocrx_word' id='word_1_478' title='bbox 91 3605 146 3660; x_wconf 88' lang='lat' dir='ltr'>tiae</span> <span class='ocrx_word' id='word_1_479' title='bbox 174 3606 234 3676; x_wconf 85' lang='lat' dir='ltr'>ejus</span> <span class='ocrx_word' id='word_1_480' title='bbox 259 3606 408 3677; x_wconf 88' lang='lat' dir='ltr'>relinquet,</span> <span class='ocrx_word' id='word_1_481' title='bbox 434 3623 470 3662; x_wconf 90' lang='lat' dir='ltr'>an</span> <span class='ocrx_word' id='word_1_482' title='bbox 495 3613 571 3662; x_wconf 89' lang='lat' dir='ltr'>recte</span> <span class='ocrx_word' id='word_1_483' title='bbox 591 3605 736 3677; x_wconf 78' lang='lat' dir='ltr'>iudicarit,</span> <span class='ocrx_word' id='word_1_484' title='bbox 762 3621 798 3660; x_wconf 90' lang='lat' dir='ltr'>an</span> <span class='ocrx_word' id='word_1_485' title='bbox 822 3605 920 3660; x_wconf 90' lang='lat' dir='ltr'>minus.</span> <span class='ocrx_word' id='word_1_486' title='bbox 950 3628 983 3666; x_wconf 80' lang='lat' dir='ltr'>ex</span> <span class='ocrx_word' id='word_1_487' title='bbox 1000 3609 1054 3665; x_wconf 89' lang='lat' dir='ltr'>illis</span> <span class='ocrx_word' id='word_1_488' title='bbox 1074 3614 1180 3680; x_wconf 90' lang='lat' dir='ltr'>septem</span> <span class='ocrx_word' id='word_1_489' title='bbox 1196 3607 1291 3679; x_wconf 86' lang='lat' dir='ltr'>legum</span> <span class='ocrx_word' id='word_1_490' title='bbox 1307 3605 1424 3676; x_wconf 79' lang='lat' dir='ltr'>scriptor</span> <span class='ocrx_word' id='word_1_491' title='bbox 1448 3604 1648 3673; x_wconf 78' lang='lat' dir='ltr'>rempublicam</span> <span class='ocrx_word' id='word_1_492' title='bbox 1673 3604 1782 3659; x_wconf 72' lang='lat' dir='ltr'>duabu</span> 
     </span>
     <span class='ocr_line' id='line_1_39' title="bbox 92 3690 1780 3763; baseline -0.001 -16"><span class='ocrx_word' id='word_1_493' title='bbox 92 3691 221 3747; x_wconf 90' lang='lat' dir='ltr'>Hunnius</span> <span class='ocrx_word' id='word_1_494' title='bbox 251 3691 280 3745; x_wconf 91' lang='lat' dir='ltr'>in</span> <span class='ocrx_word' id='word_1_495' title='bbox 307 3694 417 3748; x_wconf 90' lang='lat' dir='ltr'>resolut.</span> <span class='ocrx_word' id='word_1_496' title='bbox 461 3692 624 3748; x_wconf 86' lang='lat' dir='ltr'>Trentlerns</span> <span class='ocrx_word' id='word_1_497' title='bbox 655 3694 672 3748; x_wconf 94' lang='lat' dir='ltr'>l.</span> <span class='ocrx_word' id='word_1_498' title='bbox 699 3693 725 3746; x_wconf 93' lang='lat' dir='ltr'>d.</span> <span class='ocrx_word' id='word_1_499' title='bbox 752 3691 825 3747; x_wconf 91' lang='lat' dir='ltr'>Huic</span> <span class='ocrx_word' id='word_1_500' title='bbox 856 3708 922 3762; x_wconf 84' lang='lat' dir='ltr'>ergo</span> <span class='ocrx_word' id='word_1_501' title='bbox 949 3698 1031 3751; x_wconf 74' lang='lat' dir='ltr'>rebus</span> <span class='ocrx_word' id='word_1_502' title='bbox 1059 3695 1196 3751; x_wconf 75' lang='lat' dir='ltr'>contineri</span> <span class='ocrx_word' id='word_1_503' title='bbox 1229 3692 1310 3759; x_wconf 84' lang='lat' dir='ltr'>dixit,</span> <span class='ocrx_word' id='word_1_504' title='bbox 1334 3690 1465 3760; x_wconf 83' lang='lat' dir='ltr'>proemio</span> <span class='ocrx_word' id='word_1_505' title='bbox 1483 3708 1518 3744; x_wconf 88' lang='lat' dir='ltr'>nc</span> <span class='ocrx_word' id='word_1_506' title='bbox 1543 3707 1655 3763; x_wconf 87' lang='lat' dir='ltr'>poena,</span> <span class='ocrx_word' id='word_1_507' title='bbox 1681 3690 1780 3748; x_wconf 84' lang='lat' dir='ltr'>Cicero</span> 
     </span>
     <span class='ocr_line' id='line_1_40' title="bbox 93 3770 1782 3856; baseline 0 -24"><span class='ocrx_word' id='word_1_508' title='bbox 93 3780 247 3834; x_wconf 89' lang='lat' dir='ltr'>sententiae</span> <span class='ocrx_word' id='word_1_509' title='bbox 272 3779 355 3834; x_wconf 87' lang='lat' dir='ltr'>etiam</span> <span class='ocrx_word' id='word_1_510' title='bbox 385 3784 509 3833; x_wconf 87' lang='lat' dir='ltr'>nostrum</span> <span class='ocrx_word' id='word_1_511' title='bbox 529 3779 657 3834; x_wconf 88' lang='lat' dir='ltr'>addimus</span> <span class='ocrx_word' id='word_1_512' title='bbox 675 3779 824 3843; x_wconf 71' lang='lat' dir='ltr'>amonium,</span> <span class='ocrx_word' id='word_1_513' title='bbox 846 3778 922 3833; x_wconf 88' lang='lat' dir='ltr'>hisce</span> <span class='ocrx_word' id='word_1_514' title='bbox 950 3784 1028 3856; x_wconf 71' lang='lat' dir='ltr'>epist.</span> <span class='ocrx_word' id='word_1_515' title='bbox 1051 3770 1089 3839; x_wconf 71' lang='lat'>1&#39;5.</span> <span class='ocrx_word' id='word_1_516' title='bbox 1108 3782 1143 3837; x_wconf 81' lang='lat' dir='ltr'>ad</span> <span class='ocrx_word' id='word_1_517' title='bbox 1163 3780 1280 3835; x_wconf 87' lang='lat' dir='ltr'>Brutum</span> <span class='ocrx_word' id='word_1_518' title='bbox 1303 3797 1359 3833; x_wconf 92' lang='lat' dir='ltr'>non</span> <span class='ocrx_word' id='word_1_519' title='bbox 1377 3777 1460 3849; x_wconf 85' lang='lat' dir='ltr'>longe</span> <span class='ocrx_word' id='word_1_520' title='bbox 1488 3777 1611 3849; x_wconf 89' lang='lat' dir='ltr'>aprino.</span> <span class='ocrx_word' id='word_1_521' title='bbox 1645 3777 1782 3850; x_wconf 90' lang='lat' dir='ltr'>Ulpianus</span> 
     </span>
     <span class='ocr_line' id='line_1_41' title="bbox 93 3863 1909 3936; baseline 0.001 -16"><span class='ocrx_word' id='word_1_522' title='bbox 93 3866 229 3920; x_wconf 85' lang='lat' dir='ltr'>duntaxat</span> <span class='ocrx_word' id='word_1_523' title='bbox 248 3864 381 3936; x_wconf 88' lang='lat' dir='ltr'>subjectis</span> <span class='ocrx_word' id='word_1_524' title='bbox 395 3865 606 3920; x_wconf 90' lang='lat' dir='ltr'>monitionibus:</span> <span class='ocrx_word' id='word_1_525' title='bbox 629 3864 923 3921; x_wconf 87' lang='lat' dir='ltr'>l.Perconseientism</span> <span class='ocrx_word' id='word_1_526' title='bbox 950 3872 968 3925; x_wconf 88' lang='lat' dir='ltr'>l.</span> <span class='ocrx_word' id='word_1_527' title='bbox 991 3869 1053 3926; x_wconf 80' lang='lat' dir='ltr'>duri</span> <span class='ocrx_word' id='word_1_528' title='bbox 1082 3874 1104 3924; x_wconf 89' lang='lat'>1.</span> <span class='ocrx_word' id='word_1_529' title='bbox 1128 3866 1155 3924; x_wconf 83' lang='lat' dir='ltr'>ff.</span> <span class='ocrx_word' id='word_1_530' title='bbox 1177 3866 1211 3922; x_wconf 92' lang='lat' dir='ltr'>de</span> <span class='ocrx_word' id='word_1_531' title='bbox 1232 3864 1322 3935; x_wconf 89' lang='lat' dir='ltr'>justit.</span> <span class='ocrx_word' id='word_1_532' title='bbox 1350 3871 1377 3919; x_wconf 90' lang='lat' dir='ltr'>et</span> <span class='ocrx_word' id='word_1_533' title='bbox 1398 3866 1454 3934; x_wconf 90' lang='lat' dir='ltr'>jur.</span> <span class='ocrx_word' id='word_1_534' title='bbox 1478 3863 1635 3925; x_wconf 86' lang='lat' dir='ltr'>describens</span> <span class='ocrx_word' id='word_1_535' title='bbox 1660 3864 1783 3921; x_wconf 85' lang='lat' dir='ltr'>officium</span> <span class='ocrx_word' id='word_1_536' title='bbox 1795 3878 1850 3924; x_wconf 76' lang='lat' dir='ltr'>xxv.</span> <span class='ocrx_word' id='word_1_537' title='bbox 1864 3880 1909 3922; x_wconf 73' lang='lat' dir='ltr'>tan.</span> 
     </span>
     <span class='ocr_line' id='line_1_42' title="bbox 92 3950 1782 4028; baseline -0.001 -23"><span class='ocrx_word' id='word_1_538' title='bbox 92 3952 136 4006; x_wconf 90' lang='lat' dir='ltr'>hic</span> <span class='ocrx_word' id='word_1_539' title='bbox 172 3951 361 4021; x_wconf 87' lang='lat' dir='ltr'>accipiendam</span> <span class='ocrx_word' id='word_1_540' title='bbox 394 3967 455 4007; x_wconf 88' lang='lat' dir='ltr'>esse</span> <span class='ocrx_word' id='word_1_541' title='bbox 484 3959 589 4006; x_wconf 86' lang='lat' dir='ltr'>certam</span> <span class='ocrx_word' id='word_1_542' title='bbox 620 3960 646 4006; x_wconf 88' lang='lat' dir='ltr'>et</span> <span class='ocrx_word' id='word_1_543' title='bbox 676 3954 850 4022; x_wconf 79' lang='lat' dir='ltr'>esplorotcm</span> <span class='ocrx_word' id='word_1_544' title='bbox 880 3953 926 4007; x_wconf 84' lang='lat' dir='ltr'>rei</span> <span class='ocrx_word' id='word_1_545' title='bbox 948 3954 1209 4028; x_wconf 78' lang='lat' dir='ltr'>jurisconsultorum</span> <span class='ocrx_word' id='word_1_546' title='bbox 1235 3955 1263 4006; x_wconf 89' lang='lat' dir='ltr'>et</span> <span class='ocrx_word' id='word_1_547' title='bbox 1286 3950 1498 4022; x_wconf 76' lang='lat' dir='ltr'>magistratuum</span> <span class='ocrx_word' id='word_1_548' title='bbox 1525 3950 1606 4005; x_wconf 92' lang='lat' dir='ltr'>dicit:</span> <span class='ocrx_word' id='word_1_549' title='bbox 1634 3952 1782 4006; x_wconf 85' lang='lat' dir='ltr'>Justitiom</span> 
     </span>
     <span class='ocr_line' id='line_1_43' title="bbox 92 4035 1781 4112; baseline 0.001 -21"><span class='ocrx_word' id='word_1_550' title='bbox 92 4039 253 4103; x_wconf 86' lang='lat' dir='ltr'>scientiam,</span> <span class='ocrx_word' id='word_1_551' title='bbox 279 4054 335 4110; x_wconf 92' lang='lat' dir='ltr'>qua</span> <span class='ocrx_word' id='word_1_552' title='bbox 357 4053 408 4108; x_wconf 89' lang='lat' dir='ltr'>per</span> <span class='ocrx_word' id='word_1_553' title='bbox 425 4035 565 4106; x_wconf 72' lang='lat' dir='ltr'>adreptus</span> <span class='ocrx_word' id='word_1_554' title='bbox 582 4038 627 4093; x_wconf 82' lang='lat' dir='ltr'>vel</span> <span class='ocrx_word' id='word_1_555' title='bbox 650 4037 705 4092; x_wconf 89' lang='lat' dir='ltr'>alia</span> <span class='ocrx_word' id='word_1_556' title='bbox 721 4044 797 4094; x_wconf 88' lang='lat' dir='ltr'>certa</span> <span class='ocrx_word' id='word_1_557' title='bbox 815 4043 843 4094; x_wconf 86' lang='lat' dir='ltr'>et</span> <span class='ocrx_word' id='word_1_558' title='bbox 859 4039 923 4095; x_wconf 83' lang='lat' dir='ltr'>irre·</span> <span class='ocrx_word' id='word_1_559' title='bbox 952 4045 1082 4112; x_wconf 84' lang='lat' dir='ltr'>colimus,</span> <span class='ocrx_word' id='word_1_560' title='bbox 1100 4040 1168 4095; x_wconf 79' lang='lat' dir='ltr'>honi</span> <span class='ocrx_word' id='word_1_561' title='bbox 1189 4047 1216 4092; x_wconf 90' lang='lat' dir='ltr'>et</span> <span class='ocrx_word' id='word_1_562' title='bbox 1234 4039 1321 4108; x_wconf 72' lang='lat' dir='ltr'>oeqrd</span> <span class='ocrx_word' id='word_1_563' title='bbox 1337 4037 1464 4091; x_wconf 81' lang='lat' dir='ltr'>notitiam</span> <span class='ocrx_word' id='word_1_564' title='bbox 1480 4040 1647 4108; x_wconf 79' lang='lat' dir='ltr'>profitemur</span> <span class='ocrx_word' id='word_1_565' title='bbox 1664 4056 1781 4109; x_wconf 73' lang='lat' dir='ltr'>accusem</span> 
     </span>
     <span class='ocr_line' id='line_1_44' title="bbox 93 4124 1782 4200; baseline 0.002 -22"><span class='ocrx_word' id='word_1_566' title='bbox 93 4124 241 4196; x_wconf 85' lang='lat' dir='ltr'>iragabilia</span> <span class='ocrx_word' id='word_1_567' title='bbox 264 4125 356 4180; x_wconf 89' lang='lat' dir='ltr'>media</span> <span class='ocrx_word' id='word_1_568' title='bbox 378 4124 468 4194; x_wconf 91' lang='lat' dir='ltr'>judici</span> <span class='ocrx_word' id='word_1_569' title='bbox 491 4124 526 4181; x_wconf 85' lang='lat' dir='ltr'>de</span> <span class='ocrx_word' id='word_1_570' title='bbox 543 4125 659 4181; x_wconf 85' lang='lat' dir='ltr'>veritate</span> <span class='ocrx_word' id='word_1_571' title='bbox 677 4131 800 4195; x_wconf 90' lang='lat' dir='ltr'>constat,</span> <span class='ocrx_word' id='word_1_572' title='bbox 819 4143 923 4198; x_wconf 90' lang='lat' dir='ltr'>nequa·</span> <span class='ocrx_word' id='word_1_573' title='bbox 952 4133 988 4185; x_wconf 86' lang='lat' dir='ltr'>ah</span> <span class='ocrx_word' id='word_1_574' title='bbox 999 4131 1096 4200; x_wconf 81' lang='lat' dir='ltr'>iniquo</span> <span class='ocrx_word' id='word_1_575' title='bbox 1108 4133 1279 4200; x_wconf 78' lang='lat' dir='ltr'>sepas-untes,</span> <span class='ocrx_word' id='word_1_576' title='bbox 1296 4124 1405 4179; x_wconf 83' lang='lat' dir='ltr'>licitum</span> <span class='ocrx_word' id='word_1_577' title='bbox 1421 4125 1457 4177; x_wconf 86' lang='lat' dir='ltr'>nh</span> <span class='ocrx_word' id='word_1_578' title='bbox 1471 4125 1572 4180; x_wconf 74' lang='lat' dir='ltr'>illicito</span> <span class='ocrx_word' id='word_1_579' title='bbox 1587 4127 1782 4192; x_wconf 83' lang='lat' dir='ltr'>discernentes,</span> 
     </span>
    </p>

    <p class='ocr_par' dir='ltr' id='par_1_6' title="bbox 93 4212 1781 4283">
     <span class='ocr_line' id='line_1_45' title="bbox 93 4212 1781 4283; baseline 0.001 -18"><span class='ocrx_word' id='word_1_580' title='bbox 93 4230 176 4283; x_wconf 90' lang='lat' dir='ltr'>quam</span> <span class='ocrx_word' id='word_1_581' title='bbox 204 4229 269 4267; x_wconf 81' lang='lat' dir='ltr'>vero</span> <span class='ocrx_word' id='word_1_582' title='bbox 292 4214 422 4276; x_wconf 81' lang='lat' dir='ltr'>fucatam</span> <span class='ocrx_word' id='word_1_583' title='bbox 448 4220 473 4266; x_wconf 90' lang='lat' dir='ltr'>et</span> <span class='ocrx_word' id='word_1_584' title='bbox 499 4213 592 4276; x_wconf 80' lang='lat' dir='ltr'>fictam</span> <span class='ocrx_word' id='word_1_585' title='bbox 617 4212 698 4266; x_wconf 83' lang='lat' dir='ltr'>illam</span> <span class='ocrx_word' id='word_1_586' title='bbox 720 4213 923 4282; x_wconf 85' lang='lat' dir='ltr'>conscientiam,</span> <span class='ocrx_word' id='word_1_587' title='bbox 952 4220 1038 4272; x_wconf 84' lang='lat' dir='ltr'>bonos</span> <span class='ocrx_word' id='word_1_588' title='bbox 1056 4234 1111 4271; x_wconf 84' lang='lat' dir='ltr'>non</span> <span class='ocrx_word' id='word_1_589' title='bbox 1131 4215 1479 4282; x_wconf 79' lang='lat' dir='ltr'>solummetnpoenerum,</span> <span class='ocrx_word' id='word_1_590' title='bbox 1496 4213 1686 4267; x_wconf 70' lang='lat' dir='ltr'>verumetiam</span> <span class='ocrx_word' id='word_1_591' title='bbox 1699 4228 1781 4283; x_wconf 84' lang='lat' dir='ltr'>prae·</span> 
     </span>
    </p>

    <p class='ocr_par' dir='ltr' id='par_1_7' title="bbox 93 4297 1782 4459">
     <span class='ocr_line' id='line_1_46' title="bbox 93 4297 1782 4372; baseline -0.001 -18"><span class='ocrx_word' id='word_1_592' title='bbox 93 4317 149 4372; x_wconf 88' lang='lat' dir='ltr'>qua</span> <span class='ocrx_word' id='word_1_593' title='bbox 172 4301 260 4369; x_wconf 89' lang='lat' dir='ltr'>judex</span> <span class='ocrx_word' id='word_1_594' title='bbox 285 4315 317 4353; x_wconf 87' lang='lat' dir='ltr'>ex</span> <span class='ocrx_word' id='word_1_595' title='bbox 345 4298 459 4353; x_wconf 86' lang='lat' dir='ltr'>arbitrio</span> <span class='ocrx_word' id='word_1_596' title='bbox 486 4305 514 4354; x_wconf 89' lang='lat' dir='ltr'>et</span> <span class='ocrx_word' id='word_1_597' title='bbox 532 4299 633 4354; x_wconf 81' lang='lat' dir='ltr'>affectu</span> <span class='ocrx_word' id='word_1_598' title='bbox 651 4299 680 4353; x_wconf 90' lang='lat' dir='ltr'>in</span> <span class='ocrx_word' id='word_1_599' title='bbox 696 4297 818 4354; x_wconf 82' lang='lat' dir='ltr'>favorem</span> <span class='ocrx_word' id='word_1_600' title='bbox 837 4301 925 4371; x_wconf 88' lang='lat' dir='ltr'>partis</span> <span class='ocrx_word' id='word_1_601' title='bbox 951 4305 1070 4360; x_wconf 80' lang='lat' dir='ltr'>nicrum</span> <span class='ocrx_word' id='word_1_602' title='bbox 1089 4317 1196 4372; x_wconf 78' lang='lat' dir='ltr'>quoque</span> <span class='ocrx_word' id='word_1_603' title='bbox 1216 4299 1406 4354; x_wconf 74' lang='lat' dir='ltr'>exhortatione</span> <span class='ocrx_word' id='word_1_604' title='bbox 1416 4301 1514 4363; x_wconf 77' lang='lat' dir='ltr'>facere</span> <span class='ocrx_word' id='word_1_605' title='bbox 1535 4301 1684 4368; x_wconf 84' lang='lat' dir='ltr'>cupientes.</span> <span class='ocrx_word' id='word_1_606' title='bbox 1715 4299 1782 4353; x_wconf 90' lang='lat' dir='ltr'>Pro·</span> 
     </span>
     <span class='ocr_line' id='line_1_47' title="bbox 93 4384 1782 4459; baseline -0.002 -19"><span class='ocrx_word' id='word_1_607' title='bbox 93 4386 198 4458; x_wconf 88' lang='lat' dir='ltr'>aliquid</span> <span class='ocrx_word' id='word_1_608' title='bbox 225 4386 362 4454; x_wconf 88' lang='lat' dir='ltr'>decernit,</span> <span class='ocrx_word' id='word_1_609' title='bbox 385 4385 429 4440; x_wconf 86' lang='lat' dir='ltr'>vel</span> <span class='ocrx_word' id='word_1_610' title='bbox 453 4403 486 4440; x_wconf 85' lang='lat' dir='ltr'>ex</span> <span class='ocrx_word' id='word_1_611' title='bbox 508 4393 711 4456; x_wconf 86' lang='lat' dir='ltr'>praeconcepta</span> <span class='ocrx_word' id='word_1_612' title='bbox 728 4387 856 4456; x_wconf 90' lang='lat' dir='ltr'>opinione</span> <span class='ocrx_word' id='word_1_613' title='bbox 874 4388 924 4442; x_wconf 87' lang='lat' dir='ltr'>ali·</span> <span class='ocrx_word' id='word_1_614' title='bbox 951 4393 1000 4448; x_wconf 76' lang='lat' dir='ltr'>bat</span> <span class='ocrx_word' id='word_1_615' title='bbox 1017 4389 1070 4445; x_wconf 88' lang='lat' dir='ltr'>hoe</span> <span class='ocrx_word' id='word_1_616' title='bbox 1088 4389 1179 4459; x_wconf 89' lang='lat' dir='ltr'>ipsum</span> <span class='ocrx_word' id='word_1_617' title='bbox 1197 4386 1351 4457; x_wconf 86' lang='lat' dir='ltr'>exemplum</span> <span class='ocrx_word' id='word_1_618' title='bbox 1370 4385 1468 4440; x_wconf 90' lang='lat' dir='ltr'>summi</span> <span class='ocrx_word' id='word_1_619' title='bbox 1488 4384 1669 4455; x_wconf 83' lang='lat' dir='ltr'>legislatoris,</span> <span class='ocrx_word' id='word_1_620' title='bbox 1688 4384 1735 4456; x_wconf 91' lang='lat' dir='ltr'>qni</span> <span class='ocrx_word' id='word_1_621' title='bbox 1753 4384 1782 4438; x_wconf 89' lang='lat' dir='ltr'>in</span> 
     </span>
    </p>

    <p class='ocr_par' dir='ltr' id='par_1_8' title="bbox 95 4470 1783 4553">
     <span class='ocr_line' id='line_1_48' title="bbox 95 4470 1783 4553; baseline -0.001 -26"><span class='ocrx_word' id='word_1_622' title='bbox 95 4473 161 4545; x_wconf 90' lang='lat' dir='ltr'>qnid</span> <span class='ocrx_word' id='word_1_623' title='bbox 171 4473 275 4541; x_wconf 91' lang='lat' dir='ltr'>statuit,</span> <span class='ocrx_word' id='word_1_624' title='bbox 287 4472 331 4528; x_wconf 83' lang='lat' dir='ltr'>vel</span> <span class='ocrx_word' id='word_1_625' title='bbox 351 4472 457 4528; x_wconf 85' lang='lat' dir='ltr'>incerto</span> <span class='ocrx_word' id='word_1_626' title='bbox 471 4478 572 4526; x_wconf 89' lang='lat' dir='ltr'>rumon&#39;</span> <span class='ocrx_word' id='word_1_627' title='bbox 580 4470 662 4526; x_wconf 88' lang='lat' dir='ltr'>iidem</span> <span class='ocrx_word' id='word_1_628' title='bbox 677 4471 769 4527; x_wconf 88' lang='lat' dir='ltr'>habet.</span> <span class='ocrx_word' id='word_1_629' title='bbox 796 4479 819 4528; x_wconf 85' lang='lat'>2.</span> <span class='ocrx_word' id='word_1_630' title='bbox 833 4472 926 4537; x_wconf 81' lang='lat' dir='ltr'>Qnan·</span> <span class='ocrx_word' id='word_1_631' title='bbox 951 4475 1173 4553; x_wconf 78' lang='lat' dir='ltr'>promulgatione</span> <span class='ocrx_word' id='word_1_632' title='bbox 1202 4473 1273 4546; x_wconf 88' lang='lat' dir='ltr'>legis</span> <span class='ocrx_word' id='word_1_633' title='bbox 1303 4472 1510 4544; x_wconf 87' lang='lat' dir='ltr'>promissionem</span> <span class='ocrx_word' id='word_1_634' title='bbox 1539 4471 1722 4542; x_wconf 85' lang='lat' dir='ltr'>praemiorum</span> <span class='ocrx_word' id='word_1_635' title='bbox 1754 4474 1783 4525; x_wconf 90' lang='lat' dir='ltr'>et</span> 
     </span>
    </p>

    <p class='ocr_par' dir='ltr' id='par_1_9' title="bbox 95 4555 1782 4631">
     <span class='ocr_line' id='line_1_49' title="bbox 95 4555 1782 4631; baseline -0.007 -9"><span class='ocrx_word' id='word_1_636' title='bbox 95 4560 131 4615; x_wconf 79' lang='lat' dir='ltr'>do</span> <span class='ocrx_word' id='word_1_637' title='bbox 153 4577 219 4615; x_wconf 70' lang='lat' dir='ltr'>Vtra</span> <span class='ocrx_word' id='word_1_638' title='bbox 240 4558 288 4613; x_wconf 64' lang='lat' dir='ltr'>illa</span> <span class='ocrx_word' id='word_1_639' title='bbox 312 4565 339 4613; x_wconf 76' lang='lat' dir='ltr'>et</span> <span class='ocrx_word' id='word_1_640' title='bbox 362 4565 440 4613; x_wconf 67' lang='lat' dir='ltr'>cert&amp;</span> <span class='ocrx_word' id='word_1_641' title='bbox 466 4558 752 4629; x_wconf 70' lang='lat' dir='ltr'>00n⁸05entiaj11diei⁵</span> <span class='ocrx_word' id='word_1_642' title='bbox 772 4565 800 4613; x_wconf 72' lang='lat' dir='ltr'>et</span> <span class='ocrx_word' id='word_1_643' title='bbox 817 4565 881 4613; x_wconf 65' lang='lat'>8⁰28</span> <span class='ocrx_word' id='word_1_644' title='bbox 896 4560 925 4613; x_wconf 82' lang='lat' dir='ltr'>in</span> <span class='ocrx_word' id='word_1_645' title='bbox 952 4562 1191 4621; x_wconf 89' lang='lat' dir='ltr'>comminationem</span> <span class='ocrx_word' id='word_1_646' title='bbox 1208 4574 1360 4631; x_wconf 88' lang='lat' dir='ltr'>poenarum</span> <span class='ocrx_word' id='word_1_647' title='bbox 1383 4556 1492 4614; x_wconf 88' lang='lat' dir='ltr'>disertis</span> <span class='ocrx_word' id='word_1_648' title='bbox 1516 4557 1607 4612; x_wconf 81' lang='lat' dir='ltr'>verbis</span> <span class='ocrx_word' id='word_1_649' title='bbox 1628 4555 1782 4628; x_wconf 87' lang='lat' dir='ltr'>subjungit,</span> 
     </span>
    </p>

    <p class='ocr_par' dir='ltr' id='par_1_10' title="bbox 94 4642 1782 4720">
     <span class='ocr_line' id='line_1_50' title="bbox 94 4642 1782 4720; baseline -0.002 -19"><span class='ocrx_word' id='word_1_650' title='bbox 94 4648 154 4702; x_wconf 86' lang='lat' dir='ltr'>ioro</span> <span class='ocrx_word' id='word_1_651' title='bbox 172 4646 288 4702; x_wconf 83' lang='lat' dir='ltr'>invicem</span> <span class='ocrx_word' id='word_1_652' title='bbox 310 4652 452 4717; x_wconf 88' lang='lat' dir='ltr'>pugnant,</span> <span class='ocrx_word' id='word_1_653' title='bbox 470 4651 537 4702; x_wconf 90' lang='lat' dir='ltr'>tunc</span> <span class='ocrx_word' id='word_1_654' title='bbox 554 4654 618 4700; x_wconf 84' lang='lat' dir='ltr'>octo</span> <span class='ocrx_word' id='word_1_655' title='bbox 638 4655 664 4700; x_wconf 90' lang='lat' dir='ltr'>et</span> <span class='ocrx_word' id='word_1_656' title='bbox 675 4647 799 4716; x_wconf 84' lang='lat' dir='ltr'>probata</span> <span class='ocrx_word' id='word_1_657' title='bbox 817 4644 925 4720; x_wconf 83' lang='grc' dir='ltr'>ὁμωνύ·</span> <span class='ocrx_word' id='word_1_658' title='bbox 951 4658 983 4707; x_wconf 89' lang='lat' dir='ltr'>ut</span> <span class='ocrx_word' id='word_1_659' title='bbox 1002 4649 1067 4705; x_wconf 89' lang='lat' dir='ltr'>boni</span> <span class='ocrx_word' id='word_1_660' title='bbox 1085 4663 1136 4719; x_wconf 90' lang='lat' dir='ltr'>per</span> <span class='ocrx_word' id='word_1_661' title='bbox 1157 4646 1280 4718; x_wconf 87' lang='lat' dir='ltr'>benigna</span> <span class='ocrx_word' id='word_1_662' title='bbox 1297 4645 1431 4717; x_wconf 88' lang='lat' dir='ltr'>promissa</span> <span class='ocrx_word' id='word_1_663' title='bbox 1455 4644 1491 4699; x_wconf 90' lang='lat' dir='ltr'>ad</span> <span class='ocrx_word' id='word_1_664' title='bbox 1512 4643 1696 4699; x_wconf 89' lang='lat' dir='ltr'>obedientiam</span> <span class='ocrx_word' id='word_1_665' title='bbox 1713 4642 1782 4697; x_wconf 83' lang='lat' dir='ltr'>invi·</span> 
     </span>
    </p>

    <p class='ocr_par' dir='ltr' id='par_1_11' title="bbox 93 4729 1783 5065">
     <span class='ocr_line' id='line_1_51' title="bbox 93 4729 1783 4808; baseline -0.002 -21"><span class='ocrx_word' id='word_1_666' title='bbox 93 4754 152 4808; x_wconf 80' lang='grc' dir='ltr'><strong>μοις</strong></span> <span class='ocrx_word' id='word_1_667' title='bbox 175 4741 279 4787; x_wconf 84' lang='lat' dir='ltr'>tentum</span> <span class='ocrx_word' id='word_1_668' title='bbox 295 4734 337 4787; x_wconf 88' lang='lat' dir='ltr'>sio</span> <span class='ocrx_word' id='word_1_669' title='bbox 357 4734 423 4802; x_wconf 84' lang='lat' dir='ltr'>dici,</span> <span class='ocrx_word' id='word_1_670' title='bbox 442 4733 587 4787; x_wconf 89' lang='lat' dir='ltr'>nonenim</span> <span class='ocrx_word' id='word_1_671' title='bbox 606 4738 670 4788; x_wconf 89' lang='lat' dir='ltr'>sunt</span> <span class='ocrx_word' id='word_1_672' title='bbox 688 4749 769 4789; x_wconf 82' lang='lat' dir='ltr'>verae</span> <span class='ocrx_word' id='word_1_673' title='bbox 788 4739 816 4787; x_wconf 91' lang='lat' dir='ltr'>et</span> <span class='ocrx_word' id='word_1_674' title='bbox 835 4740 926 4790; x_wconf 87' lang='lat' dir='ltr'>certae</span> <span class='ocrx_word' id='word_1_675' title='bbox 952 4743 1057 4800; x_wconf 86' lang='lat' dir='ltr'>tantur,</span> <span class='ocrx_word' id='word_1_676' title='bbox 1076 4732 1140 4788; x_wconf 90' lang='lat' dir='ltr'>mali</span> <span class='ocrx_word' id='word_1_677' title='bbox 1157 4748 1209 4803; x_wconf 88' lang='lat' dir='ltr'>per</span> <span class='ocrx_word' id='word_1_678' title='bbox 1227 4749 1336 4789; x_wconf 86' lang='lat' dir='ltr'>severas</span> <span class='ocrx_word' id='word_1_679' title='bbox 1354 4730 1441 4786; x_wconf 86' lang='lat' dir='ltr'>minas</span> <span class='ocrx_word' id='word_1_680' title='bbox 1461 4730 1497 4784; x_wconf 91' lang='lat' dir='ltr'>ab</span> <span class='ocrx_word' id='word_1_681' title='bbox 1522 4729 1710 4785; x_wconf 90' lang='lat' dir='ltr'>inobedientia</span> <span class='ocrx_word' id='word_1_682' title='bbox 1736 4729 1783 4783; x_wconf 93' lang='lat' dir='ltr'>de-</span> 
     </span>
     <span class='ocr_line' id='line_1_52' title="bbox 95 4817 1783 4892; baseline -0.003 -17"><span class='ocrx_word' id='word_1_683' title='bbox 95 4821 286 4892; x_wconf 88' lang='lat' dir='ltr'>probationes,</span> <span class='ocrx_word' id='word_1_684' title='bbox 304 4820 353 4875; x_wconf 89' lang='lat' dir='ltr'>sed</span> <span class='ocrx_word' id='word_1_685' title='bbox 372 4819 507 4874; x_wconf 83' lang='lat' dir='ltr'>duntaxat</span> <span class='ocrx_word' id='word_1_686' title='bbox 523 4827 688 4891; x_wconf 89' lang='lat' dir='ltr'>apparentes</span> <span class='ocrx_word' id='word_1_687' title='bbox 704 4827 732 4875; x_wconf 90' lang='lat' dir='ltr'>et</span> <span class='ocrx_word' id='word_1_688' title='bbox 748 4820 845 4889; x_wconf 83' lang='lat' dir='ltr'>salsae,</span> <span class='ocrx_word' id='word_1_689' title='bbox 863 4838 925 4876; x_wconf 89' lang='lat' dir='ltr'>cnm</span> <span class='ocrx_word' id='word_1_690' title='bbox 951 4826 1114 4881; x_wconf 88' lang='lat' dir='ltr'>terreantur.</span> <span class='ocrx_word' id='word_1_691' title='bbox 1155 4819 1245 4875; x_wconf 83' lang='lat' dir='ltr'>Exod.</span> <span class='ocrx_word' id='word_1_692' title='bbox 1274 4825 1320 4886; x_wconf 78' lang='lat'>20,</span> <span class='ocrx_word' id='word_1_693' title='bbox 1346 4836 1370 4872; x_wconf 86' lang='lat' dir='ltr'>r.</span> <span class='ocrx_word' id='word_1_694' title='bbox 1398 4825 1428 4873; x_wconf 84' lang='lat'>5:</span> <span class='ocrx_word' id='word_1_695' title='bbox 1451 4819 1514 4887; x_wconf 76' lang='lat' dir='ltr'>Epo</span> <span class='ocrx_word' id='word_1_696' title='bbox 1537 4817 1678 4871; x_wconf 86' lang='lat' dir='ltr'>Dominus</span> <span class='ocrx_word' id='word_1_697' title='bbox 1703 4817 1783 4870; x_wconf 89' lang='lat' dir='ltr'>Deus</span> 
     </span>
     <span class='ocr_line' id='line_1_53' title="bbox 94 4903 1781 4980; baseline -0.004 -17"><span class='ocrx_word' id='word_1_698' title='bbox 94 4907 222 4980; x_wconf 86' lang='lat' dir='ltr'>probatio</span> <span class='ocrx_word' id='word_1_699' title='bbox 235 4925 265 4963; x_wconf 89' lang='lat' dir='ltr'>re</span> <span class='ocrx_word' id='word_1_700' title='bbox 276 4925 341 4963; x_wconf 82' lang='lat' dir='ltr'>vera</span> <span class='ocrx_word' id='word_1_701' title='bbox 354 4907 422 4962; x_wconf 88' lang='lat' dir='ltr'>nibil</span> <span class='ocrx_word' id='word_1_702' title='bbox 434 4906 511 4961; x_wconf 90' lang='lat' dir='ltr'>aliud</span> <span class='ocrx_word' id='word_1_703' title='bbox 525 4907 563 4961; x_wconf 91' lang='lat' dir='ltr'>sit</span> <span class='ocrx_word' id='word_1_704' title='bbox 574 4924 656 4977; x_wconf 90' lang='lat' dir='ltr'>qnam</span> <span class='ocrx_word' id='word_1_705' title='bbox 668 4907 791 4962; x_wconf 82' lang='lat' dir='ltr'>veritatis</span> <span class='ocrx_word' id='word_1_706' title='bbox 803 4910 925 4964; x_wconf 89' lang='lat' dir='ltr'>assertio.</span> <span class='ocrx_word' id='word_1_707' title='bbox 952 4919 1027 4974; x_wconf 72' lang='lat' dir='ltr'>mres,</span> <span class='ocrx_word' id='word_1_708' title='bbox 1054 4910 1135 4962; x_wconf 80' lang='lat' dir='ltr'>Dosse</span> <span class='ocrx_word' id='word_1_709' title='bbox 1153 4907 1267 4969; x_wconf 82' lang='lat' dir='ltr'>celotes,</span> <span class='ocrx_word' id='word_1_710' title='bbox 1288 4906 1407 4958; x_wconf 83' lang='lat' dir='ltr'>visitans</span> <span class='ocrx_word' id='word_1_711' title='bbox 1425 4903 1602 4973; x_wconf 79' lang='lat' dir='ltr'>iniquitatem</span> <span class='ocrx_word' id='word_1_712' title='bbox 1618 4911 1733 4976; x_wconf 87' lang='lat' dir='ltr'>patrum</span> <span class='ocrx_word' id='word_1_713' title='bbox 1752 4904 1781 4956; x_wconf 87' lang='lat' dir='ltr'>in</span> 
     </span>
     <span class='ocr_line' id='line_1_54' title="bbox 94 4991 1782 5065; baseline -0.002 -17"><span class='ocrx_word' id='word_1_714' title='bbox 94 4994 215 5051; x_wconf 87' lang='lat' dir='ltr'>Pulchre</span> <span class='ocrx_word' id='word_1_715' title='bbox 241 4994 378 5065; x_wconf 86' lang='lat' dir='ltr'>Ulpianus</span> <span class='ocrx_word' id='word_1_716' title='bbox 396 4992 413 5048; x_wconf 95' lang='lat' dir='ltr'>l.</span> <span class='ocrx_word' id='word_1_717' title='bbox 432 4992 550 5048; x_wconf 86' lang='lat' dir='ltr'>illicitas.</span> <span class='ocrx_word' id='word_1_718' title='bbox 571 4997 596 5062; x_wconf 63' lang='lat' dir='ltr'>t.</span> <span class='ocrx_word' id='word_1_719' title='bbox 620 4994 721 5049; x_wconf 81' lang='lat' dir='ltr'>veritas</span> <span class='ocrx_word' id='word_1_720' title='bbox 744 4993 774 5052; x_wconf 86' lang='lat' dir='ltr'>ff.</span> <span class='ocrx_word' id='word_1_721' title='bbox 801 4996 835 5050; x_wconf 89' lang='lat' dir='ltr'>de</span> <span class='ocrx_word' id='word_1_722' title='bbox 853 4994 923 5051; x_wconf 85' lang='lat' dir='ltr'>offic.</span> <span class='ocrx_word' id='word_1_723' title='bbox 949 4998 1026 5064; x_wconf 80' lang='lat' dir='ltr'>filios</span> <span class='ocrx_word' id='word_1_724' title='bbox 1053 4996 1083 5049; x_wconf 91' lang='lat' dir='ltr'>in</span> <span class='ocrx_word' id='word_1_725' title='bbox 1110 4994 1221 5047; x_wconf 81' lang='lat' dir='ltr'>tertiam</span> <span class='ocrx_word' id='word_1_726' title='bbox 1244 4998 1268 5045; x_wconf 85' lang='lat' dir='ltr'>et</span> <span class='ocrx_word' id='word_1_727' title='bbox 1295 4998 1425 5059; x_wconf 82' lang='lat' dir='ltr'>quartum</span> <span class='ocrx_word' id='word_1_728' title='bbox 1442 4991 1651 5057; x_wconf 70' lang='lat' dir='ltr'>generationem</span> <span class='ocrx_word' id='word_1_729' title='bbox 1677 5006 1782 5058; x_wconf 86' lang='lat' dir='ltr'>eornm,</span> 
     </span>
    </p>

    <p class='ocr_par' dir='ltr' id='par_1_12' title="bbox 92 5077 1782 5155">
     <span class='ocr_line' id='line_1_55' title="bbox 92 5077 1782 5155; baseline -0.005 -17"><span class='ocrx_word' id='word_1_730' title='bbox 92 5099 196 5155; x_wconf 80' lang='lat' dir='ltr'>praes:</span> <span class='ocrx_word' id='word_1_731' title='bbox 221 5083 436 5136; x_wconf 86' lang='lat' dir='ltr'>Veritosrcrum</span> <span class='ocrx_word' id='word_1_732' title='bbox 448 5088 590 5149; x_wconf 79' lang='lat' dir='ltr'>postorum</span> <span class='ocrx_word' id='word_1_733' title='bbox 609 5083 753 5135; x_wconf 80' lang='lat' dir='ltr'>erroribus</span> <span class='ocrx_word' id='word_1_734' title='bbox 771 5100 826 5136; x_wconf 90' lang='lat' dir='ltr'>non</span> <span class='ocrx_word' id='word_1_735' title='bbox 843 5083 924 5136; x_wconf 85' lang='lat' dir='ltr'>citio·</span> <span class='ocrx_word' id='word_1_736' title='bbox 951 5085 1001 5155; x_wconf 81' lang='lat' dir='ltr'>qni</span> <span class='ocrx_word' id='word_1_737' title='bbox 1019 5083 1139 5136; x_wconf 83' lang='lat' dir='ltr'>oderunt</span> <span class='ocrx_word' id='word_1_738' title='bbox 1157 5096 1212 5147; x_wconf 86' lang='lat' dir='ltr'>rnc,</span> <span class='ocrx_word' id='word_1_739' title='bbox 1237 5086 1261 5132; x_wconf 78' lang='lat' dir='ltr'>t.</span> <span class='ocrx_word' id='word_1_740' title='bbox 1284 5081 1308 5133; x_wconf 83' lang='grc'>3.</span> <span class='ocrx_word' id='word_1_741' title='bbox 1336 5084 1362 5129; x_wconf 87' lang='lat' dir='ltr'>ot</span> <span class='ocrx_word' id='word_1_742' title='bbox 1378 5077 1490 5143; x_wconf 73' lang='lat' dir='ltr'>faciens</span> <span class='ocrx_word' id='word_1_743' title='bbox 1511 5077 1766 5131; x_wconf 75' lang='lat' dir='ltr'>misericordiam*</span> <span class='ocrx_word' id='word_1_744' title='bbox 1753 5093 1782 5130; x_wconf 80' lang='lat' dir='ltr'>sn</span> 
     </span>
    </p>

    <p class='ocr_par' dir='ltr' id='par_1_13' title="bbox 93 5164 1783 5249">
     <span class='ocr_line' id='line_1_56' title="bbox 93 5164 1783 5249; baseline -0.004 -25"><span class='ocrx_word' id='word_1_745' title='bbox 93 5177 145 5226; x_wconf 85' lang='lat' dir='ltr'>tur</span> <span class='ocrx_word' id='word_1_746' title='bbox 186 5175 210 5226; x_wconf 98' lang='lat'><strong>3</strong></span> <span class='ocrx_word' id='word_1_747' title='bbox 230 5168 343 5224; x_wconf 80' lang='lat' dir='ltr'>Fabam</span> <span class='ocrx_word' id='word_1_748' title='bbox 363 5184 423 5225; x_wconf 88' lang='lat' dir='ltr'>esse</span> <span class='ocrx_word' id='word_1_749' title='bbox 441 5166 643 5224; x_wconf 80' lang='lat' dir='ltr'>distinctionem</span> <span class='ocrx_word' id='word_1_750' title='bbox 657 5167 776 5238; x_wconf 90' lang='lat' dir='ltr'>duplicis</span> <span class='ocrx_word' id='word_1_751' title='bbox 792 5169 939 5249; x_wconf 85' lang='lat' dir='ltr'>scientiae</span> <span class='ocrx_word' id='word_1_752' title='bbox 951 5170 1044 5225; x_wconf 83' lang='lat' dir='ltr'>millio</span> <span class='ocrx_word' id='word_1_753' title='bbox 1060 5168 1119 5237; x_wconf 84' lang='lat' dir='ltr'>his,</span> <span class='ocrx_word' id='word_1_754' title='bbox 1138 5184 1186 5238; x_wconf 77' lang='lat' dir='ltr'>qur</span> <span class='ocrx_word' id='word_1_755' title='bbox 1181 5164 1327 5232; x_wconf 72' lang='lat' dir='ltr'>&#39;&#39;detiorsnt</span> <span class='ocrx_word' id='word_1_756' title='bbox 1346 5180 1388 5217; x_wconf 90' lang='lat' dir='ltr'>me</span> <span class='ocrx_word' id='word_1_757' title='bbox 1407 5171 1433 5218; x_wconf 92' lang='lat' dir='ltr'>et</span> <span class='ocrx_word' id='word_1_758' title='bbox 1453 5164 1614 5218; x_wconf 72' lang='lat' dir='ltr'>ernstodiunt</span> <span class='ocrx_word' id='word_1_759' title='bbox 1627 5171 1783 5234; x_wconf 83' lang='lat' dir='ltr'>praecepto</span> 
     </span>
    </p>

    <p class='ocr_par' dir='ltr' id='par_1_14' title="bbox 92 5248 1782 5328">
     <span class='ocr_line' id='line_1_57' title="bbox 92 5248 1782 5328; baseline -0.005 -16"><span class='ocrx_word' id='word_1_760' title='bbox 92 5266 119 5312; x_wconf 92' lang='lat' dir='ltr'>et</span> <span class='ocrx_word' id='word_1_761' title='bbox 136 5257 329 5323; x_wconf 86' lang='lat' dir='ltr'>conscientiae,</span> <span class='ocrx_word' id='word_1_762' title='bbox 348 5272 405 5328; x_wconf 89' lang='lat' dir='ltr'>qua</span> <span class='ocrx_word' id='word_1_763' title='bbox 419 5254 746 5327; x_wconf 83' lang='lat' dir='ltr'>quissitinstruotnsvel</span> <span class='ocrx_word' id='word_1_764' title='bbox 759 5255 1021 5327; x_wconf 84' lang='lat' dir='ltr'>utpublica,¹mea.</span> <span class='ocrx_word' id='word_1_765' title='bbox 1056 5251 1207 5325; x_wconf 83' lang='lat' dir='ltr'>Apostolus</span> <span class='ocrx_word' id='word_1_766' title='bbox 1231 5249 1315 5306; x_wconf 88' lang='lat' dir='ltr'>etiam</span> <span class='ocrx_word' id='word_1_767' title='bbox 1340 5249 1369 5303; x_wconf 92' lang='lat' dir='ltr'>in</span> <span class='ocrx_word' id='word_1_768' title='bbox 1391 5248 1573 5305; x_wconf 87' lang='lat' dir='ltr'>describendo</span> <span class='ocrx_word' id='word_1_769' title='bbox 1605 5251 1782 5322; x_wconf 86' lang='lat' dir='ltr'>magistratus</span> 
     </span>
    </p>

    <p class='ocr_par' dir='ltr' id='par_1_15' title="bbox 92 5333 1829 5591">
     <span class='ocr_line' id='line_1_58' title="bbox 92 5333 1781 5417; baseline -0.004 -19"><span class='ocrx_word' id='word_1_770' title='bbox 92 5346 136 5401; x_wconf 87' lang='lat' dir='ltr'>vel</span> <span class='ocrx_word' id='word_1_771' title='bbox 153 5351 186 5400; x_wconf 92' lang='lat' dir='ltr'>ut</span> <span class='ocrx_word' id='word_1_772' title='bbox 203 5345 312 5417; x_wconf 82' lang='lat' dir='ltr'>privata</span> <span class='ocrx_word' id='word_1_773' title='bbox 331 5358 461 5416; x_wconf 78' lang='lat' dir='ltr'>persona,</span> <span class='ocrx_word' id='word_1_774' title='bbox 485 5348 518 5398; x_wconf 90' lang='lat' dir='ltr'>nt</span> <span class='ocrx_word' id='word_1_775' title='bbox 543 5341 616 5398; x_wconf 82' lang='lat' dir='ltr'>e&#39;nim</span> <span class='ocrx_word' id='word_1_776' title='bbox 638 5340 740 5396; x_wconf 86' lang='lat' dir='ltr'>veritas</span> <span class='ocrx_word' id='word_1_777' title='bbox 760 5347 802 5396; x_wconf 91' lang='lat' dir='ltr'>est</span> <span class='ocrx_word' id='word_1_778' title='bbox 819 5359 876 5397; x_wconf 89' lang='lat' dir='ltr'>nna</span> <span class='ocrx_word' id='word_1_779' title='bbox 896 5347 925 5398; x_wconf 89' lang='lat' dir='ltr'>et</span> <span class='ocrx_word' id='word_1_780' title='bbox 951 5342 1042 5398; x_wconf 81' lang='lat' dir='ltr'>officio</span> <span class='ocrx_word' id='word_1_781' title='bbox 1062 5348 1209 5411; x_wconf 87' lang='lat' dir='ltr'>utrumqne</span> <span class='ocrx_word' id='word_1_782' title='bbox 1227 5335 1371 5408; x_wconf 87' lang='lat' dir='ltr'>conjungit</span> <span class='ocrx_word' id='word_1_783' title='bbox 1389 5356 1427 5409; x_wconf 85' lang='grc' dir='ltr'><strong><em>φ</em></strong></span> <span class='ocrx_word' id='word_1_784' title='bbox 1421 5336 1536 5406; x_wconf 65' lang='lat' dir='ltr'>&#39;tonsol</span> <span class='ocrx_word' id='word_1_785' title='bbox 1551 5338 1672 5394; x_wconf 74' lang='lat' dir='ltr'>inseror</span> <span class='ocrx_word' id='word_1_786' title='bbox 1694 5333 1781 5391; x_wconf 85' lang='lat' dir='ltr'>Rom.</span> 
     </span>
     <span class='ocr_line' id='line_1_59' title="bbox 93 5416 1829 5563; baseline -0.006 -76"><span class='ocrx_word' id='word_1_787' title='bbox 93 5432 216 5503; x_wconf 90' lang='lat' dir='ltr'>simplex,</span> <span class='ocrx_word' id='word_1_788' title='bbox 236 5433 276 5488; x_wconf 89' lang='lat' dir='ltr'>ita</span> <span class='ocrx_word' id='word_1_789' title='bbox 296 5446 408 5506; x_wconf 83' lang='lat' dir='ltr'>qnoque</span> <span class='ocrx_word' id='word_1_790' title='bbox 422 5430 506 5488; x_wconf 85' lang='lat' dir='ltr'>unica</span> <span class='ocrx_word' id='word_1_791' title='bbox 524 5435 567 5486; x_wconf 92' lang='lat' dir='ltr'>est</span> <span class='ocrx_word' id='word_1_792' title='bbox 584 5427 707 5485; x_wconf 84' lang='lat' dir='ltr'>veritatis</span> <span class='ocrx_word' id='word_1_793' title='bbox 726 5427 849 5499; x_wconf 89' lang='lat' dir='ltr'>scientia,</span> <span class='ocrx_word' id='word_1_794' title='bbox 868 5429 993 5563; x_wconf 47' lang='lat' dir='ltr'>sirei,</span> <span class='ocrx_word' id='word_1_795' title='bbox 954 5435 993 5500; x_wconf 87' lang='lat'>13,</span> <span class='ocrx_word' id='word_1_796' title='bbox 1012 5447 1038 5485; x_wconf 82' lang='lat' dir='ltr'>r.</span> <span class='ocrx_word' id='word_1_797' title='bbox 1058 5433 1087 5485; x_wconf 88' lang='grc'>3·</span> <span class='ocrx_word' id='word_1_798' title='bbox 1114 5425 1296 5496; x_wconf 75' lang='lat' dir='ltr'>Magistratus</span> <span class='ocrx_word' id='word_1_799' title='bbox 1314 5442 1370 5479; x_wconf 90' lang='lat' dir='ltr'>non</span> <span class='ocrx_word' id='word_1_800' title='bbox 1389 5430 1453 5478; x_wconf 83' lang='lat' dir='ltr'>sunt</span> <span class='ocrx_word' id='word_1_801' title='bbox 1472 5423 1577 5478; x_wconf 88' lang='lat' dir='ltr'>terrori</span> <span class='ocrx_word' id='word_1_802' title='bbox 1597 5423 1674 5477; x_wconf 75' lang='lat' dir='ltr'>hones</span> <span class='ocrx_word' id='word_1_803' title='bbox 1693 5423 1781 5494; x_wconf 86' lang='lat' dir='ltr'>operi·</span> <span class='ocrx_word' id='word_1_804' title='bbox 1825 5416 1829 5421; x_wconf 75' lang='grc'><strong>’</strong></span> 
     </span>
     <span class='ocr_line' id='line_1_60' title="bbox 94 5512 1784 5637; baseline -0.005 -63"><span class='ocrx_word' id='word_1_805' title='bbox 94 5526 269 5574; x_wconf 79' lang='lat' dir='ltr'>resumatur</span> <span class='ocrx_word' id='word_1_806' title='bbox 288 5536 322 5576; x_wconf 87' lang='lat' dir='ltr'>ex</span> <span class='ocrx_word' id='word_1_807' title='bbox 338 5516 467 5591; x_wconf 84' lang='lat' dir='ltr'>publicis,</span> <span class='ocrx_word' id='word_1_808' title='bbox 487 5518 546 5574; x_wconf 83' lang='lat' dir='ltr'>sive</span> <span class='ocrx_word' id='word_1_809' title='bbox 565 5534 598 5573; x_wconf 91' lang='lat' dir='ltr'>ex</span> <span class='ocrx_word' id='word_1_810' title='bbox 616 5513 730 5587; x_wconf 85' lang='lat' dir='ltr'>privatis</span> <span class='ocrx_word' id='word_1_811' title='bbox 743 5515 941 5637; x_wconf 65' lang='lat' dir='ltr'>documentia,</span> <span class='ocrx_word' id='word_1_812' title='bbox 951 5519 1010 5583; x_wconf 87' lang='lat' dir='ltr'>hus,</span> <span class='ocrx_word' id='word_1_813' title='bbox 1032 5518 1086 5571; x_wconf 85' lang='lat' dir='ltr'>sed</span> <span class='ocrx_word' id='word_1_814' title='bbox 1108 5514 1200 5569; x_wconf 69' lang='lat' dir='ltr'>moles</span> <span class='ocrx_word' id='word_1_815' title='bbox 1239 5512 1288 5569; x_wconf 88' lang='lat' dir='ltr'>Vis</span> <span class='ocrx_word' id='word_1_816' title='bbox 1307 5520 1401 5567; x_wconf 87' lang='lat' dir='ltr'>autem</span> <span class='ocrx_word' id='word_1_817' title='bbox 1424 5530 1479 5567; x_wconf 92' lang='lat' dir='ltr'>non</span> <span class='ocrx_word' id='word_1_818' title='bbox 1503 5512 1607 5566; x_wconf 88' lang='lat' dir='ltr'>terreri</span> <span class='ocrx_word' id='word_1_819' title='bbox 1622 5512 1784 5582; x_wconf 73' lang='lat' dir='ltr'>potestate!</span> 
     </span>
    </p>
   </div>
   <div class='ocr_carea' id='block_1_5' title="bbox 91 5568 1732 5681">
    <p class='ocr_par' dir='ltr' id='par_1_16' title="bbox 91 5568 1732 5681">
     <span class='ocr_line' id='line_1_61' title="bbox 91 5568 1732 5681; baseline -0.006 -19"><span class='ocrx_word' id='word_1_820' title='bbox 91 5622 147 5681; x_wconf 88' lang='lat' dir='ltr'>quo</span> <span class='ocrx_word' id='word_1_821' title='bbox 170 5607 291 5681; x_wconf 88' lang='lat' dir='ltr'>pertinet</span> <span class='ocrx_word' id='word_1_822' title='bbox 312 5606 425 5681; x_wconf 75' lang='lat' dir='ltr'>elegam</span> <span class='ocrx_word' id='word_1_823' title='bbox 450 5605 527 5663; x_wconf 87' lang='lat' dir='ltr'>locus</span> <span class='ocrx_word' id='word_1_824' title='bbox 549 5602 738 5662; x_wconf 74' lang='lat' dir='ltr'>(tallietratil.</span> <span class='ocrx_word' id='word_1_825' title='bbox 762 5601 920 5664; x_wconf 83' lang='lat' dir='ltr'>testiums.</span> <span class='ocrx_word' id='word_1_826' title='bbox 937 5568 1194 5676; x_wconf 82' lang='lat' dir='ltr'>quodtonumest</span> <span class='ocrx_word' id='word_1_827' title='bbox 1211 5600 1354 5671; x_wconf 70' lang='lat' dir='ltr'>tacitast</span> <span class='ocrx_word' id='word_1_828' title='bbox 1373 5599 1488 5655; x_wconf 83' lang='lat' dir='ltr'>laudem</span> <span class='ocrx_word' id='word_1_829' title='bbox 1507 5596 1619 5655; x_wconf 80' lang='lat' dir='ltr'>habebis</span> <span class='ocrx_word' id='word_1_830' title='bbox 1634 5599 1670 5653; x_wconf 82' lang='lat' dir='ltr'>ct</span> <span class='ocrx_word' id='word_1_831' title='bbox 1691 5615 1732 5654; x_wconf 88' lang='lat' dir='ltr'>ec.</span> 
     </span>
    </p>
   </div>
   <div class='ocr_carea' id='block_1_6' title="bbox 0 0 2014 6005">
    <p class='ocr_par' dir='ltr' id='par_1_17' title="bbox 0 0 2014 6005">
     <span class='ocr_line' id='line_1_62' title="bbox 0 0 2014 6005; baseline 0 0"><span class='ocrx_word' id='word_1_832' title='bbox 0 0 2014 6005; x_wconf 95' lang='lat' dir='ltr'> </span> 
     </span>
    </p>
   </div>
  </div>
 </body>
</html>
