4020 6014
736 202 787 256 Da
807 202 1059 259 MAGISTRATU
1076 203 1262 261 POLlTIOO.
1789 213 1849 272 279

158 355 258 413 limites
282 357 457 412 obedientiae
486 363 514 411 at
540 357 624 412 oflicii
657 358 844 418 continerent:
871 374 908 411 an
926 355 1007 445 verul
1055 363 1094 413 34.
1132 360 1226 414 Prima
1251 359 1337 430 igitur
1364 360 1460 414 classis
1478 361 1601 416 continet
1619 377 1751 431 expressa
1774 361 1850 415 Scri·
1865 365 1881 406 ¹·
1896 368 1956 407 sesi·

157 443 253 497 divina
271 443 436 498 auctoritate
454 449 482 498 et
500 445 631 499 mandato
648 444 822 498 introductus
840 444 891 511 sit3
918 441 1098 513 quodnaras
1127 448 1218 513 dicta,
1247 447 1274 501 in
1299 447 1399 517 quibus
1424 450 1514 503 vorbis
1541 449 1622 502 claris
1646 456 1675 504 et
1697 448 1850 519 perspicuis
1862 425 1941 510 iiiiii:

158 536 199 583 est
219 529 372 599 principale
398 546 431 583 ac
456 530 616 599 prinrruium
634 529 719 596 hujus
739 530 880 583 doctrinae
899 482 1160 600 caputiasseritur,
1186 534 1378 603 magistratum
1405 551 1464 589 esse
1491 535 1612 590 divinam
1639 520 2005 621 οοθίοοοίοιιοιιο,ξῗξζζ’;ὲῇξ·(Ι

156 616 236 683 cujus
263 616 383 686 diligens
416 617 561 686 explicatio
592 617 754 686 requiritur,
786 623 845 669 tum
880 580 1045 711 propterict
1069 624 1232 687 potestatem
1259 620 1437 689 magistratus
1464 621 1558 675 aDco
1584 638 1644 674 esse
1672 621 1724 691 ipsi
1744 621 1942 688 dommoruna

158 703 354 768 inspirantem,
379 709 410 757 ut
435 701 618 758 conscientiae
637 718 730 755 eorum
749 707 853 756 certum
871 701 1065 787 habeantpubi
1083 704 1180 757 merito
1195 705 1282 774 primo
1295 706 1355 758 loco
1368 707 1534 760 collocamus
1549 708 1651 761 dictum
1667 706 1848 776 apostolicum
1862 679 1938 768 {poma

157 787 351 842 consolationis
378 788 588 842 fundamentum
625 788 654 840 in
689 787 815 842 omnibus
851 786 1093 857 periculis,{ltom.
1110 795 1148 852 13,
1163 809 1188 844 v.
1204 798 1226 846 1.
1241 797 1269 845 et
1287 808 1377 861 seqq:
1400 796 1475 844 σάσσ
1497 792 1695 861 nopqiinquit)
1714 793 1850 852 ἐξουσίαις

157 873 367 927 difficultatibus
379 881 407 928 ct
418 874 719 942 adversitatibus3tum
731 881 843 942 propter
856 860 1211 947 srsbditos,⁵rinspaporiunrr
1240 876 1449 933 ὑσοοασσίσθιο.
1485 878 1518 930 οὐ
1544 875 1597 947 γάρ
1628 880 1700 931 ἐστιν
1727 868 1847 944 lanata,

158 967 188 1013 ut
205 965 366 1029 agnoscant,
386 960 538 1028 parendum
558 977 617 1014 essa
635 960 808 1029 magistratui
828 978 882 1014 non
901 961 989 1014 solum
1016 964 1040 1013 rt
1068 959 1107 1030 μὴ
1131 960 1186 1014 ἀπὸ
1216 967 1298 1030 θεοῦ,
1329 966 1357 1013 οἱ
1390 965 1420 1015 δὲ
1451 960 1530 1017 οὖσαι
1562 965 1681 1025 iteratas
1712 963 1768 1016 ἀπὸ
1798 963 1849 1017 τοῦ

156 1053 268 1114 propter
282 1049 362 1104 iram,
377 1046 426 1099 sed
435 1045 517 1099 etiarn
531 1053 644 1116 propter
653 1047 851 1099 conscientiam
862 1045 988 1112 Roma,
1015 1049 1084 1100 θεοῦ
1120 1052 1285 1117 τεταγμέναι
1328 1054 1406 1111 statu,
1444 1050 1511 1102 ὥστε
1558 1050 1572 1102 ὁ
1617 1048 1849 1122 οἷοσοιοσσόμεοός

155 1150 181 1185 v.
202 1137 225 1184 5.
244 1137 303 1184 tuns
322 1138 434 1200 propter
444 1133 611 1198 fanaticos,
629 1131 675 1201 qui
703 1131 766 1185 huic
790 1132 899 1186 divinae
919 1132 990 1186 ordi·
1015 1137 1046 1205 τῇ
1074 1135 1184 1202 ἐξουσίᾳ
1212 1137 1243 1206 'i
1270 1138 1319 1189 σοῦ
1342 1140 1410 1188 θεοῦ
1434 1137 1551 1207 διαταγῇ
1576 1135 1751 1201 ἀνθέστηκεν,
1791 1135 1847 1191 Ire·

156 1217 259 1271 nationi
278 1217 360 1270 variis
380 1218 468 1270 modis
492 1218 648 1272 (letrahunt.
689 1218 728 1273 Ut
754 1225 845 1272 autom
864 1219 892 1272 in
911 1219 989 1271 mini·
1015 1236 1101 1274 naeus
1141 1221 1201 1275 libr.
1240 1231 1263 1275 ι’).
1304 1241 1328 1277 ο.
1366 1227 1407 1278 20.
1444 1241 1471 1292 p.
1513 1227 1572 1277 346.
1610 1223 1645 1275 de
1682 1222 1847 1292 quibusdam

156 1303 421 1357 steriiecclesiastici
435 1304 679 1359 constitutionead
693 1322 803 1358 causam
824 1305 988 1359 efficientem
1016 1316 1221 1369 commemorat,
1254 1310 1328 1378 quod
1364 1309 1437 1363 hunc
1470 1310 1561 1362 locum
1595 1309 1776 1378 apostolicum
1810 1310 1847 1361 ds

153 1389 344 1457 principalem
372 1395 401 1443 et
426 1391 665 1443 instrumentalem
697 1392 898 1461 respiciendum
928 1407 989 1445 esse
1015 1394 1125 1458 anpslr's
1154 1395 1347 1463 exposuerint,
1376 1396 1423 1465 qui
1451 1395 1545 1448 itidem
1570 1395 1699 1448 dicuntur
1724 1394 1845 1455 ἐξουσίαι

157 1475 284 1540 diximus,
304 1491 367 1529 curu
385 1475 462 1528 Deus
478 1493 532 1529 uon
551 1494 644 1531 omnes
661 1477 827 1544 immediate,
846 1478 988 1546 sedquos·
1015 1477 1116 1547 Ephes.
1147 1488 1173 1533 1.
1197 1498 1223 1535 v.
1249 1487 1289 1535 21.
1314 1499 1375 1550 cap.
1400 1487 1428 1543 3,
1455 1500 1480 1534 v.
1511 1488 1549 1538 to.
1581 1480 1684 1534 Coloss.
1708 1487 1733 1547 1,
1756 1497 1780 1533 v,
1809 1486 1845 1535 16.
1859 1494 1915 1535 aul.
1929 1495 1973 1536 sti.

156 1560 220 1613 dam
239 1560 358 1615 mediate
378 1561 413 1613 ad
440 1561 620 1616 ministerium
644 1570 734 1625 vocet;
759 1563 800 1616 ita
823 1578 933 1632 quoque
951 1561 988 1614 ad
1020 1572 1040 1617 1.
1060 1565 1132 1619 Patr.
1152 1574 1181 1630 3,
1208 1586 1234 1624 v.
1256 1575 1295 1622 22.
1324 1569 1372 1623 scd
1397 1568 1450 1621 illis
1471 1574 1546 1622 recte
1573 1567 1688 1637 opponit
1709 1568 1846 1630 lrcnaeus,

157 1653 303 1717 utrumque
326 1663 416 1716 genus
439 1664 538 1702 causae
563 1648 592 1700 in
610 1650 787 1719 magistratus
801 1648 907 1718 politici
925 1666 988 1701 con·
1015 1652 1090 1721 quod
1108 1653 1249 1720 apostolas
1264 1653 1299 1707 de
1318 1655 1419 1707 talibus
1438 1655 1576 1714 ἐξουσίαις
1589 1654 1725 1723 loquatur,
1744 1651 1845 1723 quibus

156 1733 297 1786 stitutione
321 1732 537 1801 respiciendum,
557 1752 620 1788 cum
638 1735 714 1788 Deus
738 1735 832 1788 itidem
853 1735 988 1804 quosdam
1015 1738 1146 1790 trilmtnm
1176 1747 1200 1791 et
1231 1741 1381 1807 roctr‘polr'a
1415 1741 1571 1794 (lateamus.
1622 1741 1700 1792 Haec
1734 1738 1844 1807 (inquit)

156 1820 331 1883 immediata,
358 1820 492 1887 quosdam
520 1837 584 1873 vcro
608 1822 729 1873 mediato
752 1821 787 1873 ad
812 1821 988 1890 magistratus
1015 1842 1070 1875 narn
1098 1827 1132 1877 de
1161 1828 1297 1894 angelicis
1322 1827 1507 1894 potestatibus
1531 1844 1579 1878 nec
1606 1829 1641 1878 dc.
1660 1824 1845 1878 invasionibus

155 1903 275 1958 olficium
297 1911 392 1966 vocet¹
421 1921 453 1958 ea
474 1922 528 1973 quo
546 1906 618 1959 duae
639 1907 721 1976 hrrjus
738 1907 835 1975 capitis
853 1907 988 1960 sectiones
1013 1911 1188 1979 principibus
1201 1912 1281 1976 airis,
1303 1915 1441 1980 qrconrodo
1456 1914 1572 1980 an'dam
1585 1915 1689 1963 arstlcnt
1702 1927 1846 1978 erponcre,

155 1997 321 2053 nasrermtur,
365 2007 480 2060 quarum
520 1991 593 2059 prior
630 1994 665 2044 rie
701 2011 786 2045 carisa
820 1991 987 2060 principali,
1013 1999 1065 2049 scd
1082 1999 1117 2050 clo
1135 1999 1194 2059 his,
1213 2016 1283 2067 quae
1301 2008 1365 2050 sam
1386 2002 1537 2051 arecundam
1554 1999 1676 2050 humares
1692 2004 1846 2066 potestates

154 2076 287 2145 posterior
319 2077 353 2130 de
391 2095 477 2129 causa
516 2078 697 2131 ministeriali
728 2087 753 2131 et
783 2078 989 2130 instrnrnentali
1014 2084 1063 2144 ait,
1079 2093 1197 2152 propter·
1215 2087 1285 2137 haec
1300 2086 1372 2136 anim
1391 2094 1417 2137 ct
1431 2086 1535 2136 tributo
1548 2092 1677 2152 praestat
1695 2093 1747 2137 ctc.
1777 2081 1844 2135 Eth-

73 2193 77 2201 ·
154 2162 294 2216 tractabis.
1014 2168 1068 2222 uici
1088 2169 1158 2223 iuter
1177 2179 1284 2224 ceteras
1300 2171 1461 2234 calumnias,
1483 2171 1582 2241 quibas
1596 2169 1731 2238 orangclii
1745 2170 1844 2222 doctri·

472 2290 589 2295 -—---
607 2290 678 2295 ---—
1013 2274 1077 2309 nam
1096 2256 1335 2326 praegravabant,
1366 2257 1536 2310 Christianos
1555 2256 1743 2317 accusabant,
1770 2253 1845 2324 quod

1014 2342 1161 2397 seditiones
1182 2344 1312 2398 adversus
1332 2345 1524 2418 magistratum
1544 2345 1710 2409 excitarent,
1730 2358 1845 2412 quaere·

29 2457 141 2499 niustria.
336 2435 400 2495 ΒΕ
421 2437 441 2496 c
460 2438 484 2494 Τ
502 2437 560 2496 10
597 2437 621 2495 Ρ
641 2435 744 2495 R10
765 2435 802 2494 R,
1013 2429 1080 2482 bant
1107 2430 1277 2484 accusationi
1308 2447 1375 2484 strae
1403 2430 1522 2484 colorem
1542 2448 1574 2483 ex
1598 2446 1642 2495 co,
1673 2428 1747 2498 quod
1766 2427 1843 2482 Chri·

1013 2516 1094 2568 stiani
1114 2516 1258 2579 docerent,
1286 2517 1425 2587 quandam
1448 2518 1600 2569 libertatem
1626 2534 1643 2568 a
1665 2515 1773 2569 Christo
1791 2514 1844 2568 sibi

259 2593 324 2657 DE
349 2592 526 2658 CAUSA
557 2591 879 2656 EFFICIENTE
1012 2609 1134 2671 partam,
1165 2604 1239 2672 quod
1266 2610 1424 2657 recusarent
1453 2604 1572 2656 decretis
1602 2604 1781 2673 magistratus
1807 2601 1844 2656 ad

213 2694 522 2760 PRINCIPALI
555 2693 938 2760 MAGISTRATUS,
1013 2688 1150 2742 ethnicam
1171 2690 1353 2743 idololatriam
1373 2691 1536 2758 cogentibus
1549 2690 1661 2744 obedire
1681 2698 1731 2743 etc.
1769 2689 1844 2756 Apo-

1013 2775 1099 2829 stolus
1118 2776 1204 2845 igitur
1222 2777 1287 2830 huic
1307 2778 1477 2831 accusationi
1497 2777 1623 2841 obviare,
1641 2776 1765 2830 subditos
1784 2774 1844 2829 offi-

29 2885 113 2923 rmar—
189 2869 230 2917 33.
267 2864 398 2928 Quamvis
407 2863 562 2917 sanioribus
575 2862 691 2918 ethnicis
705 2880 738 2916 ex
752 2871 867 2917 naturae
882 2861 985 2916 lumine
1013 2862 1048 2914 cii
1068 2862 1110 2915 sui
1130 2880 1241 2917 monere
1255 2872 1283 2917 et
1295 2863 1542 2933 Anabaptistarum
1555 2863 1661 2917 furores
1673 2867 1844 2915 antevertere

29 2938 86 2982 ”³¹³⁸
155 2949 356 3019 quodammodo
373 2948 571 3010 notumfuerit,
591 2949 781 3020 magistratum
798 2965 856 3003 csse
875 2949 984 3001 institu-
1012 2949 1126 3017 cupicns
1151 2967 1185 3002 cx
1205 2951 1328 3018 professo
1360 2950 1394 3004 de
1412 2949 1569 3003 obedientia
1590 2949 1764 3019 magistratui
1779 2949 1843 3016 jure

27 2999 94 3086 itii:¹
104 2992 141 3026 m
154 3042 212 3089 turn
232 3036 364 3102 divinum,
383 3036 456 3088 unde
474 3036 543 3089 illud
561 3039 659 3104 politae
674 3037 800 3090 Ascraei:
822 3038 850 3086 tx
867 3038 895 3087 nl
917 3033 984 3092 Διὸς
1012 3034 1105 3089 divino
1127 3035 1279 3089 asrrbditis
1298 3036 1393 3089 debita
1421 3036 1474 3089 hoc
1501 3036 1560 3089 loco
1588 3035 1697 3089 disserit
1717 3043 1744 3087 ct
1762 3051 1844 3103 argu·

26 3092 96 3188 3ξέιῖ
156 3125 296 3190 βασιλῆος,
317 3128 412 3174 tamen
438 3120 521 3190 plena
542 3138 576 3174 ac
600 3131 676 3175 certa
698 3122 781 3191 hujus
807 3122 845 3175 rei
864 3121 985 3192 cognitio
1011 3129 1102 3176 mento
1120 3121 1268 3176 fortissimo
1294 3141 1325 3175 cx
1350 3122 1445 3175 divina
1471 3123 1648 3192 magistratus
1670 3120 1843 3175 ordinatione

26 3196 141 3244 ⁹³⁰¹'“²⁰'⁵
157 3217 199 3263 est
217 3207 382 3262 beneficium
400 3208 485 3261 solius
505 3209 638 3262 ecclesiae
654 3208 804 3277 proprium,
822 3209 848 3260 in
863 3225 896 3261 ea
913 3208 985 3262 enim
1011 3210 1097 3279 petito
1114 3209 1151 3262 ad
1168 3209 1354 3262 obedientiam
1373 3209 1414 3262 illi
1431 3209 1626 3278 praestandam
1645 3187 1767 3277 singulos
1779 3205 1843 3260 sub·

155 3301 235 3347 sonat
249 3293 302 3348 Dei
314 3294 435 3356 verbum,
456 3294 529 3364 quod
548 3293 630 3363 longe
647 3293 755 3360 certius,
775 3293 880 3347 firmins
899 3311 932 3347 ac
944 3311 986 3348 so·
1012 3296 1093 3362 ditos,
1111 3296 1193 3348 etiam
1211 3295 1280 3359 illos,
1301 3294 1349 3365 qui
1362 3294 1472 3347 Christo
1492 3310 1590 3346 nomen
1613 3293 1759 3352 dederant,
1781 3292 1842 3344 hor·

155 3381 237 3434 lidius
262 3381 355 3442 docet,
382 3380 573 3450 magistratum
594 3396 652 3433 esse
671 3397 688 3432 a
706 3378 767 3434 Deo
786 3379 942 3433 institutum
959 3391 987 3433 et
1012 3387 1094 3436 tatur.
1148 3380 1357 3434 Consideranda
1387 3386 1479 3432 stlitem
1509 3379 1654 3433 verborum
1689 3377 1842 3448 emphasis:

156 3484 215 3520 esse
243 3475 366 3519 sanctam
386 3466 439 3520 Dei
464 3465 673 3519 ordinationem.
708 3466 803 3536 Atque
821 3464 889 3519 baec
907 3465 985 3519 verbi
1012 3470 1077 3521 Non
1101 3475 1141 3519 sat
1161 3475 1286 3535 porcator
1310 3466 1366 3517 nisi
1388 3485 1406 3518 a
1426 3469 1495 3520 Deo.
1536 3467 1677 3519 Accurate
1695 3463 1843 3533 distinguit

154 3553 242 3606 divini
257 3550 844 3622 testimoniadiligcntersunterpendenda.
868 3552 985 3615 Quando
1011 3555 1082 3608 inter
1101 3555 1216 3606 abrasum
1235 3553 1386 3619 potcstatis
1414 3559 1443 3605 et
1466 3553 1558 3619 ipsam
1578 3558 1752 3618 potestatam.
1789 3547 1843 3602 Im·

154 3640 225 3693 euim
246 3640 316 3692 ratio
333 3645 428 3692 nostra
445 3637 548 3691 lumine
566 3636 673 3706 gratiae
688 3637 816 3691 restituta
828 3638 986 3692 considerat
1012 3646 1151 3711 penatores
1171 3638 1303 3699 Romani,
1329 3638 1376 3707 qui
1404 3644 1471 3691 tanc
1497 3654 1588 3691 rerum
1607 3635 1797 3706 potiebantur,
1815 3640 1844 3688 st

155 3736 212 3780 tum
226 3727 404 3780 ambitionem
417 3741 519 3789 eorum,
537 3725 584 3795 qui
599 3725 635 3777 ad
649 3725 818 3778 dominatum
830 3730 858 3777 et
869 3725 985 3794 imperia
1013 3743 1106 3781 corum
1125 3725 1266 3794 praesides
1284 3725 1312 3777 in
1331 3724 1480 3792 provinciis
1500 3723 1687 3776 abutebantur
1706 3726 1843 3791 potestate

154 3814 309 3883 adspirant;
329 3821 386 3865 tum
407 3812 519 3876 fastum,
539 3810 669 3879 injurias,
688 3810 863 3880 tyrannidem
884 3819 912 3866 et
930 3811 984 3863 vim
1011 3812 1047 3866 ad
1067 3812 1164 3880 ὕβριν,
1191 3828 1290 3881 cogere
1307 3809 1440 3863 volebant
1459 3809 1628 3863 Christianos
1654 3809 1690 3862 ad
1709 3809 1841 3862 idoloma-

154 3901 286 3970 injustam
312 3899 475 3960 multorum,
509 3897 557 3967 qui
589 3896 704 3965 imperio
730 3894 900 3967 funguntur3
926 3902 984 3949 tum
1011 3900 1086 3951 niam
1105 3898 1242 3953 ethnicam
1262 3904 1316 3951 etc.
1335 3896 1410 3949 huuc
1434 3896 1551 3949 abusum
1573 3897 1718 3965 potestatis
1740 3911 1842 3965 nequa·

153 3986 320 4055 Judiciorum
357 3983 476 4037 civilium
511 3983 716 4051 perversitatem
747 3989 777 4036 et
806 3983 984 4052 corruptelas,
1010 4003 1093 4057 quam
1118 4003 1136 4039 a
1155 3984 1216 4039 Deo
1243 4001 1304 4038 esse
1326 3986 1467 4053 apostolus
1494 3983 1576 4049 dicit,
1602 3982 1651 4035 sed
1679 3988 1843 4050 potestatem

153 4073 290 4141 simulque
314 4070 432 4140 cogitat,
463 4086 557 4123 omues
583 4067 708 4122 homines
733 4068 864 4139 aequales
893 4070 984 4124 nasci:
1011 4072 1106 4141 ipsam.
1143 4070 1298 4141 Distinguit
1316 4070 1399 4124 etiam
1418 4070 1489 4123 inter
1508 4085 1666 4139 personam,
1692 4084 1764 4136 quae
1782 4065 1842 4121 offi-

151 4167 217 4211 tunc
228 4156 308 4211 valde
320 4155 475 4210 labefactat
492 4155 541 4208 illa
558 4154 699 4224 persuasio
714 4171 746 4209 er
763 4160 855 4209 rectae
869 4156 984 4210 rationis
995 4178 998 4225 1
1009 4159 1053 4212 cio
1074 4166 1102 4211 et
1114 4162 1251 4226 potestate
1264 4156 1441 4226 magistratus
1461 4155 1595 4225 fungitur,
1616 4161 1643 4207 et
1661 4155 1732 4207 inter
1752 4152 1843 4221 ipsum

153 4245 255 4297 lumine
273 4250 302 4296 et
323 4241 471 4296 dictamine
490 4249 566 4305 orta,
592 4242 666 4310 quod
695 4242 871 4311 magistratus
890 4243 926 4295 sit
943 4232 1133 4305 dilofficium
1145 4261 1178 4297 ac
1190 4248 1354 4312 potestatem
1368 4243 1553 4312 magistratus.
1590 4241 1712 4294 Persona
1732 4239 1841 4307 saepius

152 4332 245 4384 vinum
264 4330 433 4392 institutum,
460 4329 614 4398 cogitamus
633 4328 722 4396 enirn,
740 4329 930 4399 magistratum
950 4326 1053 4395 exivi,
1080 4331 1197 4389 fraude,
1223 4329 1303 4382 malis
1326 4329 1432 4382 artibus
1452 4330 1495 4381 vel
1521 4329 1605 4382 etiarn
1624 4326 1788 4381 crudelitate
1808 4341 1841 4378 ac

153 4416 305 4483 cupiditate
325 4414 485 4469 dominandi
508 4414 635 4468 omnibus
661 4414 755 4467 innan
778 4422 805 4468 et
828 4432 860 4468 ex
880 4404 1159 4489 injustsltymnnide
1184 4418 1377 4488 magistratum
1406 4423 1574 4484 occupator
1599 4413 1780 4471 administrat,
1810 4428 1843 4464 ac

153 4503 267 4555 aliorum
281 4501 460 4570 oppressione
471 4509 560 4555 ortum
580 4517 647 4565 esse,
668 4517 718 4553 nec
732 4501 784 4554 Dei
803 4502 983 4569 ordinatione,
995 4488 998 4577 Ι
1011 4506 1126 4576 proinde
1145 4522 1162 4557 a
1175 4504 1236 4559 Deo
1256 4504 1292 4556 ad
1305 4505 1498 4573 magistratum
1519 4501 1646 4554 ordinata
1663 4499 1717 4552 dici
1737 4499 1842 4568 nequit,

153 4606 204 4642 nec
222 4589 283 4658 lege
303 4594 418 4642 naturae
436 4593 569 4640 constarc.
602 4586 707 4641 Contra
730 4586 779 4639 has
802 4586 1059 4657 cogitationeslscd
1085 4592 1204 4660 pertinet
1229 4590 1265 4642 ad
1290 4606 1349 4642 eam
1376 4590 1480 4642 dictum
1500 4587 1690 4656 propheticum
1710 4584 1798 4638 Ossae
1817 4590 1841 4650 a,

154 4674 318 4727 muniendus
339 4687 379 4727 est
397 4673 505 4727 animus
522 4673 687 4727 anctoritate
705 4672 781 4726 verbi
796 4673 890 4740 divini,
909 4675 983 4744 quod
996 4654 998 4755 i
1011 4697 1036 4733 v.
1062 4686 1092 4732 a:
1124 4678 1187 4746 Ipsi
1209 4685 1409 4745 rcprnrncrnnt,
1439 4682 1463 4726 ct
1489 4692 1545 4725 σοο
1568 4690 1600 4723 cn
1618 4690 1671 4735 mc,
1698 4671 1843 4738 print-spes

152 4766 283 4820 testatur,
308 4760 377 4814 vitia
393 4774 571 4829 personarum
594 4760 630 4812 ab
649 4759 710 4827 ipso
729 4758 821 4812 officio
841 4776 901 4813 esse
920 4760 1185 4835 pru-}n.rats'teramt‚
1205 4771 1229 4814 nt
1249 4781 1304 4814 non
1322 4762 1438 4829 coquom}
1457 4778 1521 4823 cor;
1547 4759 1655 4812 interim
1673 4758 1764 4825 ipsum
1783 4756 1841 4812 offi-

153 4846 249 4900 dentcr
273 4845 457 4898 discernenda
484 4860 515 4897 ac
535 4851 701 4913 potestatem
727 4845 904 4915 magistratus
925 4848 1083 4905 essc'cium
1113 4866 1145 4902 ac
1172 4852 1296 4917 potestas
1329 4847 1505 4917 magistratus
1536 4844 1589 4896 Dei
1618 4844 1756 4897 ordinatio
1783 4860 1842 4897 esse

154 4932 260 4996 aDeo,
282 4931 409 5001 quamvis
431 4931 535 4984 abusus
559 4931 702 5000 potestatis
725 4930 761 4983 ab
781 4931 841 5000 ipso
865 4949 920 4984 non
939 4933 983 4996 sit,
995 4917 998 4961 ³
1010 4954 1065 4989 non
1084 4935 1194 4988 desinit.
1230 4933 1354 5001 Tyranni
1375 4931 1442 5000 ipsi,
1459 4930 1507 4998 qui
1531 4932 1624 4999 pravis
1643 4929 1842 4999 cupiditatibus

152 5034 203 5071 nec
221 5017 273 5086 ipsi
290 5018 409 5086 placeat.
448 5016 653 5070 Constituamus
681 5024 773 5070 autem
795 5025 884 5071 certas
903 5035 983 5090 argu·
996 5044 998 5116 i
1011 5029 1040 5076 ct
1067 5020 1225 5076 ambitionis
1254 5027 1343 5072 oestro
1372 5017 1483 5086 impulsi
1514 5025 1598 5092 atique
1630 5018 1726 5085 perciti
1754 5033 1843 5086 regna

154 5112 306 5158 mentorum
326 5103 442 5166 classes;
468 5103 584 5173 primam
603 5102 730 5156 dabimus
749 5106 888 5172 mprmnis
908 5106 983 5159 Scri·
996 5122 998 5187 2
1011 5109 1146 5162 invadunt
1166 5123 1253 5175 caque
1272 5121 1326 5157 non
1345 5122 1379 5158 er
1397 5105 1568 5173 praescripta
1590 5104 1716 5172 justitiae
1737 5103 1841 5173 rcgula,

148 5200 252 5259 patrae
288 5189 387 5256 dictim
422 5190 573 5243 secundam
611 5191 768 5242 rationibus
800 5192 927 5258 icpt'tinta
959 5195 1060 5287 etjsed
1080 5192 1193 5265 propria
1213 5191 1327 5245 libidine
1347 5191 1554 5256 administrant,
1577 5190 1711 5244 hacteuus
1735 5195 1764 5242 ct
1789 5189 1842 5243 hoc

153 5279 265 5329 immota
284 5278 480 5342 consequentia
498 5277 694 5342 redemptura
712 5277 856 5338 ‹n›ancris,·
875 5279 984 5332 tertiam
1011 5287 1138 5349 respectu
1168 5294 1223 5330 non
1248 5285 1313 5330 sunt
1338 5295 1355 5330 a
1380 5276 1441 5329 Deo
1464 5277 1540 5329 missi
1564 5293 1615 5328 nec
1639 5277 1757 5329 ordinati
1783 5284 1851 5329 tum»

148 5365 278 5432 prodatis
293 5362 433 5430 promptis,
453 5363 554 5433 quibus
568 5361 792 5433 σσρεισοὶγμασος
804 5363 865 5417 loco
872 5365 983 5433 piorum
997 5418 999 5427 ,
1011 5373 1122 5437 proptor
1141 5364 1290 5417 uiolentam
1309 5364 1525 5431 occupationem,
1544 5374 1602 5415 turn
1620 5372 1732 5432 propter
1747 5371 1842 5427 tyran·

151 5458 272 5502 usturam
291 5446 369 5497 dicta
387 5447 577 5518 subjicientur.
997 5452 1103 5504 micam
1121 5449 1409 5516 administrationem,
1428 5465 1478 5502 nec
1498 5450 1621 5502 actiones
1641 5450 1761 5517 ipsorum
1781 5450 1842 5505 Deo
