4006 6022
215 219 274 274 100
482 286 485 290 ι
796 210 918 268 Locus
935 206 1140 266 VIOESIMUS
1158 211 1324 276 TERTIUS

212 364 313 418 donem
334 381 467 418 mannam
490 366 520 419 in
545 365 766 430 confirmationis
790 372 968 418 sacramente
987 377 1045 416 esse
1058 356 1062 417 i
1075 363 1177 432 nicius,
1201 365 1238 419 ad
1262 370 1465 420 sacramentum
1491 364 1602 436 proprie
1620 365 1660 418 sic
1681 364 1786 418 dictum
1803 362 1909 435 requiri

212 452 246 504 de
266 452 393 522 essentia,
411 450 474 505 libr.
498 459 520 507 1.
540 452 656 508 desaer.
676 452 735 507 ord.
756 468 778 504 c.
799 458 823 506 9.
843 453 871 520 ς’.
892 449 950 506 1111
963 450 1045 504 valet.
1073 451 1281 519 promissionem
1304 451 1412 523 gratiae
1433 452 1578 522 evangelio
1604 451 1732 522 propriae
1760 450 1796 505 de
1819 449 1909 518 appli-

211 535 287 606 Ergo
324 553 379 591 non
415 536 467 591 erit
498 545 669 593 sacramento
708 536 888 591 ordinationis
926 535 1046 606 propria.
1073 538 1181 593 cutione
1190 545 1218 593 et
1226 537 1591 609 obsignationeremissiouis
1601 535 1909 608 peccatorum,proinde

213 628 236 677 5.
256 621 286 678 Si
299 622 369 677 ritus
383 630 559 693 χειροθεσίας
574 642 636 678 eum
650 622 782 694 symbolis
800 622 1046 677 sacramentalibus
1078 622 1258 677 llellarminus
1277 624 1395 679 afferens
1421 624 1496 678 dicta
1515 623 1668 695 apostolica
1690 623 1725 677 de
1749 622 1842 693 gratia
1860 637 1911 692 per

211 708 381 778 reliquorum
399 717 631 765 sacramentorum
644 709 755 780 proprie
775 710 815 763 sic
835 708 971 763 dictorum
982 725 1046 762 con·
1074 709 1274 765 ordinationem
1298 710 1366 763 data
1393 709 1459 764 nihil
1487 711 1559 782 agit,
1586 728 1649 765 cum
1672 709 1806 764 minorem
1826 724 1909 780 argu·

212 792 333 859 feratur,
363 797 524 866 apparebit,
553 815 613 851 eam
638 815 692 851 uon
716 813 796 865 posse
820 794 939 865 symboli
957 810 1047 848 sacra·
1074 796 1158 849 menti
1185 796 1272 850 nostri
1296 796 1451 851 mutilatam
1469 805 1505 851 et
1522 803 1676 867 murcatum
1697 795 1829 866 accipiat,
1859 811 1910 848 nos
1991 804 1993 808 ’

213 882 342 935 mentalis
366 883 474 953 proprie
502 882 541 936 sie
570 882 636 937 dicti
656 883 767 938 nomine
790 881 890 936 venire.
930 879 962 932 In
980 880 1046 948 bap·
1074 881 1148 935 euim
1166 900 1222 935 nou
1241 881 1275 937 de
1293 883 1391 952 quavis
1411 883 1514 954 gratia,
1541 883 1590 938 sed
1609 883 1644 938 de
1663 881 1755 953 gratia
1772 881 1910 935 remissio-

214 967 296 1021 tismo
322 985 395 1037 aqua
419 967 574 1022 affunditur
598 969 642 1023 vel
662 970 839 1040 adspergitur
857 966 1048 1036 baptizandis;
1074 968 1117 1020 nis
1141 974 1319 1037 peecatorum
1345 975 1373 1022 et
1394 968 1642 1032 reconciliationis,
1672 984 1744 1039 quae
1767 973 1910 1021 11111111-

216 1053 245 1107 in
264 1054 431 1107 eucharistia
454 1056 533 1121 panis
555 1060 583 1109 et
607 1056 700 1109 vinum
718 1055 883 1110 exhibentur
900 1053 1047 1116 eommuni-
1075 1052 1148 1122 gelio
1166 1053 1294 1122 propria,
1322 1053 1375 1108 hoe
1394 1055 1455 1109 loco
1474 1054 1596 1125 agimus,
1614 1070 1648 1107 ea
1665 1070 1728 1107 vero
1746 1069 1801 1106 non
1821 1058 1864 1105 est
1881 1052 1910 1104 in

74 1136 359 1203 Χ1111111111111111111,
388 1140 436 1193 sed
462 1141 601 1210 quodnam
631 1141 659 1195 in
689 1140 862 1195 ordinatione
885 1139 993 1193 risibile
1021 1144 1049 1193 et
1075 1138 1255 1202 ordinatione,
1274 1145 1305 1193 ut
1325 1145 1441 1194 constat.
1472 1139 1563 1194 Judas
1583 1138 1682 1193 habuit
1700 1140 1818 1209 gratiam
1838 1136 1911 1190 ordi·

216 1232 356 1279 externum
375 1225 561 1280 elementum?
580 1244 678 1282 manus
695 1227 808 1297 quidem
826 1225 980 1279 ordinando
999 1224 1047 1277 im·
1074 1224 1201 1293 nationis,
1221 1242 1276 1278 nou
1293 1232 1386 1280 tamen
1400 1232 1575 1294 peccaterum
1593 1223 1770 1280 remissionis.

214 1311 340 1381 ponitur,
367 1311 415 1365 sed
441 1312 502 1382 quis
527 1312 642 1377 dixerit,
670 1329 781 1367 manum
806 1312 892 1382 ipsam
917 1309 1048 1364 1111111-
1112 1315 1168 1365 115.
1192 1310 1307 1382 Regerit
1323 1311 1519 1366 Bellarminus:
1537 1312 1595 1364 Per
1612 1311 1825 1380 promissionem
1844 1326 1910 1377 pra·
1926 1306 2000 1396 {¹⁰⁰¹}

214 1403 335 1451 mentum
354 1403 497 1452 externum
509 1404 537 1452 11
550 1397 692 1453 materiale
710 1397 767 1452 sive
785 1396 942 1468 symbolum
956 1412 1046 1450 sacra·
1074 1397 1130 1449 tiae
1158 1406 1332 1450 samamcnte
1364 1416 1499 1451 annuam
1534 1397 1717 1464 intelligitur,
1755 1396 1799 1448 nel
1834 1397 1914 1464 peccel
1926 1368 2000 1448 1111111

213 1481 354 1536 mentale?
388 1483 450 1552 ipsa
483 1483 574 1553 potius
608 1483 746 1553 impositio
778 1500 874 1537 manus
905 1488 948 1537 est
978 1482 1047 1535 ritus
1074 1500 1153 1536 enine
1171 1492 1375 1537 sacramentnm
1397 1502 1449 1554 per
1467 1501 1497 1536 11
1514 1485 1669 1537 institutam
1689 1484 1726 1536 sit
1745 1484 1786 1534 ad
1801 1480 1915 1550 peccati

213 1567 299 1623 libere
329 1568 485 1638 adhibitus,
521 1586 577 1624 non
614 1576 707 1626 autem
738 1569 888 1640 applicatio
919 1569 1047 1623 elementi
1074 1571 1274 1636 remissionem,
1291 1571 1335 1623 nel
1353 1572 1431 1638 quini
1447 1572 1519 1622 eatis
1536 1571 1581 1634 sit,
1599 1570 1628 1621 si
1638 1571 1770 1632 conferat
1787 1569 1913 1636 gratiam

213 1653 358 1723 cujusdam
377 1655 584 1710 sacramentalis
609 1656 719 1727 proprie
741 1657 781 1711 sic
802 1655 882 1723 dieti,
908 1654 1048 1720 11111111,
1073 1663 1185 1723 prat-nm
1199 1656 1365 1722 faciente-m,
1385 1671 1455 1724 qrscre
1475 1655 1512 1707 sit
1527 1655 1631 1719 efficax
1643 1655 1684 1707 ad
1699 1662 1845 1723 peccatum
1865 1655 1913 1705 de-

213 1756 268 1793 uon
286 1740 460 1797 elementum.
497 1740 1045 1808 11111111111111111111111111911111
1073 1742 1199 1810 lendmn,
1229 1743 1256 1793 si
1279 1741 1356 1794 died
1379 1741 1514 1804 inveniat,
1544 1741 1608 1794 licet
1627 1756 1683 1809 per
1709 1758 1739 1793 se
1764 1742 1805 1792 ad
1823 1741 1913 1792 aliam

212 1827 318 1881 collata
338 1845 392 1898 per
413 1827 618 1897 impositionem
638 1832 1046 1900 1111111111,111111χειροθεσίιι
1068 1829 1155 1896 finem
1174 1827 1330 1880 ordinetur.
1368 1827 1402 1879 Si
1413 1827 1555 1894 prienam,
1580 1844 1633 1879 nen
1656 1826 1760 1894 poterit
1785 1825 1913 1879 Chemmi-

213 1930 268 1968 non
289 1912 425 1983 accipitur
446 1913 605 1982 specialiter
628 1929 662 1967 ac
688 1914 883 1981 determinate,
905 1920 989 1984 prout
1010 1912 1046 1968 ab
1073 1915 1134 1967 eins
1151 1915 1318 1980 defendere,
1343 1913 1542 1965 eucharistiam
1560 1929 1620 1965 esse
1638 1928 1733 1964 serram
1751 1929 1913 1965 sacramen-

213 1999 336 2054 orations
365 2005 460 2053 contra
490 1999 684 2070 distinguitm,
720 2000 770 2053 sed
799 1999 966 2070 generaliter
995 2016 1045 2069 pro
1074 2007 1139 2067 tnm,
1157 1998 1295 2068 siqnidem
1312 2007 1416 2051 certam
1429 2005 1477 2063 est,
1496 1998 1761 2050 eucharistiamnen
1781 2014 1913 2068 seraper

213 2090 271 2138 toto
299 2084 479 2139 ordinationis
503 2091 582 2152 ectu,
610 2087 691 2154 cujus
716 2086 868 2156 praecipua
892 2102 956 2155 pars
983 2090 1048 2139 suut
1072 2084 1913 2153 111111111111111111111111111111111111,1111αά11111

214 2171 378 2240 conjunctae
402 2170 624 2240 presbyteriixet
647 2171 781 2226 ecclesiae
811 2189 922 2241 preces,
947 2170 1047 2243 quibas
1072 2170 1251 2238 spiritualem
1271 2172 1429 2238 aagendam
1446 2177 1472 2223 et
1487 2171 1714 2238 eomeraandam,
1734 2170 1912 2222 1111111111

216 2256 398 2312 exauditionis
414 2256 559 2327 promissio
577 2256 605 2310 iu
624 2256 709 2310 sacris
728 2257 815 2311 literis
833 2257 908 2312 facta
926 2264 977 2327 est,
998 2257 1046 2313 sed
1070 2264 1136 2324 post
1158 2257 1336 2325 baptismum,
1364 2275 1398 2310 ac
1418 2256 1543 2326 proinde
1567 2257 1617 2324 iis,
1650 2257 1701 2325 qai
1726 2274 1782 2310 non
1810 2256 1912 2309 hubent

215 2342 250 2398 de
275 2343 333 2397 sola
357 2359 456 2398 manus
480 2343 656 2413 impositione
686 2360 827 2413 nunquam
856 2343 959 2413 poterit
982 2343 1046 2397 talis
1071 2351 1195 2411 peccata.
1234 2344 1268 2397 Si
1287 2346 1445 2411 sedandam,
1463 2342 1554 2407 facile
1573 2342 1684 2397 mendi
1696 2349 1807 2411 potest,
1826 2343 1910 2395 111111

214 2427 306 2483 afferri
325 2429 484 2499 promissio,
508 2428 583 2499 quod
604 2428 695 2499 matis
722 2429 929 2484 sacramentalis
953 2429 1049 2484 illisit
1073 2429 1279 2482 ordinationem
1299 2445 1359 2482 esse
1378 2435 1589 2483 sacramentum.
1618 2430 1694 2481 Nam
1712 2430 1818 2497 qratia,
1838 2445 1910 2496 gisae

213 2513 336 2585 alligata.
373 2521 397 2571 l.
417 2514 445 2571 Si
465 2532 498 2570 ex
516 2531 563 2578 eo,
593 2515 667 2585 qued
685 2514 830 2570 rllimotheo
847 2533 898 2585 per
917 2532 1047 2570 manuum
1073 2514 1121 2568 illi
1140 2516 1285 2584 promissa
1310 2522 1364 2582 est,
1395 2532 1449 2567 non
1478 2522 1518 2567 est
1542 2515 1646 2567 donam
1675 2513 1796 2582 aliquod
1818 2514 1909 2581 pratis
1994 2559 1997 2565 .

214 2599 416 2670 impositionem
435 2600 526 2671 gratia
543 2599 686 2654 ministerii
704 2600 771 2654 data
789 2600 903 2669 dieitur,
924 2601 1047 2671 legitime
1073 2602 1178 2670 datam,
1200 2610 1229 2655 ut
1237 2602 1389 2671 prophetia
1406 2600 1569 2654 seldenum
1588 2601 1757 2668 liapaamm,
1775 2602 1828 2654 ssd
1844 2619 1908 2669 pra

213 2685 309 2742 inferri
333 2691 440 2756 posset,
467 2686 585 2758 gratiam
613 2686 696 2756 hujus
723 2688 889 2741 sacramenti
913 2704 974 2743 esse
999 2690 1047 2743 im·
1072 2687 1114 2739 tie
1126 2687 1296 2755 justificans.
1335 2687 1401 2740 01111
1421 2688 1493 2740 erden
1507 2688 1646 2740 Dominus
1665 2685 1729 2741 Joh.
1751 2693 1791 2742 2⁰.
1811 2688 1909 2740 tribuit

213 2772 342 2844 positioni
361 2790 491 2827 manuum
509 2772 665 2843 alligatam,
692 2789 800 2842 possem
826 2773 924 2827 eadem
942 2778 1048 2831 ratione
1073 2773 1211 2842 apostolis
1231 2780 1397 2845 potestatem
1425 2774 1585 2827 renrittendi
1604 2781 1741 2845 peceato,
1772 2790 1844 2843 qnae
1868 2781 1908 2827 cst

214 2859 330 2926 inferre,
356 2859 476 2929 gratiam
495 2858 677 2928 peculiarium
697 2857 813 2928 Spiritus
834 2860 923 2914 sancti
944 2861 1046 2916 charis·
1070 2876 1142 2927 pers
1162 2861 1301 2928 quaedam
1318 2859 1487 2926 sacerdotii,
1509 2860 1599 2914 dicit:
1622 2860 1748 2928 Accipite
1770 2858 1908 2929 8111111111
1923 2860 2000 2903 ΠΗ-

214 2953 320 3000 matum
340 2944 569 3000 conferendorum
592 2945 682 3000 eidem
704 2946 876 3002 ceremoniae
894 2947 1046 3019 alligatam,
1074 2961 1096 2998 t.
1109 2953 1133 2997 et
1147 2963 1206 2997 cam
1221 2945 1334 2998 dicarat
1349 2945 1495 3016 apostolas
1510 2948 1535 2998 2.
1555 2945 1626 2998 Tim.
1642 2948 1665 3001 1.
1678 2946 1802 3012 gratiam
1817 2945 1906 2998 iimo-

214 3048 278 3086 cum
302 3046 353 3100 per
371 3030 573 3100 impositionem
600 3048 730 3085 manuum
751 3031 928 3087 credentibus
946 3034 974 3088 in
992 3035 1046 3104 pri·
1073 3031 1135 3084 theo
1151 3049 1203 3100 per
1221 3031 1424 3099 impositionem
1442 3050 1542 3084 mances
1566 3034 1680 3099 datam,
1704 3032 1847 3100 sabjnnpit
1866 3048 1908 3084 11

214 3116 311 3172 mitiva
337 3115 455 3171 ecclesia
481 3115 601 3186 Spiritus
627 3125 753 3181 sanctus,
782 3119 811 3171 id
835 3126 878 3172 est
898 3119 1048 3188 peculiaria
1070 3118 1193 3186 plicans,
1213 3135 1285 3186 qaae
1302 3119 1341 3171 sit
1359 3118 1411 3171 ille
1431 3120 1540 3185 pratia:
1559 3119 1625 3172 Non
1640 3119 1712 3171 enim
1732 3120 1812 3171 dedit
1831 3119 1910 3171 Dens

128 3226 134 3235 ·
214 3200 264 3258 illa
279 3202 400 3273 Spiritus
409 3201 498 3256 sancti
508 3201 676 3257 charismata
689 3202 814 3258 dicantur
827 3204 899 3274 data,
922 3206 1047 3276 Actora,
1073 3204 1161 3266 1111111,
1180 3204 1213 3256 id
1229 3212 1268 3256 eet
1281 3205 1429 3272 episcopis,
1442 3205 1573 3274 spiritam
1587 3205 1704 3269 amoris,
1724 3207 1776 3258 sed
1793 3205 1912 3271 1111111ιὲ1,

213 3308 238 3344 r.
267 3295 306 3344 ti.
334 3305 357 3344 c.
388 3294 432 3353 19,
458 3306 483 3343 v.
506 3294 530 3343 6.
553 3288 618 3342 item
645 3289 763 3360 gratiam
788 3291 938 3345 sanationis
958 3292 1046 3348 eidem
1075 3289 1233 3343 dilectionis
1255 3298 1280 3343 ct
1305 3291 1470 3345 sobrietatis.
1512 3290 1735 3362 Respondemus:
1765 3297 1786 3345 1.
1804 3289 1909 3346 Β11111-

213 3375 386 3432 ceremoniae
412 3374 554 3446 alligatam
574 3393 648 3438 esse,
676 3392 738 3429 cum
765 3393 815 3446 per
847 3377 1048 3447 impositionem
1074 3374 1142 3430 mini
1162 3382 1353 3446 argumentum
1373 3376 1472 3429 nititur
1490 3375 1583 3430 multis
1603 3375 1680 3431 falsis
1700 3374 1910 3447 hypothesibus,

173 3520 175 3524 ,
213 3479 345 3518 manuum
384 3461 502 3531 apostoli
541 3461 644 3515 donum
682 3461 861 3517 miraculosae
897 3465 1047 3520 sanationis
1074 3460 1203 3516 nimirum
1221 3462 1298 3530 qaod
1315 3461 1410 3530 pratia
1423 3463 1587 3531 justificans
1609 3464 1645 3515 sit
1662 3463 1776 3528 infnsae
1795 3463 1911 3530 quidam

213 3549 398 3616 exseruerint,
424 3547 508 3603 Maro.
531 3553 575 3612 16,
593 3566 617 3602 r.
641 3553 679 3604 18.
715 3549 811 3604 Actor.
828 3553 875 3616 28,
903 3568 927 3605 v.
952 3557 1046 3606 11111,
1073 3549 1191 3615 habitus,
1210 3547 1284 3618 qued
1323 3547 1508 3601 archarmim
1521 3551 1634 3614 fractus
1656 3549 1765 3602 nonsit
1784 3549 1912 3602 remens

213 3641 238 3692 8.
257 3635 385 3705 Denique
404 3634 427 3687 si
446 3640 657 3711 expugnaretis
679 3634 811 3704 apostolis
828 3636 856 3689 in
876 3636 1048 3693 ordinatione
1073 3642 1258 3704 peccatoram,
1277 3633 1352 3705 quod
1371 3633 1524 3703 baptismos
1542 3636 1584 3687 ita
1602 3635 1696 3688 deleat
1710 3643 1864 3703 peccatam,
1880 3643 1912 3688 nt

213 3720 317 3775 usitata
333 3726 408 3775 reete
426 3720 520 3775 inferri
539 3728 641 3790 posset,
661 3721 736 3776 hunc
755 3721 838 3775 ritum
858 3739 917 3778 esse
936 3723 1047 3794 symbo-
1073 3721 1169 3774 nullae
1186 3721 1248 3790 ejas
1266 3721 1295 3772 in
1313 3721 1420 3774 renatis
1438 3728 1568 3773 rnaneant
1582 3720 1737 3788 reliquiae,
1756 3737 1813 3791 qua
1830 3721 1865 3774 de
1881 3736 1912 3774 re

214 3807 271 3860 lum
288 3805 487 3861 sacramentale
509 3805 708 3877 necessarium,
735 3813 830 3877 posset
854 3825 886 3863 ex
911 3810 1046 3879 apostolo·
1075 3823 1125 3861 suo
1157 3807 1218 3861 loco
1249 3806 1355 3861 dictum
1391 3805 1452 3862 fuit.
1505 3813 1527 3861 2.
1556 3806 1718 3877 Repetimus
1749 3805 1795 3860 hic
1826 3805 1912 3862 verba

213 3910 274 3948 rum
294 3892 418 3961 exemplo
444 3891 537 3946 itidem
555 3892 656 3963 colligi,
667 3893 811 3961 jejuniam
831 3893 904 3948 inter
922 3895 1047 3950 substan·
1074 3892 1177 3948 Christi
1197 3909 1229 3947 ex
1248 3892 1420 3948 institutione
1437 3892 1634 3948 eucharistiae:
1662 3891 1799 3960 Accipite,
1819 3909 1908 3947 ceme-

212 3978 292 4035 tialia
310 3979 491 4034 ordinationis
510 3978 605 4035 referri
625 3979 735 4045 debere,
755 3998 817 4034 cum
831 3982 895 4037 Aet.
919 3988 958 4051 13,
976 4003 1001 4040 v.
1022 3989 1046 4040 3.
1074 3981 1146 4048 dite,
1169 3980 1220 4034 hoc
1239 3987 1279 4033 sat
1300 3998 1401 4049 corpas
1418 3996 1521 4047 meam,
1546 3981 1623 4048 quod
1635 3996 1692 4048 pro
1716 3979 1793 4032 colis
1812 3981 1910 4034 datur.

213 4082 276 4121 oum
289 4070 452 4136 perpetrate
474 4064 544 4119 illud
563 4067 756 4137 conjungatur.
1075 4066 1185 4134 Bibite,
1212 4066 1264 4118 hoc
1284 4073 1323 4118 est
1342 4066 1459 4135 sanpnis
1477 4082 1566 4132 mens,
1585 4066 1635 4134 qni
1647 4083 1704 4135 pro
1723 4066 1801 4119 sabis
1819 4067 1910 4136 effan-

86 4169 201 4213 1111111-
254 4159 309 4208 111.
335 4157 360 4206 2.
384 4150 550 4223 Quicunque
572 4151 642 4206 ritus
668 4152 826 4208 destituitur
856 4170 964 4208 annexa
987 4172 1046 4225 pre·
1076 4154 1153 4206 ditur
1171 4154 1201 4205 in
1218 4153 1407 4206 remissionem
1419 4161 1607 4222 peccatoram.
1643 4151 1686 4205 Ex
1711 4151 1812 4223 quibus
1829 4167 1910 4222 aper·

86 4223 184 4326 {2222
215 4238 346 4293 missione
366 4238 473 4308 gratiae
492 4237 637 4308 evangelio
661 4239 789 4309 propriae
809 4240 844 4294 de
862 4239 1048 4310 applicatione
1074 4239 1180 4293 tissime
1200 4238 1302 4310 liquet,
1326 4239 1534 4308 promissionem
1557 4239 1664 4310 gratiae
1691 4239 1725 4292 de
1748 4237 1912 4294 remissione

86 4327 153 4419 ¹¹⁰2·
216 4331 244 4381 et
263 4323 456 4395 obsignatione
473 4324 640 4379 remissionis
660 4333 845 4394 peccatorum,
866 4325 913 4380 ille
932 4344 987 4381 non
1007 4333 1049 4383 est
1074 4332 1249 4396 peecatorum
1276 4325 1417 4396 obsignari
1442 4330 1470 4379 et
1497 4323 1653 4380 confirmari
1677 4323 1854 4380 credentibus
1880 4324 1910 4378 in

87 4388 127 4428 ἠ
146 4389 180 4422 ”’
214 4412 324 4484 proprie
343 4416 372 4466 et
388 4411 517 4481 specifice
535 4411 575 4465 sie
589 4412 694 4467 dictum
714 4419 918 4468 sacramentum
962 4414 1049 4486 Atqui
1074 4412 1189 4467 salutari
1206 4429 1259 4466 usu
1278 4428 1373 4466 sacrae
1391 4426 1506 4479 11111111,
1525 4411 1661 4482 siquidem
1680 4410 1821 4481 accipiunt
1839 4410 1911 4464 illud

215 4497 394 4553 ordinationis
431 4497 500 4552 ritas
530 4498 689 4552 destituitur
725 4514 833 4553 annexa
867 4499 1048 4568 promissione
1075 4514 1191 4568 corpus,
1220 4498 1293 4569 quod
1319 4497 1348 4550 in
1368 4502 1483 4551 mortem
1508 4515 1558 4568 pro
1577 4497 1645 4568 ipsis
1663 4497 1811 4565 traditum,
1839 4497 1911 4551 acci·

214 4585 321 4656 gratiae
340 4584 484 4654 evangelie
503 4584 631 4654 propriae
649 4584 684 4638 de
704 4584 890 4654 applicatione
909 4592 938 4640 11
956 4585 1048 4658 obsig-
1075 4586 1156 4655 piuut
1173 4582 1251 4637 illum
1270 4582 1449 4653 sanguinem,
1469 4583 1517 4654 qui
1535 4600 1584 4653 pro
1601 4584 1724 4654 peccatis
1744 4584 1867 4653 ipsorum
1882 4583 1912 4637 in

214 4670 326 4724 natione
345 4669 513 4724 remissionis
538 4676 722 4739 peecatorum.
759 4671 840 4742 Ergo.
874 4671 987 4742 Majoris
1004 4689 1049 4726 re·
1074 4688 1125 4726 ara
1151 4669 1242 4724 erucis
1269 4674 1311 4722 est
1337 4667 1449 4724 effusus.
1487 4668 1583 4741 Neque
1609 4669 1761 4741 quidquam
1785 4669 1912 4739 impedit,

215 4755 284 4811 ritas
304 4756 394 4811 elucet
413 4773 446 4810 ex
466 4756 538 4824 illis,
557 4773 628 4827 quae
649 4756 684 4811 de
703 4758 881 4812 sacramentis
901 4759 929 4812 in
947 4775 1048 4829 genere
1075 4756 1150 4828 quod
1170 4753 1336 4810 eucharistia
1354 4754 1436 4808 detur
1454 4754 1522 4820 illis,
1550 4755 1597 4827 qui
1622 4755 1790 4825 baptismum
1813 4771 1912 4825 peree-

214 4842 342 4906 diximus,
361 4842 409 4895 ubi
428 4847 569 4898 ostensum
589 4843 651 4909 fuit,
666 4843 807 4913 proprium
825 4860 857 4899 ac
869 4844 1048 4914 principalem
1075 4848 1176 4914 perunt
1199 4839 1292 4910 etqui
1312 4838 1341 4892 in
1360 4857 1426 4894 vera
1445 4841 1617 4910 poenitentia
1635 4859 1685 4912 per
1712 4840 1795 4896 iidem
1814 4841 1912 4895 remis·

216 4934 449 4983 sacramentorum
469 4926 552 4982 finem
570 4946 644 4996 esse,
676 4930 751 5000 quod
778 4931 834 4984 sint
856 4929 947 4984 media
965 4929 1179 5007 atquetsionem
1198 4931 1374 4996 peccatorum
1390 4928 1450 4996 jam
1470 4933 1534 4981 ante
1549 4927 1689 4983 consecuti
1709 4935 1781 4990 sunt,
1801 4943 1865 4981 eum
1884 4931 1914 4982 et

213 5031 333 5085 organa,
363 5032 413 5084 per
443 5033 515 5085 quae
538 5014 616 5070 Deus
646 5014 855 5085 promissionem
880 5011 1283 5135 renis-ionispcontinuatione
1307 5015 1335 5066 et
1359 5010 1565 5067 confirmations
1588 5009 1672 5083 hujus
1690 5012 1789 5066 summi
1807 5011 1912 5068 beneti-

213 5109 392 5173 peceatorum
416 5100 474 5155 sire
493 5099 724 5157 reconciliationis
746 5101 775 5154 in
793 5101 908 5155 salutari
928 5117 980 5154 usu
1001 5117 1047 5172 ap·
1075 5098 1118 5167 cii,
1135 5095 1302 5154 remissionis
1319 5095 1425 5153 seilicet
1443 5105 1630 5170 peccatorum,
1651 5099 1678 5152 in
1697 5099 1750 5154 hac
1769 5097 1829 5152 rita
1848 5115 1911 5170 per·

212 5187 297 5257 plicet
322 5193 350 5242 et
367 5186 503 5257 obsignat.
540 5187 586 5241 Ad
611 5187 744 5241 minorem
767 5185 952 5241 Bellarminus
976 5187 1047 5241 exci-
1074 5190 1158 5254 petuo
1176 5181 1232 5236 illis
1250 5199 1320 5253 opus
1338 5183 1383 5238 sit.
1408 5189 1518 5257 πρῶτον
1532 5185 1636 5253 ψεῦδος
1652 5183 1751 5239 erroris
1772 5183 1912 5239 Pontificii

211 5273 261 5342 pit,
269 5274 487 5342 premissionem
499 5272 751 5341 pratiacecpressc
765 5271 865 5325 haberi
882 5274 906 5326 1.
926 5273 995 5328 Tim.
1015 5277 1045 5325 1.·
1074 5269 1102 5323 in
1128 5268 1180 5324 hoc
1204 5277 1367 5339 argumento
1390 5268 1516 5324 consistit
1542 5269 1570 5324 iu
1599 5286 1646 5334 eo,
1674 5270 1748 5340 quod
1775 5275 1912 5338 1111111111,
1997 5322 2000 5333 ,

212 5359 283 5412 Noli
298 5360 439 5428 neplipere
457 5359 594 5427 pretinm,
618 5366 643 5413 11
662 5361 688 5412 2.
710 5358 779 5415 Tim.
802 5358 995 5411 1111111111
1013 5366 1046 5426 te,
1073 5357 1197 5425 pretinm
1214 5355 1417 5424 justificantem
1443 5372 1504 5409 csse
1538 5354 1665 5419 intissam
1696 5356 1834 5426 habitam,
1861 5357 1914 5427 qni

210 5452 240 5496 nt
257 5446 407 5499 renneims
419 5445 553 5512 pretinm.
581 5443 689 5515 Atiam
704 5442 770 5498 olim
785 5441 929 5514 respondit
946 5441 1044 5498 Chem-
1072 5448 1193 5513 peccota
1216 5459 1247 5497 eo
1270 5445 1352 5497 medo
1376 5443 1483 5508 1111111,
1514 5458 1568 5509 qao
1593 5441 1638 5496 eol
1666 5443 1794 5497 tenebras
1817 5459 1911 5500 omnes
