4020 6014
683 165 735 220 ns
752 127 1006 221 nnassneino
1024 164 1213 222 somnos.
1729 175 1790 232 ess
1838 120 1849 133 ,

95 319 219 372 dicdur:
247 320 286 372 Et
305 337 378 374 nunc
397 337 475 388 repes
496 320 658 390 intellipite,
685 321 784 374 servite
805 322 929 374 Domino
952 321 1123 389 propbetas,
1152 321 1253 375 David
1271 322 1375 392 quippe
1394 328 1508 375 sancnss
1529 330 1579 375 rev
1595 320 1667 388 fuit,
1694 321 1792 374 audite

94 409 148 460 etc.
170 404 313 466 Quomodo
323 423 390 474 erpo
408 424 486 475 repes
499 408 622 461 Domino
641 408 764 460 sariunt
775 406 805 459 in
821 407 929 473 timore,
956 405 1051 474 itaque
1072 407 1289 475 prophetantem
1315 423 1407 474 repem
1434 414 1460 459 et
1490 406 1598 459 nullum
1628 406 1792 472 relipiosum

94 490 153 542 nisi
170 508 217 558 ea,
245 508 316 558 puae
336 499 434 545 contra
453 495 540 561 jussa
558 494 680 545 Domini
689 495 773 560 fiunt,
792 493 928 560 relipiosa
955 507 1047 559 repem
1055 493 1434 556 formidabdssirascentem.
1460 494 1491 527 ³⁸*
1497 493 1580 546 Anno
1592 497 1651 548 813.
1669 498 1792 560 tempore

95 577 241 628 sereniore
256 578 432 643 probibendo
457 588 541 646 atoue
555 580 728 646 plectendo!
750 562 838 630 ‘aliter
857 580 929 631 enim
942 610 945 674 Ι
956 575 1046 631 Caroli
1056 578 1153 649 Magni
1165 583 1194 631 et
1203 577 1306 632 Leonis
1314 576 1366 630 ΠΙ.
1382 578 1479 632 habite
1496 577 1551 631 fuit
1567 578 1690 648 synodus
1709 576 1792 632 cibi-

94 662 193 723 servit,
220 664 288 728 puio
305 663 386 717 bomo
403 673 457 727 est,
477 664 561 719 aliter
579 666 647 732 pria
666 665 749 717 ctiam
766 673 791 717 et
812 682 862 717 ree
880 672 928 719 est.
956 660 1077 716 lonensis
1102 665 1130 716 in
1157 662 1266 732 Gallis,
1296 665 1377 734 cujus
1404 681 1524 719 canones
1550 664 1586 718 eb
1606 663 1744 733 episcopis
1764 669 1792 715 et

97 747 263 808 Quiabomo
283 756 332 812 est,
352 748 474 801 eiservit
491 751 609 802 vivendo
629 751 759 814 fideliter,
779 751 847 818 puio
863 678 1104 809 verolabbetibus
1134 751 1292 821 imperatori
1319 749 1418 805 Cerolo
1457 751 1493 803 ed
1523 751 1719 804 correctionem
1747 747 1792 801 vel

94 833 179 884 etiam
203 850 253 885 rea
278 841 333 896 est,
364 836 449 886 servit
472 836 547 901 lepes
563 837 646 903 justa
669 837 876 904 praecipientes
903 843 929 888 et
956 833 1191 891 confirmationem
1207 836 1294 890 oblati
1310 836 1431 890 fuerunt.
1457 835 1503 889 Sic
1521 835 1594 890 enim
1615 835 1700 889 hebet
1717 833 1791 888 illins

95 921 240 972 contraria
257 920 435 987 prohibentes
459 923 633 974 consentienti
649 923 745 988 vipore
764 922 927 989 sanciendo,
955 919 1064 972 concilii
1089 920 1239 989 praefatio:
1264 922 1430 975 Anniliunte
1455 922 1580 973 Domino
1606 928 1702 974 nostro
1720 920 1792 972 Jcsu

94 1004 166 1057 sicul
184 1005 296 1057 servivit
317 1005 453 1071 Ezechias
471 1006 551 1059 lucos
569 1014 595 1059 et
613 1007 719 1076 templa
743 1007 885 1060 islolorum
903 1015 928 1059 et
958 1005 1068 1058 Cbristo
1100 1015 1126 1059 et
1155 1008 1310 1076 imperante
1343 1006 1521 1059 serenissimo
1566 1009 1651 1075 atque
1687 1006 1791 1073 inclyta

94 1090 147 1142 illa
160 1091 276 1156 escelm,
296 1108 368 1159 puae
381 1099 479 1145 contra
495 1092 554 1144 Dei
566 1100 721 1160 praecepta
736 1094 854 1159 fuerant
867 1110 929 1146 con-
957 1090 1086 1158 Aupusto
1123 1093 1228 1146 Larcio
1258 1094 1432 1146 convenimus
1468 1093 1594 1160 episcopi
1626 1101 1652 1145 et
1680 1092 1792 1144 abbates

94 1185 214 1242 structa,
247 1178 416 1230 destruendo
423 1216 431 1244 ,
459 1178 531 1229 sicut
556 1176 669 1230 servivit
692 1178 792 1230 Josias
812 1177 885 1230 talia
904 1185 930 1229 et
957 1176 1040 1229 totius
1062 1176 1179 1230 Galliac
1197 1179 1392 1245 Lupdunensis
1418 1180 1447 1231 in
1465 1179 1560 1231 ssrbem
1582 1177 1792 1231 &amoriensem

96 1261 310 1330 ipsefaciendo,
328 1263 400 1314 sicut
418 1263 532 1315 servivit
550 1280 600 1316 rea
615 1264 807 1317 Ninivitarum
819 1265 928 1316 univer·
958 1265 1036 1315 etsie
1055 1264 1223 1331 quibusdam
1241 1265 1338 1327 rebsss,
1364 1265 1394 1317 in
1420 1266 1518 1332 quibus
1535 1265 1617 1318 nobis
1635 1263 1791 1316 emendatio

96 1364 156 1398 sam
175 1348 313 1400 civitatem
334 1351 375 1401 ad
388 1348 565 1416 placandum
583 1349 738 1403 Dominum
763 1349 929 1417 compellen·
957 1350 1117 1401 uecemaria
1134 1349 1297 1417 videbatur,
1325 1351 1465 1417 quaedam
1485 1349 1621 1418 capitulo,
1640 1365 1712 1416 puae
1728 1348 1790 1399 sub-

96 1435 151 1500 do,
179 1433 250 1486 sicut
280 1433 392 1486 savivit
414 1435 526 1487 Darius
558 1434 667 1487 idolum
691 1436 881 1500 sranpendum
899 1434 929 1486 in
955 1440 998 1486 ter
1020 1435 1128 1487 inserta
1150 1443 1228 1498 sunt,
1257 1436 1347 1488 eidem
1372 1435 1495 1488 Domino
1519 1435 1687 1504 imperatori
1705 1451 1790 1504 prae·

92 1526 257 1586 potestatem
278 1519 397 1572 Danieli
416 1521 516 1572 dando
534 1527 560 1572 et
578 1520 705 1573 inimicos
723 1520 784 1588 ejsss
802 1520 929 1572 leonibus
955 1521 1093 1571 tentando
1110 1527 1137 1572 et
1164 1523 1206 1572 ad
1229 1521 1290 1589 ejus
1315 1520 1538 1588 sacratissimum
1555 1519 1699 1587 judicium
1718 1519 1791 1582 rese·

95 1606 264 1671 inperanda,
290 1606 362 1658 simet
376 1606 488 1658 servivit
509 1606 771 1659 Nabuchodonosor
790 1623 882 1658 omncs
899 1605 929 1657 in
954 1606 1046 1656 reuda
1065 1606 1270 1668 adnotavimus,
1290 1612 1424 1673 paena
1436 1605 1498 1672 ejus
1512 1605 1650 1674 prudenti
1665 1605 1790 1656 examine

95 1707 182 1760 repno
201 1709 251 1744 csso
267 1692 378 1759 positos
397 1709 416 1743 a
435 1691 655 1760 blasphemando
676 1695 740 1744 Deo
763 1692 823 1760 lepe
847 1691 929 1745 terri·
955 1705 997 1753 eo,
1017 1706 1088 1757 puae
1098 1691 1307 1744 rationabiliter
1320 1691 1499 1758 dcmevimus,
1515 1691 1721 1753 confirmentur,
1738 1691 1790 1743 sic·

97 1777 150 1829 bili
168 1780 334 1830 revocando.
370 1777 406 1829 In
430 1779 481 1831 boc
507 1794 572 1845 erpo
598 1779 721 1830 serviunt
741 1778 866 1830 Domino
885 1794 934 1831 ren
955 1776 1004 1827 ubi
1029 1776 1120 1829 minus
1144 1777 1265 1845 spinos,
1296 1777 1376 1829 illius
1400 1776 1543 1843 rapientia
1570 1775 1790 1844 suppleatur.**

96 1880 152 1931 pes,
169 1863 200 1914 in
217 1872 349 1931 quantum
368 1872 432 1917 sunt
448 1880 537 1933 repes,
554 1881 615 1916 cum
634 1881 667 1916 eo
682 1864 798 1928 faciunt
815 1865 857 1915 ad
872 1879 929 1915 ser·
957 1860 1121 1939 Leoepist.
1150 1869 1174 1918 9.
1201 1863 1237 1916 sd
1263 1860 1416 1915 Theodos.:
1444 1862 1505 1914 Pro
1535 1861 1695 1929 intepritate
1721 1862 1793 1925 fidei

96 1949 226 2001 mendum
252 1948 313 2016 illi,
342 1964 415 2017 puae
437 1966 494 2001 non
513 1956 632 2017 possunt
655 1949 753 2011 facem
777 1949 835 2001 nisi
850 1965 930 2016 repes
959 1947 1231 2001 Christianusimum
1241 1948 1401 2017 principem
1419 1947 1545 2000 convenit
1567 1964 1624 2000 esse
1642 1948 1790 2000 solicitum.

97 2044 150 2090 etc.
183 2035 376 2108 'Posteaquam
393 2036 484 2102 coepit
499 2034 620 2102 impleri,
638 2035 863 2103 puodscmptum
875 2043 930 2088 cstz
956 2031 1045 2102 Epist.
1066 2037 1111 2087 12:
1132 2034 1273 2094 Quantum
1290 2034 1373 2086 rebus
1384 2033 1514 2086 numanis
1531 2032 1676 2086 consulere
1694 2034 1791 2085 divina

97 2123 136 2173 Et
153 2121 313 2174 adorabant
331 2137 391 2174 eum
411 2136 504 2173 omnes
521 2137 601 2187 repes
624 2128 726 2188 terrae,
753 2136 847 2174 onsnes
865 2136 930 2188 pen·
952 2118 1135 2186 providentia
1155 2120 1302 2187 dipnetur,
1329 2118 1482 2172 solicitudo
1506 2119 1665 2172 clementiae
1682 2126 1791 2171 vestras

96 2216 135 2260 tes
152 2208 271 2260 servient
291 2206 338 2260 illi
345 2222 353 2274 3
378 2207 440 2273 puis
469 2213 557 2259 mente
576 2207 687 2259 sobrius
708 2207 819 2272 rapitur
837 2206 929 2260 duat:
958 2203 1069 2272 Spiritu
1088 2206 1148 2257 Dei
1165 2206 1285 2258 incitata
1304 2207 1483 2273 demonstrat,
1501 2221 1573 2272 puae
1590 2205 1621 2256 ia
1641 2203 1790 2257 Cotbolica

98 2293 195 2346 Nolite
213 2309 314 2345 auare
338 2292 368 2344 in
386 2309 472 2360 repno
498 2300 601 2361 oestro,
632 2311 651 2344 a
676 2310 731 2360 pua
757 2298 869 2344 tueatur
887 2290 930 2343 vel
956 2289 1073 2342 ecclesio
1091 2290 1163 2342 nibil
1181 2291 1365 2360 impacatum,
1388 2290 1461 2342 nibil
1485 2290 1544 2342 vult
1565 2307 1623 2343 esse
1642 2292 1791 2357 diversum,

97 2386 273 2447 oppupnetur
291 2378 409 2431 ecclesia
423 2379 543 2431 Domini
559 2379 653 2445 vestri,
675 2396 731 2431 non
750 2379 791 2431 ad
806 2395 855 2429 vos
862 2393 929 2445 pcr-
955 2377 1088 2443 quoniam
1107 2379 1185 2442 (ida,
1202 2394 1274 2446 puae
1292 2397 1348 2431 non
1366 2379 1424 2431 nisi
1441 2394 1499 2430 una
1518 2383 1572 2443 est,
1588 2377 1617 2428 in
1633 2378 1713 2431 nullo
1728 2384 1791 2445 pot·

99 2467 185 2517 lineat
205 2467 236 2517 in
253 2481 339 2533 repno
358 2472 465 2528 vestra·
492 2465 556 2531 puis
575 2464 644 2516 velit
663 2480 722 2516 esse
739 2465 797 2517 sive
816 2463 930 2531 relipio·
956 2469 995 2514 est
1008 2479 1066 2515 csse
1084 2465 1130 2516 sui
1146 2465 1302 2518 dissimilis.
1339 2465 1427 2534 Epist
1446 2463 1635 2519 75.de0011.
1656 2463 1789 2534 August:

96 2569 152 2618 sus,
169 2550 226 2601 sive
239 2549 402 2618 merdepas,
420 2549 518 2617 puibus
536 2549 596 2601 dici
615 2566 670 2602 non
684 2557 792 2616 potest:
816 2566 872 2602 non
889 2550 931 2601 od
957 2548 1049 2600 Debes
1067 2549 1221 2618 imperator
1241 2550 1432 2603 incunctanter
1447 2552 1601 2615 advertere,
1618 2550 1725 2616 sepiam
1738 2565 1791 2618 po·

96 2654 145 2689 oos
157 2637 301 2705 pertineat
319 2636 349 2687 in
362 2651 448 2701 repno
461 2642 562 2702 vestro,
576 2635 717 2702 quisvelit
725 2636 931 2704 podiensem,
956 2641 1083 2687 testatem
1112 2636 1165 2688 libi
1189 2654 1245 2689 non
1271 2637 1362 2690 solum
1387 2638 1428 2688 ad
1453 2637 1553 2689 mundi
1575 2636 1713 2703 repirnen,
1741 2635 1793 2688 sed

97 2722 159 2789 puis
177 2721 336 2791 impediare
354 2721 433 2772 esse!
461 2718 530 2772 cun
555 2721 627 2772 enim
654 2722 751 2772 &tum
769 2721 806 2773 sit
825 2719 932 2773 bomini
956 2720 1075 2772 manime
1105 2722 1146 2771 ad
1173 2720 1307 2773 eccleciae
1342 2721 1519 2788 praesidium
1555 2738 1615 2774 esse
1649 2720 1790 2774 collatam.

97 2807 216 2859 liberum
235 2806 390 2868 arbitrium,
416 2822 467 2857 cur
486 2805 630 2858 adulteria
650 2805 757 2872 lepibus
773 2807 931 2875 puniantur
956 2821 980 2860 e.
999 2805 1077 2859 Boni.
1097 2805 1161 2858 dist.
1178 2811 1220 2860 96.
1238 2821 1272 2858 ex
1284 2805 1430 2859 Marcello:
1450 2807 1528 2858 Boni
1541 2807 1684 2874 princepis
1702 2813 1742 2858 est
1756 2822 1790 2857 ac

98 2902 123 2945 et
149 2893 302 2959 sacrilepia
320 2891 547 2960 permittantur!
577 2908 615 2943 an
626 2893 716 2959 fidem
742 2909 798 2945 non
816 2906 929 2943 servare
955 2890 1083 2957 relipiosi
1099 2892 1234 2944 eccleciae
1254 2894 1391 2944 contritas
1411 2898 1492 2959 atque
1508 2893 1664 2944 conscissas
1682 2899 1791 2944 restau-

97 2978 185 3030 levius
202 2986 241 3030 est
262 2978 387 3030 animam
400 2978 464 3030 Deo
482 2993 566 3044 quam
583 2977 720 3037 feminam
737 2976 819 3029 viro!
836 2984 886 3029 aut
905 2976 932 3027 si
956 2993 1022 3028 rore
1039 2994 1179 3046 novaque
1199 2978 1352 3042 aedificare
1364 2985 1391 3030 et
1405 2978 1463 3030 Dei
1472 2979 1633 3030 sacadotss
1651 2979 1792 3030 bonorare

97 3080 145 3129 ea,
176 3079 249 3131 puae
266 3080 322 3115 non
342 3069 496 3129 contemtu,
523 3064 576 3114 sed
593 3063 755 3129 ipnorontio
781 3061 929 3129 relipionis
956 3080 990 3115 ac
1009 3063 1090 3117 tueri.
1104 3080 1127 3117 c.
1145 3061 1289 3132 Principes
1301 3067 1352 3117 etc.
1367 3067 1408 3116 23.
1430 3080 1457 3133 q.
1476 3069 1500 3116 5.
1519 3079 1552 3117 ex
1572 3061 1678 3116 Isidoro
1697 3061 1744 3117 lib.
1764 3068 1790 3118 3.

97 3150 317 3216 committuntur,
349 3148 445 3200 mitim
476 3147 670 3214 vendicanda,
701 3147 839 3216 numquid
865 3147 929 3199 isleo
956 3154 1026 3202 sent.
1043 3165 1104 3218 esp.
1125 3155 1172 3203 53:
1201 3149 1350 3218 Principes
1373 3149 1463 3202 seculi
1492 3166 1690 3216 nonnmspuam
1714 3149 1791 3202 intra

97 3234 266 3301 neplipenda
283 3234 367 3286 sum?
386 3231 434 3284 lib.
454 3237 478 3286 3,
503 3238 601 3287 contre
618 3232 746 3288 Crescon.
771 3230 930 3302 grammati·
957 3235 1103 3288 ecclesiam
1120 3236 1269 3303 potcstatis
1288 3237 1409 3303 adeptae
1431 3234 1554 3288 culmina
1571 3242 1671 3296 tenent,
1688 3242 1719 3285 ut
1735 3250 1791 3301 per

96 3335 159 3371 cum
176 3335 236 3387 cap.
256 3325 301 3373 51:
321 3320 358 3371 In
377 3318 428 3370 boc
441 3334 527 3385 repes,
547 3318 620 3371 siant
639 3319 678 3371 eis
693 3318 828 3371 divinitus
842 3334 929 3385 prae-
956 3323 1075 3374 eandem
1092 3329 1260 3389 potestatem
1285 3321 1465 3390 disciplinam
1492 3319 1709 3374 ecclesiaticam
1732 3337 1790 3371 ma·

97 3406 212 3474 cipitur,
231 3407 295 3457 Deo
313 3405 444 3466 serviunt,
463 3405 493 3455 in
511 3412 643 3471 quantam
660 3421 741 3472 repes
759 3412 836 3469 sunt,
854 3403 880 3456 si
899 3405 929 3456 in
955 3407 1045 3460 niant.
1083 3407 1210 3460 Ceterum
1240 3407 1319 3459 intra
1346 3407 1490 3460 ecclesiam
1514 3414 1670 3475 potestates
1697 3420 1789 3458 neces·

97 3509 147 3543 seso
164 3508 250 3559 repno
272 3491 344 3543 bona
355 3490 490 3557 jubeant,
518 3489 596 3541 mala
610 3489 794 3559 prohibeant,
812 3509 868 3545 non
885 3505 929 3544 so·
954 3494 1050 3547 samoe
1072 3510 1128 3546 non
1150 3500 1253 3561 essent,
1289 3493 1348 3545 nisi
1375 3500 1417 3560 ut,
1449 3494 1526 3561 quod
1551 3510 1607 3544 non
1622 3492 1791 3559 maevabent

96 3577 153 3630 lum
172 3594 243 3645 quae
259 3575 399 3645 pertinent
416 3577 458 3628 ad
475 3576 625 3628 humanam
640 3576 811 3641 societatem,
835 3594 929 3631 verum
955 3583 1115 3632 sacerdotes
1130 3581 1242 3647 efficere
1250 3596 1306 3647 per
1323 3581 1469 3633 doetrinae
1486 3595 1649 3647 sermonem,
1663 3586 1791 3648 potestas

96 3664 180 3715 etiam
206 3679 278 3730 quac
303 3664 344 3714 ad
370 3662 495 3715 divinam
517 3662 690 3730 relipionem.
715 3668 825 3717 tractet.
852 3668 877 3720 2.
900 3663 929 3716 in
956 3665 1008 3718 boc
1034 3666 1151 3733 imperet
1167 3681 1229 3733 per
1254 3665 1426 3732 disciplinae
1449 3672 1590 3718 terrorem.
1629 3665 1721 3732 Saepe
1736 3681 1791 3735 per

96 3747 200 3802 bohun:
240 3749 389 3802 Mirantur
415 3746 612 3817 (Donatistae),
638 3750 706 3818 quia
727 3757 929 3803 commoventur
956 3767 1072 3820 repnum
1090 3759 1229 3804 terrentem
1246 3750 1365 3805 coeleste
1388 3766 1505 3820 repnum
1526 3751 1658 3819 proficit,
1687 3758 1717 3803 ut
1742 3751 1793 3820 qui

93 3843 245 3902 potestates
259 3834 438 3888 Christianae
456 3838 592 3888 moerens
611 3836 790 3889 detestandos
806 3836 928 3904 dissipa·
955 3837 1031 3890 intra
1050 3837 1195 3889 ecclesiam
1213 3838 1303 3906 positi
1324 3845 1423 3891 contra
1447 3838 1530 3902 fidem
1557 3844 1583 3888 ct
1609 3837 1790 3904 disciplinans

96 3929 171 3972 tores
190 3921 339 3989 ecclcsiae,·
366 3921 394 3972 si
410 3937 467 3973 non
484 3937 551 3989 erpo
572 3929 766 3986 moverentur,
791 3923 929 3990 quomodo
956 3931 1058 3991 apunt,
1080 3923 1175 3990 ripere
1192 3923 1356 3995 principum
1379 3930 1559 3976 conterantur
1583 3923 1729 3992 ipsamque
1748 3924 1791 3977 di·

96 4007 458 4060 redderentrotioucmde
477 4007 666 4076 imperiosus
685 4010 769 4060 Deo!
795 4009 930 4061 Intendat
956 4008 1114 4077 sciplinam,
1133 4025 1217 4076 quam
1228 4008 1339 4061 utilitas
1351 4009 1485 4062 ecclcsiae
1502 4025 1629 4063 exercere
1640 4027 1696 4063 non
1705 4027 1790 4080 prae-

97 4094 205 4145 caritas
226 4101 330 4157 vestra,
357 4093 427 4160 pisid
453 4093 560 4160 dicam,
585 4093 653 4161 puio
674 4095 796 4163 pertinet
821 4096 873 4147 boc
891 4097 932 4147 ad
956 4094 1044 4158 valet,
1074 4093 1226 4147 cervicibus
1255 4093 1438 4162 superborum
1461 4094 1589 4163 potestas
1618 4096 1791 4165 principalis

96 4196 177 4248 repes
189 4180 279 4232 seculi
290 4177 474 4247 Christianos,
492 4186 523 4230 ut
535 4180 704 4248 temporibus
721 4181 780 4232 atis
794 4189 930 4249 pacatam
957 4180 1081 4249 imponat
1101 4187 1126 4232 et
1145 4187 1175 4232 ut
1192 4179 1398 4232 venerationem
1411 4177 1570 4249 'mereatur,
1598 4183 1725 4234 virtutem
1739 4198 1791 4249 po·

95 4267 181 4319 velint
200 4273 318 4319 matrem
337 4283 417 4318 suam
429 4267 575 4319 ecclesiam
592 4266 701 4330 babere,
721 4269 795 4320 uncle
816 4268 928 4335 spiritu·
957 4268 1064 4320 testatis
1081 4266 1267 4334 impertiatur.
1305 4263 1481 4334 Copnoscant
1495 4268 1675 4335 principales
1694 4266 1790 4330 seculi,

97 4354 182 4406 aliter
213 4354 275 4405 nati
305 4360 375 4406 ssent.
407 4352 455 4408 lib.
486 4358 509 4408 2.
544 4359 641 4408 contra
669 4353 748 4423 epist.
777 4353 929 4408 Gaudentii
956 4369 985 4404 se
1014 4354 1077 4404 Deo
1108 4351 1207 4404 debere
1234 4367 1292 4403 esse
1318 4352 1483 4405 reddituros
1512 4353 1649 4406 rationem
1672 4358 1790 4420 propter

95 4422 156 4508 cap.
176 4445 217 4493 26.
252 4440 302 4491 Ad
324 4441 480 4492 docendum
500 4439 636 4508 populum
656 4440 750 4492 Israi'l
772 4439 930 4509 (scripserat
957 4438 1112 4504 ecclesiam,
1125 4453 1239 4504 quamn
1252 4436 1363 4490 Obristo
1378 4439 1511 4489 tuendam
1526 4436 1689 4504 adripiunt.
1714 4436 1790 4488 Nam

96 4524 273 4579 Gaudentius
297 4523 457 4591 Donatista)
485 4525 657 4593 omnipsotens
678 4526 757 4578 Deus
781 4525 929 4595 prophetis
955 4524 1013 4575 sive
1032 4529 1170 4591 aupeatur
1185 4538 1245 4590 pan
1264 4530 1291 4575 et
1307 4523 1461 4591 disciplina
1489 4522 1621 4576 ecclesiae
1642 4539 1697 4591 per
1722 4524 1791 4587 sidc-

93 4611 276 4678 praeeonium
297 4611 392 4678 dedet,
411 4629 466 4664 non
485 4611 598 4680 repibus
617 4611 778 4679 imperavit;
803 4611 930 4664 salvator
955 4611 998 4664 les
1019 4608 1184 4677 principes,
1214 4609 1272 4662 sive
1297 4610 1437 4677 solvatur,
1464 4609 1514 4663 ille
1540 4609 1576 4661 ab
1593 4609 1634 4660 cis
1652 4609 1790 4662 rationem

95 4697 254 4749 animarum
266 4697 406 4750 Dominus
424 4695 552 4751 Christus
571 4699 612 4751 ad
627 4698 827 4750 insinuandam
846 4697 929 4760 tidem
956 4693 1048 4763 eripit,
1067 4694 1117 4761 qui
1135 4710 1230 4746 comem
1246 4696 1383 4764 potestati
1397 4713 1477 4748 mom
1494 4694 1639 4747 ecclesiam
1657 4695 1790 4748 tradidit.

92 4783 268 4850 piscatores,
296 4799 351 4835 non
370 4783 473 4836 milites
497 4784 580 4838 irrisit.
616 4782 777 4853 Respondet
793 4780 928 4851 Augusti·
956 4798 980 4836 c.
1000 4779 1246 4834 Administretores
1266 4786 1317 4834 etc.
1336 4797 1410 4834 esus.
1431 4787 1459 4835 et
1475 4785 1580 4849 queat.
1598 4779 1710 4834 iisdem:
1728 4783 1790 4834 Aa·

10 4887 32 4929 v,
47 4887 81 4929 ω,
96 4884 155 4935 nus,
174 4869 215 4919 ad
228 4885 325 4920 curam
341 4869 416 4936 repis
425 4869 607 4937 pertinuisse,
625 4876 656 4922 ut
672 4868 816 4922 Ninivitas
835 4869 929 4920 Deum
957 4867 1165 4920 ministratores
1182 4866 1353 4919 secularium
1370 4865 1539 4933 dipnitatum
1557 4867 1598 4919 ad
1608 4867 1790 4920 ecclesiarum

93 4954 256 5022 placarent,
277 4954 368 5021 'cujus
386 4954 460 5007 iram
475 4955 616 5022 propbeta
641 4954 871 5020 annuntiaverat,
901 4957 930 5007 et
955 4952 1100 5008 tuitionem
1117 4952 1261 5006 comtitati
1278 4969 1336 5005 csse
1357 4951 1462 5004 debent.
1491 4950 1556 5006 Huc
1575 4952 1671 5007 referri
1689 4959 1790 5023 potest,

96 5038 187 5093 addit:
216 5039 358 5101 Quamdiu
388 5058 436 5092 vos
460 5057 517 5092 non
540 5039 638 5092 tenetis
659 5039 818 5102 artesiam,
845 5056 927 5106 quam
956 5038 1032 5111 quod
1051 5043 1153 5093 elector
1168 5037 1340 5090 Trevirensis
1358 5037 1388 5089 in
1406 5036 1790 5093 desponsationum

91 5127 361 5194 praenuntiaverunt
375 5127 549 5194 piscatores,
575 5125 700 5193 apostoli
718 5125 929 5194 plantaverunt,
958 5131 1032 5180 1519.
1052 5123 1129 5187 dixit,
1147 5130 1249 5175 statum
1266 5121 1436 5191 reipublicae
1450 5125 1617 5177 desiderare
1634 5125 1719 5176 mlem
1739 5124 1790 5176 im·

95 5210 206 5263 tamdiu
225 5228 321 5279 repes,
345 5212 395 5279 qui
413 5227 474 5262 eam
492 5217 596 5276 tenent,
615 5208 768 5263 rectissime
788 5213 829 5262 ad
848 5228 928 5263 suam
953 5217 1128 5280 peratorem,
1155 5209 1204 5276 qui
1216 5215 1335 5276 praeter
1361 5208 1423 5261 alia
1448 5210 1598 5262 conutituat
1622 5217 1649 5261 et
1666 5211 1789 5263 easendet

95 5314 192 5348 curam
205 5297 340 5365 judicant
354 5297 509 5366 pertinere,
533 5312 568 5348 ne
584 5313 633 5348 vos
653 5298 788 5348 adversus
807 5313 868 5349 eom
886 5314 928 5350 rc·
955 5296 1127 5364 reipublicae
1147 5302 1259 5362 statum,
1279 5293 1352 5364 quod
1369 5303 1398 5350 et
1416 5294 1597 5366 Moguntinns
1615 5294 1718 5348 elector
1741 5293 1790 5348 ed·

96 5382 205 5435 bellatis
227 5384 347 5452 impunc.
387 5384 464 5435 Nam
482 5383 562 5433 Deus
582 5388 609 5434 et
633 5396 714 5448 repes
735 5381 831 5436 babuit
855 5384 929 5437 inter
958 5381 1072 5435 monuit.
1111 5379 1257 5436 Sleidnnus
1277 5379 1323 5434 lib.
1348 5387 1369 5436 1.
1392 5380 1527 5437 commi.
1551 5386 1591 5436 14,
1611 5377 1695 5434 Anno
1718 5385 1791 5437 1519.
