4006 6022
669 360 721 417 DE
740 358 994 418 cremamur
1011 312 1205 422 maltuco.
1699 376 1760 434 eet

57 513 244 568 occlusurum
278 515 389 568 redum
423 534 453 568 sss
486 516 553 583 pios
591 523 670 569 eetrss
701 524 727 568 st
759 533 899 584 personas
925 515 1049 569 vultures
1067 515 1116 584 illi,
1134 519 1183 586 qui
1200 518 1274 573 bona
1292 519 1481 574 ecclesiastica
1498 538 1548 591 per
1567 521 1622 574 vim
1639 521 1761 591 rapiunt,

57 616 122 654 uere
150 608 259 669 rpentes
287 618 341 669 per
368 602 553 669 patriarches
589 609 614 654 et
650 619 811 656 oeconomos
840 618 900 655 ero·
926 600 1022 654 eadem
1042 619 1098 657 non
1112 604 1265 672 commodo,
1283 605 1332 659 sed
1358 604 1442 660 exitio
1461 606 1513 660 sibi
1539 606 1598 660 fore
1619 605 1760 673 experien·
1808 596 1814 603 ”

57 688 180 754 pandos.
216 685 292 741 Ante
318 686 484 742 Pasehslem
515 686 553 741 II.
577 693 634 742 tam
663 686 786 758 episcopi
816 704 898 757 quam
926 689 978 738 tur.
1014 686 1173 743 Psasdones
1197 688 1238 742 illi
1265 688 1400 744 bonorum
1418 690 1668 746 ecclesiasticorum
1685 693 1760 745 recte
1780 713 1792 730 ·

58 770 159 842 reliqui
179 771 273 826 cleriei
292 771 415 842 exceptis
443 773 566 827 diaconis
592 772 768 843 praediorum
787 789 854 827 curs
873 778 902 827 et
926 771 1106 827 conferuntur
1124 773 1267 842 militibus,
1287 775 1336 846 qui
1356 774 1465 831 Christe
1486 776 1652 831 vestimenta
1669 775 1759 830 detra·

57 857 196 926 pecuniae
206 857 372 912 tractatione
387 857 568 912 contaminari
579 875 610 912 se
621 858 826 929 quodammodo
839 856 901 923 rati,
926 865 1038 922 xerunt,
1057 876 1128 928 quae
1146 859 1194 929 pia
1211 859 1329 914 aliorum
1348 859 1532 916 beneficentia
1558 861 1611 931 ipsi
1630 861 1759 929 dederat;

59 941 97 996 ab
118 957 153 996 ea
173 958 285 1012 prorsus
301 939 482 998 abstinebant
500 960 534 997 ae
545 943 630 997 sacris
649 942 784 997 duntaxat
801 927 966 997 intenulsic
991 943 1063 998 bona
1087 945 1221 1000 ecelesiae
1244 962 1262 1000 a
1279 946 1332 1016 piis
1357 946 1508 1017 majoribus
1531 946 1645 1015 collata,
1672 946 1712 1000 illi
1730 945 1759 1000 in

57 1034 155 1096 erunt,
192 1027 331 1083 redituum
359 1033 452 1082 autern
492 1027 599 1083 exactio
630 1035 658 1082 et
696 1027 900 1082 administratio
925 1027 1046 1096 privates
1073 1047 1140 1083 usus
1166 1037 1331 1086 convertunt
1359 1038 1388 1086 et
1411 1031 1551 1086 Christum
1577 1031 1605 1085 in
1627 1031 1758 1086 membris

58 1112 171 1167 cuidam
192 1130 225 1168 ex
244 1114 322 1168 laicis
342 1113 571 1181 demandabatur,
590 1114 669 1184 isque
686 1114 723 1169 ab
734 1116 900 1184 imperatore
925 1112 983 1166 auis
1002 1114 1108 1168 nudum
1127 1116 1293 1188 relinquunt.
1338 1116 1442 1181 Quodsi
1460 1117 1640 1187 magistratus
1657 1116 1758 1186 aliquis

60 1199 160 1254 aliisve
179 1198 352 1270 principibus
371 1200 573 1270 postulabatur,
592 1216 610 1253 a
630 1216 685 1270 quo
704 1199 837 1254 ecclesiae
848 1198 898 1252 mi·
924 1197 1032 1252 iuliani
1052 1201 1145 1269 potius
1165 1219 1249 1271 quam
1268 1202 1443 1258 Constantini
1462 1217 1605 1256 successor
1623 1200 1697 1256 bona
1714 1216 1758 1255 ee·

59 1282 141 1337 nistm
165 1282 198 1338 ιὰ
219 1283 330 1351 semesi
356 1285 522 1355 acciperent,
549 1284 621 1340 sicut
645 1292 673 1339 et
695 1301 755 1340 cau.
773 1290 815 1341 26.
834 1301 897 1339 con·
924 1281 1080 1338 clesiastica
1097 1285 1149 1340 sibi
1169 1287 1311 1350 vendicet,
1336 1287 1469 1343 ecclesiae
1496 1286 1621 1342 minister
1636 1285 1759 1357 graviter

59 1368 118 1422 cilii
132 1369 365 1426 Chalcedonensis
384 1371 573 1439 coustitutum,
590 1378 622 1423 ut
633 1371 767 1440 episcopi,
787 1372 816 1423 in
835 1370 897 1424 icio-
923 1366 1014 1435 ipsum
1033 1378 1217 1436 commoneat,
1247 1389 1337 1443 neque
1359 1378 1453 1428 tamen
1471 1373 1627 1444 praefracte
1646 1379 1674 1426 et
1692 1388 1757 1426 oon-

59 1471 128 1509 ncos
152 1457 362 1524 dispensatores
384 1458 505 1510 istarum
530 1474 626 1510 rerum
651 1456 896 1509 administratione
923 1453 1086 1524 tenaciter,
1114 1457 1200 1512 multo
1226 1458 1318 1511 minus
1336 1459 1471 1514 violenter
1490 1465 1517 1519 et
1542 1458 1672 1513 seditiose
1690 1457 1756 1514 resi·

57 1542 173 1609 rejectu,
193 1542 305 1602 ipsimet
322 1542 358 1595 ob
375 1559 410 1595 sa
429 1542 605 1596 obsecrent.
923 1543 987 1603 stat,
1005 1540 1053 1593 sed
1072 1539 1205 1598 ecclesiae
1224 1543 1456 1613 tranquillitatem
1475 1550 1504 1598 et
1519 1559 1601 1598 verae
1613 1542 1755 1614 religionis

97 1635 153 1684 191.
190 1628 269 1683 Boua
288 1627 338 1681 illa
356 1628 544 1682 ecelesiastica
561 1644 594 1682 ac
610 1627 696 1682 annui
720 1626 827 1682 reditus
852 1643 895 1680 sa·
922 1625 1155 1683 conservationem
1171 1629 1285 1697 Jactura
1303 1629 1440 1684 fluxarum
1457 1630 1571 1684 istarum
1590 1645 1681 1683 rerum
1700 1644 1756 1682 non

10 1699 35 1728 ⁰'
56 1714 112 1768 cris
143 1714 238 1771 usibus
269 1714 399 1769 destinati
426 1714 501 1768 circa
517 1731 628 1782 ¹annum
654 1713 757 1769 Christi
782 1719 841 1768 470.
865 1712 893 1765 in
922 1707 1009 1763 solum
1038 1711 1129 1780 licite,
1157 1713 1207 1766 sed
1230 1720 1258 1768 et
1282 1713 1461 1769 laudabiliter
1485 1714 1584 1769 redimi
1609 1714 1754 1769 existimet.

10 1793 178 1882 {quatuor
201 1807 295 1871 partes
323 1800 410 1854 dividi
436 1806 599 1870 coeperant,
628 1800 735 1870 primus
755 1798 895 1868 quadram
922 1793 1033 1849 Etenim
1060 1799 1084 1852 si
1110 1797 1245 1854 Ezechias
1254 1804 1329 1854 recte
1357 1799 1440 1867 fecit,
1460 1802 1538 1871 quod
1561 1817 1640 1854 omne
1657 1817 1757 1870 arpen·

57 1888 199 1956 episcopo,
220 1885 384 1954 alterolero,
402 1887 499 1941 tertius
512 1886 623 1941 aedium
637 1902 778 1940 metarum
790 1889 895 1939 matru-
921 1886 978 1933 tum
1002 1883 1033 1936 in
1058 1885 1159 1954 templo
1177 1886 1298 1940 Domini
1319 1895 1459 1955 repertum
1483 1895 1510 1940 st
1533 1885 1655 1939 lominus
1682 1885 1757 1947 ouri,

57 1971 143 2026 ctioui
162 1988 196 2026 ao
213 1971 389 2042 reparationi,
409 1977 526 2042 quartus
537 1987 694 2042 pauperum
711 1969 895 2043 eleemosynis
921 1982 992 2033 oute
1011 1969 1072 2037 ipre
1092 1971 1236 2040 afficeret,
1256 1973 1319 2040 rapi
1335 1973 1525 2040 Assyriorum,
1545 1989 1563 2026 a
1579 1989 1634 2043 quo
1652 1971 1756 2029 bellurn

56 2056 194 2125 cedebat3
218 2058 253 2112 de
275 2074 332 2128 qua
350 2056 546 2112 distributione
565 2055 772 2127 quadripartite
788 2052 896 2131 aliquot
920 2053 1099 2109 metuendum
1119 2061 1188 2119 01⁸⁸,
1205 2057 1283 2111 mt'tt'i
1306 2065 1332 2111 ti
1348 2074 1451 2126 paoem
1464 2058 1615 2127 politicam
1632 2059 1687 2112 hav
1705 2074 1756 2112 ra·

57 2141 237 2197 conciliorum
266 2158 385 2198 canones
416 2146 534 2197 exstant.
583 2141 732 2207 Quadraus
763 2138 895 2212 episeopo
921 2137 1210 2211 miscuisses.
1231 2146 1278 2209 18,
1300 2158 1326 2196 v.
1357 2148 1396 2198 15.
1420 2149 1524 2214 quanto
1546 2142 1638 2197 minus
1655 2141 1756 2211 impro-

57 2227 214 2283 destinatus
231 2244 288 2283 non
306 2227 393 2298 ipsius
412 2228 501 2282 solum
525 2227 718 2282 sustentationi
742 2220 893 2281 sulutem-
922 2221 983 2276 bari
1002 2230 1106 2293 potest,
1133 2226 1156 2280 si
1185 2226 1310 2282 minister
1336 2226 1471 2282 ecelesiae
1489 2226 1664 2297 magtsesmi
1683 2226 1757 2287 bons

55 2321 112 2383 tur,
131 2314 180 2369 sed
199 2313 282 2369 etiam
293 2313 460 2373 redimendis
478 2313 515 2368 ob
533 2313 677 2385 religionis
694 2309 894 2383 professionem
923 2307 1115 2381 ecelesiastica
1131 2327 1182 2381 per
1197 2312 1256 2365 rim
1273 2313 1310 2367 ad
1334 2328 1364 2367 se
1389 2312 1509 2382 rapienti
1536 2327 1687 2383 omnesque
1707 2311 1755 2366 ad·

56 2399 190 2470 captivis,
213 2399 334 2470 hospitio
358 2398 528 2468 excipiendis
558 2398 661 2454 Christi
689 2397 830 2453 exsulibus
865 2400 894 2450 et
921 2392 1085 2449 monitiones
1104 2397 1224 2467 superbe
1242 2396 1428 2452 contemnenti
1445 2397 1542 2452 eadem
1562 2397 1755 2461 consedeant

56 2485 229 2541 exercendae
247 2501 315 2554 erga
331 2484 440 2555 indigos
458 2483 658 2540 beneficentiae
677 2483 802 2538 cedebat.
839 2479 893 2538 Ge·
921 2478 1053 2534 eeclesiae
1080 2497 1148 2536 auae
1172 2498 1270 2552 pacem
1298 2490 1326 2537 et
1352 2482 1584 2553 tranquillitatem
1616 2489 1753 2554 procuret.

10 2573 43 2615 ἢ
56 2569 144 2624 larius
164 2570 192 2624 in
210 2569 328 2640 epistola
344 2570 380 2624 ad
397 2570 501 2623 clerum
519 2575 548 2624 et
567 2569 677 2641 plebem
695 2567 846 2624 Brundusii
865 2573 894 2620 et
919 2562 1075 2621 Prudenter
1101 2567 1188 2638 igitur
1214 2567 1433 2638 dispiciendum,
1466 2569 1579 2639 quando
1607 2569 1755 2625 conveniat

55 2655 399 2711 citaturc.(loncessoete.
419 2670 495 2709 cene.
512 2660 553 2712 12.
566 2673 593 2726 q.
609 2660 634 2712 2.
658 2655 796 2711 Concesso
807 2653 892 2721 solu,
919 2649 1021 2706 imitari
1040 2652 1196 2723 exemplum
1215 2655 1366 2708 Laurentii
1381 2657 1516 2723 martyris
1535 2653 1624 2710 Decio
1634 2661 1754 2725 tyranno

55 2759 140 2810 quem
157 2742 292 2811 petiistis,
317 2741 441 2794 antistite
459 2741 581 2795 Juliono
600 2745 652 2795 etc.
677 2740 788 2795 reditus
804 2746 831 2793 et
847 2739 892 2792 ob·
919 2752 1029 2792 eaerum
1040 2736 1202 2794 thesaurum
1215 2740 1388 2812 denegantis,
1401 2741 1513 2810 quando
1527 2756 1592 2795 vero
1604 2740 1756 2811 depactissi

54 2829 178 2881 leticum
190 2827 364 2897 fideliums'n
380 2834 500 2895 qustum
514 2832 616 2896 pastu
633 2826 752 2891 dividet,
772 2842 893 2895 qums-usa
912 2820 1030 2877 'tabulas
1047 2823 1211 2895 donatorum
1242 2825 1375 2881 ecclesiae
1399 2841 1529 2897 agruim
1556 2827 1682 2883 donatori
1706 2842 1753 2882 eas

57 2931 143 2968 sanam
161 2913 219 2966 sibi
234 2913 366 2978 retineat,
392 2911 514 2964 sumum
530 2911 642 2967 clericis
656 2929 714 2981 pro
735 2910 893 2977 officiorum
918 2910 1074 2978 reposcenti
1094 2909 1272 2967 restituentis.
1309 2911 1476 2967 Posidonius
1494 2913 1523 2967 in
1548 2911 1607 2967 rita
1631 2912 1754 2984 August.

54 3017 171 3053 mserum
189 2997 512 3060 seuuemedissnbum
528 2997 653 3061 fabricis
670 2997 789 3063 tertium,
807 3013 893 3065 qssur·
919 3011 980 3065 eap.
998 3001 1042 3053 24.

55 3095 114 3140 tum
127 3083 303 3156 pauperibus
325 3091 352 3137 ct
370 3083 532 3152 percusistis
557 3083 658 3136 habeut
682 3082 811 3152 fideliter
832 3098 892 3136 ero·
956 3086 1012 3137 193.
1040 3087 1064 3138 t.
1084 3082 1232 3137 Ecclesiae
1251 3085 1397 3152 respectio.
1424 3082 1495 3138 Cum
1515 3083 1589 3138 enim
1608 3084 1753 3156 magistra·
1766 3077 1880 3171 *3¹2¹*

55 3173 191 3240 pandum.
230 3167 304 3224 Vide
321 3167 390 3223 ibid.
409 3168 437 3220 in
455 3166 527 3222 hanc
540 3166 704 3223 sententiam
722 3184 783 3238 cap.
803 3168 892 3237 plura.
918 3167 959 3223 tui
980 3184 1063 3223 curae
1089 3183 1149 3224 esse
1172 3167 1287 3236 debeat,
1313 3175 1345 3224 ut
1368 3185 1436 3224 vera
1460 3168 1558 3241 religio
1579 3186 1612 3224 sc
1629 3171 1753 3226 sincerus
1766 3138 1878 3231 {saquis-

56 3255 180 3312 Pulchre
196 3255 361 3310 Ambrosius
379 3252 427 3308 lib.
448 3259 470 3308 2.
491 3253 526 3308 de
545 3251 646 3307 officiis
663 3270 688 3309 c.
709 3258 757 3309 te:
783 3254 893 3306 Aurum
918 3254 971 3308 Dei
990 3254 1079 3309 cultus
1098 3255 1127 3308 in
1146 3255 1249 3325 populo
1266 3255 1369 3326 vigeat,
1387 3257 1484 3327 utique
1503 3255 1586 3310 etiam
1607 3255 1753 3327 diligenter
1766 3233 1900 3333 mm...

55 3343 175 3397 meleu
193 3341 289 3405 belm,
307 3357 364 3394 noss
380 3347 411 3392 ut
429 3348 531 3406 seruet,
558 3341 611 3392 sesi
627 3347 658 3392 ut
675 3346 769 3409 crepet
787 3347 812 3392 et
831 3339 892 3392 sub·
918 3340 1063 3410 providere
1088 3340 1187 3406 debet,
1215 3349 1248 3396 ut
1269 3341 1387 3396 ministri
1411 3341 1544 3397 ecclesiae
1571 3357 1652 3395 suum
1677 3347 1753 3396 recte

55 3430 151 3483 oeniot
172 3427 202 3480 in
219 3425 436 3481 necmitstibus.
465 3424 544 3487 Quid
562 3424 797 3494 opuscustodire,
816 3426 893 3493 quod
918 3424 1024 3479 faciant
1051 3424 1189 3490 officium,
1218 3431 1250 3480 ut
1280 3426 1419 3481 auditores
1449 3425 1573 3482 debitam
1600 3424 1753 3481 ministerio

56 3514 129 3567 nitri
149 3514 270 3581 adjuret
291 3510 364 3567 etc?
398 3511 475 3580 Opus
493 3518 547 3573 est,
572 3517 603 3563 ut
624 3511 687 3579 quis
707 3512 763 3574 ride
780 3512 893 3564 sincero
919 3515 1061 3579 praestent
1076 3509 1279 3575 obedientiam,
1296 3519 1329 3566 ut
1345 3517 1458 3567 externa
1476 3512 1623 3583 disciplina
1643 3526 1751 3566 conser-

57 3609 84 3654 et
105 3597 271 3670 perspicaci
295 3597 475 3666 presidentis
502 3613 601 3649 munus
624 3598 677 3650 tec
702 3596 894 3667 (dispensandi
918 3602 1006 3665 retur,
1023 3596 1130 3667 absque
1148 3612 1205 3668 qua
1219 3597 1362 3669 religionis
1378 3614 1461 3653 serae
1478 3599 1643 3670 propagatio
1659 3603 1753 3653 etter·

56 3686 132 3740 bona
151 3682 348 3740 ecclesiastica)
367 3681 491 3751 impleut.
531 3682 606 3736 Sane
624 3683 651 3735 si
666 3683 698 3735 in
715 3699 769 3735 sisu
786 3683 892 3750 aliquis
919 3682 1056 3736 minorum
1073 3684 1207 3739 ecclesiae
1226 3684 1353 3739 dilatatio
1376 3684 1421 3737 vix
1447 3691 1562 3755 possunt
1586 3683 1689 3739 habere
1714 3683 1753 3738 lo·

55 3772 164 3826 demost
184 3769 374 3831 emolumento,
393 3768 498 3837 cq'pnen
510 3777 566 3832 est‚·
582 3769 704 3822 munero
718 3769 894 3839 pauperibus
919 3786 991 3825 cum.
1039 3769 1085 3824 Ad
1114 3769 1188 3823 haue
1216 3771 1348 3826 ecclesiae
1382 3771 1580 3841 inspectionem
1611 3771 1815 3863 pertinentgut
1828 3782 1880 3823 pss-

56 3864 169 3927 eropet,
196 3854 335 3922 captivum
352 3854 481 3916 redimit,
502 3855 701 3908 misericordie
718 3862 766 3907 eet.
803 3855 892 3907 Nemo
919 3855 1107 3917 visitationes,
1138 3871 1207 3925 quas
1238 3855 1355 3926 siugulis
1383 3856 1463 3910 annis
1497 3856 1675 3927 magistratus
1702 3826 1873 3926 per1‚³2,¹,¹21,.

56 3946 130 3998 ens'sn
144 3946 239 4009 potest
257 3940 365 4004 dicere,
392 3956 444 3992 cur
456 3955 570 4010 pauper
589 3940 677 3992 sivit!
706 3956 785 3993 nemo
797 3948 892 4009 potest
918 3939 993 3993 viros
1010 3939 1133 4007 idoneos,
1151 3941 1314 4010 praesertim
1334 3940 1534 3997 ecclesiasticas
1552 3957 1693 4012 personas,
1711 3941 1753 3994 in·
1766 3928 1877 4019 ζζιᾞῶο

55 4029 145 4098 queri,
165 4026 233 4096 quio
250 4025 356 4093 captiui
373 4026 495 4078 redemti
510 4033 590 4095 sunt,·
608 4042 688 4080 nemo
701 4033 794 4095 potest
811 4043 892 4079 eccu·
919 4026 1033 4081 stituere
1051 4027 1144 4096 debet,
1163 4027 1240 4080 utin
1258 4027 1411 4082 doctrinam
1429 4044 1463 4082 ac
1481 4027 1567 4082 vitam
1586 4035 1643 4082 tum
1661 4032 1752 4098 pasto-
1767 4040 1814 4071 ¹¹⁸⁸·

56 4133 130 4176 sure,
151 4112 221 4182 quio
231 4111 365 4181 templum
377 4112 437 4165 Dei
448 4113 629 4176 aedificatum
643 4120 699 4181 est,·
711 4129 790 4165 nemo
799 4120 893 4181 potest
919 4129 988 4180 rum,
1016 4119 1076 4178 tupi
1100 4112 1258 4167 auditorum
1283 4112 1402 4184 diligens
1419 4112 1561 4183 inquisitio
1578 4112 1638 4166 fieri
1656 4114 1753 4184 possit
1767 4111 1824 4154 ΚΝ·
1840 4111 1872 4152 ⁴²·

57 4198 222 4268 indigenum,
251 4197 320 4266 quio
336 4197 487 4251 humandis
499 4198 632 4267 fidelium
648 4198 779 4268 reliquiis
795 4199 892 4266 spotia
919 4195 964 4252 De
989 4197 1119 4251 Samuele
1143 4197 1238 4267 populi
1262 4197 1408 4252 Ierailitici
1431 4198 1573 4253 sacerdote
1604 4206 1632 4253 et
1656 4197 1753 4269 judice

57 4288 155 4340 lesem
172 4291 253 4351 eunt,·
273 4299 352 4336 nemo
365 4290 459 4351 potest
478 4283 585 4351 dolere,
605 4284 673 4352 quio
691 4285 721 4336 in
740 4284 894 4354 sepulturis
919 4282 1039 4338 refertur
1060 4289 1082 4338 1.
1103 4282 1177 4340 Sam.
1198 4291 1221 4351 1,
1242 4302 1265 4338 v.
1291 4289 1330 4340 16.
1351 4285 1428 4352 qssod
1448 4284 1570 4353 mapalis
1593 4285 1676 4338 onum
1699 4285 1753 4338 cir·

59 4371 287 4426 Christianormn
305 4369 415 4438 requies
434 4370 631 4433 defussctorum
655 4376 703 4422 est.
740 4367 786 4424 Ad
805 4385 893 4425 exem·
919 4369 1047 4423 cumicrit
1071 4368 1173 4424 Bethel
1198 4377 1222 4422 et
1250 4367 1379 4437 Gelasio
1402 4375 1428 4421 et
1452 4369 1608 4437 Mospbot,
1635 4369 1688 4425 hoe
1711 4373 1754 4424 est

58 4460 136 4529 plum
163 4456 247 4526 hujus
277 4455 485 4526 antiquissimae
515 4455 722 4512 consuetudinis
750 4456 893 4527 providere
920 4455 995 4525 quod
1013 4453 1164 4509 instituerit
1183 4452 1356 4509 vidtatmnes
1375 4469 1493 4511 muas.
1530 4454 1574 4509 De
1591 4456 1753 4524 Josapltoto

59 4544 144 4599 debet
162 4541 352 4612 magistratus,
372 4547 405 4594 ut
423 4541 496 4596 bona
514 4541 702 4598 ecclesiastica
720 4542 758 4597 ad
775 4547 894 4612 quatuor
919 4546 1165 4608 commemoratur,
1191 4540 1267 4610 quod
1291 4539 1374 4596 tertio
1391 4555 1465 4597 anuo
1483 4540 1562 4611 regni
1582 4540 1626 4595 sui
1644 4541 1752 4594 mussi

58 4629 233 4701 potissimum
253 4644 319 4682 usus
335 4632 545 4681 convertantur:
569 4633 591 4682 1.
611 4629 893 4682 cummutationem
915 4627 1062 4697 principes
1078 4643 1144 4679 suos
1163 4634 1269 4680 etcum
1288 4627 1328 4680 eie
1347 4625 1461 4681 Levites
1478 4644 1513 4679 oc
1529 4628 1704 4688 sacerdotes,
1723 4633 1754 4678 ut

59 4733 164 4777 comm,
186 4715 236 4782 qui
248 4712 535 4766 ecclcsioeetsctolis
554 4729 736 4784 epmessuos
756 4715 894 4782 uctujom
919 4714 1048 4766 doemunt
1068 4712 1208 4783 populum
1230 4712 1261 4764 iss
1284 4713 1367 4765 ,ludo
1397 4712 1527 4764 labentes
1552 4711 1655 4766 librum
1682 4712 1754 4778 lepis

56 4807 221 4870 praestum
242 4801 267 4850 2.
287 4799 328 4850 usi
346 4797 503 4852 mbsidium
521 4815 631 4867 comen,
650 4799 699 4868 qui
717 4799 850 4853 secessim
868 4807 894 4853 et
920 4799 1052 4860 Domini,
1077 4798 1128 4866 qui
1144 4798 1350 4851 circumiverint
1377 4804 1489 4850 cunctus
1516 4796 1597 4849 urbes
1617 4797 1700 4850 Juaa
1720 4813 1754 4850 oc

58 4886 164 4940 scholis
183 4899 299 4954 operam
317 4901 398 4936 suom
422 4892 633 4948 consecrassent,
652 4901 815 4957 pauperum
840 4886 893 4938 sci·
915 4885 1053 4955 poputum
1082 4884 1256 4937 erssds'uerint
1285 4890 1309 4939 2.
1329 4882 1421 4939 Parui.
1450 4888 1495 4949 17,
1523 4898 1549 4937 v.
1580 4889 1602 4937 1.
1632 4889 1660 4937 et
1676 4900 1752 4953 seqq.

57 4975 125 5026 lieet
150 4970 340 5023 studiosorum
344 4989 357 5034 ,·
386 4973 413 5025 3.
439 4972 481 5022 ud
501 4971 637 5039 maulam,
664 4978 842 5040 aeprotosrsm
866 4979 893 5025 et
919 4970 986 5037 quain
1003 4976 1028 5021 ct
1047 4969 1210 5022 alterorice
1222 4984 1349 5034 epressue
1363 4975 1403 5020 est
1422 4968 1463 5020 osi
1475 4967 1615 5037 populum
1633 4969 1752 5021 deBer·

57 5072 208 5125 epcnorssn
232 5055 468 5108 climentotionem
491 5073 525 5108 uc
548 5056 723 5125 captiuorum
745 5057 892 5110 redemtio·
918 5054 988 5106 eobo
1017 5070 1104 5121 usque
1130 5054 1173 5107 ad
1195 5060 1313 5106 montem
1332 5052 1472 5120 Ephraim
1500 5059 1527 5105 et
1550 5053 1689 5107 revocarit
1706 5069 1752 5107 eos
1818 5065 1821 5077 “

56 5161 138 5210 nesn;
155 5145 180 5194 st.
199 5142 242 5194 od
259 5141 373 5194 aedium
390 5157 538 5194 sacrarum
554 5134 775 5209 reparationem.
920 5140 962 5191 ad
981 5140 1135 5192 Dosninum
1162 5140 1257 5192 Deum
1272 5146 1388 5206 potrum
1415 5153 1531 5190 suorum
1552 5141 1576 5193 t.
1597 5136 1690 5193 Paral.
1713 5143 1753 5200 19,

96 5232 154 5283 tet.
191 5224 296 5280 Caveat
322 5224 385 5294 pius
413 5227 603 5296 magistratus,
631 5241 669 5279 ne
703 5226 894 5282 ecclesiastica
919 5242 943 5278 v.
964 5231 990 5279 t.

56 5316 135 5368 bona
161 5311 197 5363 sd
226 5327 256 5364 se
279 5311 412 5379 rapiendo
440 5318 468 5364 et
492 5311 576 5364 sacrm
601 5309 693 5364 dicata
718 5310 747 5364 in
770 5312 892 5381 privatos
958 5314 1014 5364 191.
1037 5308 1250 5365 visitationibus
1266 5307 1454 5378 conjungendi
1473 5314 1538 5362 suut
1549 5309 1680 5376 synodici
1690 5327 1752 5364 soss-
1766 5312 1785 5355 2
1799 5313 1873 5363 syso-

56 5414 127 5453 usus
149 5395 333 5450 mnvertendo
357 5392 457 5464 pandi
482 5395 628 5466 sacrilegio
650 5409 710 5450 sese
728 5394 892 5469 obstringat.
919 5403 1022 5458 cemus,
1038 5395 1070 5451 in
1089 5394 1191 5465 quibus
1208 5393 1372 5450 deliberatio
1389 5393 1543 5448 instituitur
1562 5393 1597 5448 de
1615 5393 1753 5465 corrigen-
1766 5363 1854 5456 ἓξὲξ

55 5481 163 5538 Vultur
182 5496 215 5534 ex
233 5479 315 5535 altari
337 5495 434 5536 carnes
462 5486 491 5535 et
510 5480 643 5535 carbones
668 5485 808 5550 surreptor
826 5483 893 5539 nido
920 5481 963 5537 dis
981 5480 1025 5546 iis,
1040 5470 1127 5551 'qnae
1153 5480 1181 5535 iu
1199 5479 1404 5535 visitationibus
1429 5478 1600 5550 deprehensa
1616 5479 1695 5536 inere
1713 5480 1753 5534 ri·
1766 5467 1876 5510 musam

54 5566 182 5624 infereus
200 5573 227 5622 et
242 5565 340 5621 nidum
357 5571 386 5621 et
404 5564 496 5636 pullos
514 5565 631 5630 sxussit;
647 5564 687 5621 sic
704 5557 841 5638 harpyiae
860 5585 894 5626 so
918 5567 997 5623 tiosa.
1033 5563 1148 5620 Illorum
1167 5565 1327 5622 convocatio
1347 5565 1467 5637 pertinet
1491 5564 1529 5622 ad
1549 5565 1752 5638 negumate.
