4006 6022
650 245 701 300 DE
721 244 942 303 MINISTERIO
961 244 1263 304 accnaslusrmo.
1447 315 1457 323 p
1742 258 1798 316 147

105 399 203 455 salutis
232 402 278 456 via
300 401 424 458 homines
448 404 594 471 instruant,
619 420 673 474 quo
700 403 840 472 pertinent
863 416 942 467 argu·
970 404 1053 475 legio,
1078 405 1107 458 in
1132 404 1325 460 constitutione
1350 409 1378 458 et
1396 405 1559 461 fundatione
1576 404 1693 459 Levitici
1713 423 1800 462 sacer·

105 493 199 543 menta
232 488 338 555 omnis,
367 488 468 559 quibus
493 488 624 544 evicimus
649 489 774 559 superius
798 487 942 543 ministerii
970 490 1038 546 dotii
1056 497 1108 547 etc.
1129 509 1209 546 nemo
1220 492 1276 545 illis
1288 493 1427 562 successit,
1448 493 1642 546 Deuteronom.
1656 498 1697 560 34,
1710 511 1735 545 v.
1754 500 1800 549 10:

106 574 288 630 ecclesiastici
309 575 503 631 necessitatem
523 579 551 630 et
569 593 586 629 s
605 575 719 646 reliquis
737 573 881 629 ordinibus
900 572 940 626 di·
970 580 1034 631 Νοιι
1051 581 1130 633 ultra
1148 581 1266 632 μιιιιιιιῖι
1285 580 1422 648 propheta
1441 580 1472 632 ξι
1483 578 1578 632 Israel
1592 580 1663 632 ιῑςιιι
1679 580 1801 647 Moyses,

105 661 289 718 stinctionem.
327 663 405 728 Quae
423 662 556 733 apostolis
576 679 593 716 a
611 661 720 716 Christo
738 660 814 714 dicta
833 667 860 715 et
878 676 939 714 con·
968 683 1047 733 qoem
1069 674 1163 720 nosset
1179 667 1319 719 Dominus
1340 684 1359 718 a
1381 666 1459 729 facie
1483 667 1644 730 adfaciem
1663 666 1693 718 s'n
1712 667 1798 720 omni·

103 765 196 811 cessa,
223 765 258 804 es
275 755 340 803 sunt
359 748 388 802 in
406 748 508 818 triplici
529 748 698 804 differentia:
721 745 857 818 quaedam
876 753 941 800 sunt
968 754 1018 805 tos
1039 753 1127 822 siquis
1145 761 1227 822 atquc
1241 754 1393 822 portentis,
1413 770 1483 821 quoe
1503 752 1579 806 misit
1595 769 1650 821 per
1668 770 1727 806 cam
1747 758 1799 810 etc.

100 836 278 904 personalia,
296 851 367 906 quae
388 835 425 889 ad
443 835 516 890 solos
530 835 670 906 apostolos
684 834 839 905 pertinent3
858 847 940 902 quae·
967 838 1008 894 ita
1024 840 1054 892 in
1074 839 1211 893 ordinario
1230 839 1354 901 docendi,
1373 838 1542 909 baptizandi,
1562 839 1723 896 absolvendi
1741 858 1799 894 mu·

105 921 169 975 dans
188 921 242 975 sub
261 939 380 991 persona
398 920 585 991 apostolorum
604 921 729 974 ommbns
747 919 940 974 ecclcsiacms'·
968 941 1034 980 nere
1054 924 1185 995 apostulis
1204 933 1394 980 successerunt
1414 924 1584 995 presbyteri,
1607 925 1636 979 in
1655 926 1799 994 presbyte-

105 1009 203 1061 nr'strrs
220 1008 343 1078 ipsorum
361 1007 390 1061 in
410 1008 529 1061 docendi
541 1007 633 1062 officio
647 1004 853 1062 successoribus
864 1004 942 1058 dieta
968 1027 1058 1066 rorum
1079 1011 1248 1082 inspectione
1267 1013 1402 1082 episcopi,
1421 1013 1470 1066 sed
1490 1011 1707 1066 exuaordinaria
1723 1018 1799 1081 pote·
1860 1055 1864 1062 .

105 1100 183 1161 ⁵¹¹¹1¹3
216 1093 353 1164 quaedam
384 1094 436 1148 ¹¹¹¹)
463 1110 581 1163 14444θῦ4
603 1093 789 1163 a1¹⁰⁵¹0¹⁰l¹1111
814 1092 940 1145 ⁰m⁷¹2¹1²¹⁸
967 1104 1023 1152 stas
1050 1099 1153 1171 ubique
1179 1099 1294 1154 docendi
1313 1116 1376 1152 cum
1397 1098 1468 1151 dono
1487 1097 1681 1151 miraculorum
1699 1103 1727 1152 et
1744 1097 1799 1167 pri-

104 1182 236 1243 444444444
264 1181 345 1234 (44044-
394 1181 512 1244 Quando
541 1180 626 1253 igliur
654 1180 780 1236 Christus
808 1177 940 1249 apostolis
968 1185 1068 1255 vilegio
1094 1186 1298 1241 infallibilitatis
1323 1187 1472 1255 coniuncta
1494 1183 1595 1237 mansit
1612 1184 1797 1255 apostolorum

105 1269 153 1323 dut
170 1275 337 1337 potestatem
357 1274 385 1322 et
401 1268 562 1322 mandatum
575 1267 754 1338 praedicandi
766 1266 940 1337 evangelium
964 1272 1083 1341 propris.

105 1357 133 1409 in
150 1361 212 1409 toto
232 1355 305 1422 orbe,
324 1354 435 1410 instruit
453 1371 500 1409 eos
514 1354 586 1410 dono
597 1355 800 1421 miraculorum,
821 1353 941 1408 effundit
1000 1364 1058 1414 223
1096 1366 1119 1414 3
1150 1360 1310 1413 Incredutis
1338 1359 1463 1426 pensitas
1493 1359 1688 1426 praedicandi
1717 1376 1797 1413 coon-
1809 1359 1888 1451 {aa

105 1459 188 1511 super
205 1441 268 1494 illos
284 1440 416 1510 Spiritum
434 1448 568 1508 sanctum,
588 1457 638 1510 per
655 1458 737 1511 quem
749 1457 827 1494 novis
838 1438 940 1509 hugum
966 1446 1036 1514 palii
1066 1449 1230 1499 mandatum
1260 1464 1316 1499 non
1340 1446 1429 1499 solrun
1456 1445 1574 1514 respersi
1606 1446 1798 1514 ‹spostolorum
1811 1464 1912 1512 generari

106 1527 264 1598 loquuntur,
285 1532 366 1581 ornat
384 1543 430 1581 eos
447 1527 593 1598 privilegio
607 1544 663 1582 non
676 1526 941 1595 emandi31llssunt
966 1533 1104 1600 ιιιιιιιιιιι,
1135 1536 1188 1587 ,ιιι
1220 1534 1314 1587 omnia
1338 1550 1410 1602 qnae
1435 1534 1537 1597 sutura
1561 1540 1624 1585 ιιιιιε
1648 1550 1734 1601 mque
1758 1515 1907 1606 adfffl*

107 1614 264 1683 personalia
291 1620 318 1669 et
344 1614 380 1668 ad
409 1614 481 1673 solos
506 1614 645 1685 apostolos
671 1613 823 1684 pertinent,
851 1612 940 1681 ipsum
967 1620 1066 1673 mundi
1088 1621 1182 1687 finem,
1208 1621 1275 1689 qnia
1289 1619 1443 1688 promissio
1461 1620 1524 1672 huic
1542 1621 1676 1672 mndata
1695 1619 1800 1672 addita

107 1700 216 1755 iuterim
235 1700 352 1754 docendi
372 1699 494 1755 officium
513 1700 640 1754 omnibus
659 1698 793 1753 ecclesiae
811 1697 941 1752 ministris
969 1705 1064 1760 Matth,
1087 1712 1133 1762 28:
1164 1708 1238 1759 Ειιι
1266 1723 1315 1770 spo
1343 1706 1481 1759 uobiscum
1499 1723 1560 1758 sam
1576 1722 1663 1775 ωριτε
1680 1707 1720 1759 acl
1736 1724 1800 1760 con-

108 1805 167 1841 eum
186 1787 255 1856 ipsis
273 1794 315 1841 est
332 1804 485 1855 commune,
504 1805 535 1841 ac
554 1788 669 1858 proinde
687 1786 798 1856 quando
816 1785 941 1840 Christus
969 1794 1177 1847 nsmmnaonem
1199 1792 1301 1858 secoli,
1327 1810 1382 1845 non
1401 1795 1442 1845 ad
1460 1792 1535 1846 solos
1554 1792 1697 1861 apostolos
1712 1793 1800 1862 perti·

107 1875 140 1928 sd
165 1872 306 1944 apostolos
332 1874 435 1946 inquit:
468 1875 546 1928 Sient
572 1875 646 1927 misit
670 1891 711 1926 me
729 1874 830 1940 Pater,
856 1873 897 1925 ita
916 1881 942 1924 et
968 1887 1019 1932 net.
1055 1877 1162 1934 Ibidem
1175 1896 1199 1933 c.
1217 1885 1254 1934 17.
1269 1879 1493 1949 Respondemus:
1511 1879 1566 1932 imo
1581 1896 1645 1933 vero
1657 1879 1802 1948 promissio

107 1980 156 2029 epo
174 1962 253 2014 sns'tto
272 1979 320 2015 cos
339 1961 405 2014 Jot.
426 1964 478 2030 20,
498 1980 522 2014 e.
545 1964 586 2015 21.
611 1963 720 2014 Eontes
737 1963 831 2013 docete
849 1975 941 2011 omnes
968 1964 1051 2018 latius
1076 1968 1155 2034 patet
1180 1981 1264 2035 quam
1287 1965 1463 2031 mandatum,
1486 1964 1623 2036 siquidem
1641 1966 1801 2020 mandatum

108 2055 200 2114 pentes
219 2055 244 2099 ct
266 2047 403 2116 baptisate
416 2064 461 2100 eos
481 2047 585 2101 Metti.
601 2050 643 2114 28,
661 2067 682 2102 o.
700 2051 738 2100 19.
770 2047 941 2099 Praediccte
968 2050 1086 2120 pertinet
1104 2051 1140 2104 ad
1158 2050 1230 2104 solos
1248 2050 1402 2119 apostolos,
1426 2050 1504 2115 (alias
1525 2050 1653 2104 omnibus
1670 2050 1801 2105 ministris

107 2134 281 2202 mespelium
301 2134 376 2185 omui
393 2141 539 2186 creatwae
559 2136 644 2188 Marc
674 2138 715 2200 16,
736 2154 760 2187 v.
784 2138 823 2187 15.
852 2134 941 2202 Opor·
968 2137 1100 2192 ecclesiae
1132 2138 1167 2191 ad
1196 2144 1303 2191 exteras
1328 2144 1354 2191 et
1375 2136 1531 2190 incredulas
1556 2143 1652 2206 gentes
1676 2135 1705 2190 vi
1729 2136 1801 2191 illius

108 2228 143 2273 est
166 2220 196 2272 in
223 2221 333 2273 nomine
357 2237 416 2272 mco
440 2221 610 2290 praedicari
630 2221 833 2289 poenitentiam
856 2227 881 2271 et
899 2237 941 2271 rs·
969 2222 1092 2276 mandati
1117 2223 1274 2276 abeundum
1298 2222 1383 2289 foret,
1408 2240 1469 2276 cum
1495 2229 1587 2277 tamen
1607 2223 1726 2292 apostoli
1743 2223 1799 2277 κατ’

109 2305 265 2359 missionem
285 2313 466 2374 pcccatorum
491 2308 564 2358 inter
584 2323 677 2359 omnes
695 2314 788 2372 pentes
812 2305 880 2358 Luc.
902 2309 941 2371 24,
970 2311 1116 2375 ἐκκλησίαν
1147 2310 1279 2362 Actorum
1314 2316 1357 2365 ll.
1391 2328 1416 2362 v.
1448 2314 1488 2363 23.
1517 2307 1597 2363 Titus
1624 2309 1691 2361 κατὰ
1722 2307 1802 2362 πόλιν

110 2411 131 2447 v.
150 2400 192 2449 47.
228 2393 272 2446 Ibi
298 2398 426 2447 accrrrate
453 2393 678 2464 distinguendum
701 2394 791 2463 ipsum
821 2391 941 2446 officium
969 2396 1023 2449 Tit.
1040 2402 1062 2459 l,
1081 2415 1106 2448 r.
1122 2403 1144 2451 5.
1160 2395 1336 2465 presbyteros
1351 2395 1567 2461 constituerint),
1580 2394 1724 2464 promissio
1738 2412 1802 2450 vcro

112 2479 228 2535 docendi
243 2496 274 2532 sc
293 2479 454 2551 bapitzandi
474 2479 510 2533 ab
529 2480 578 2533 illa
589 2480 701 2549 speciali
715 2479 942 2534 determinatione
970 2500 1023 2535 non
1053 2482 1140 2535 solum
1159 2482 1193 2535 ad
1215 2499 1307 2535 omnes
1326 2482 1458 2536 ccclesiae
1476 2481 1627 2549 ministros,
1652 2479 1801 2536 sedetiam
1823 2526 1826 2532 .

109 2567 216 2630 addita,
237 2567 309 2637 quod
328 2567 428 2621 docere
447 2567 567 2622 debeant
586 2567 656 2620 inter
673 2582 765 2620 ornnes
785 2573 889 2636 gentes,
908 2564 940 2617 si·
955 2568 1061 2628 ,omnia
1082 2569 1213 2621 ecclesiae
1234 2570 1363 2630 membra,
1382 2567 1479 2621 lideles
1496 2567 1603 2620 scilicet
1620 2583 1722 2633 omnes,
1740 2585 1800 2636 per-

109 2661 153 2708 cut
176 2653 260 2707 etiam
286 2653 390 2707 vocatio
417 2653 512 2706 diviua
537 2670 552 2704 a
579 2652 658 2706 modo
680 2653 855 2705 vocationis'
848 2669 957 2705 unme-
955 2655 1050 2708 tinet.
1076 2662 1106 2706 ut
1127 2655 1312 2722 Hieronymus
1333 2661 1360 2705 et
1380 2653 1616 2721 lhhrysostourus
1610 2670 1638 2705 rn
1658 2659 1800 2706 comment

109 2741 181 2795 disto
211 2749 238 2794 et
258 2740 484 2805 extraordinario,
509 2739 651 2808 promissio
671 2738 806 2809 generalis
795 2739 861 2790 da
880 2754 957 2833 gr-{a
955 2739 1045 2795 ἴτω
1069 2749 1177 2794 nrorreul
1207 2749 1233 2793 ct
1261 2740 1400 2793 evidenter
1425 2737 1566 2808 colligitur
1589 2756 1620 2790 ex
1642 2738 1738 2792 llatth.
1764 2743 1801 2804 lt,

23 2826 81 2866 ¹¹¹¹
75 2828 158 2895 ¹¹tis,
182 2826 285 2880 auxilio
311 2833 338 2880 et
363 2824 467 2879 effice
446 2842 488 2880 cru
510 2842 560 2895 per
586 2824 766 2878 ministerium
790 2843 807 2877 a
828 2800 958 2900 speciali}
970 2846 994 2882 τ.
1020 2833 1066 2883 2ὓ;
1095 2828 1147 2879 Uti
1170 2830 1225 2880 diso
1246 2829 1288 2879 oct
1308 2838 1364 2879 tres
1385 2826 1548 2890 corrgrrepati
1563 2834 1626 2876 sunt
1645 2825 1674 2876 in
1693 2826 1801 2877 nomine

109 2911 286 2984 promissione
311 2913 345 2967 de
370 2912 442 2966 dono
469 2912 662 2965 miraculorum
683 2917 710 2964 et
726 2909 870 2981 privilegio
887 2918 957 2964 non*
969 2932 1037 2980 mco,
1057 2914 1096 2966 ibi
1113 2931 1162 2980 epo
1181 2932 1240 2965 som
1263 2912 1291 2964 is
1311 2913 1401 2964 medio
1424 2928 1524 2965 sonans.
1560 2909 1758 2965 Deducimus
1750 2911 1800 2981 igi
1815 2896 1824 2913 ⁶

108 2999 217 3054 emendi
244 2998 355 3054 omnino
379 2997 512 3069 distingui
527 2996 638 3051 debent.
675 2995 806 3051 Officium
825 2997 942 3052 docendi
969 3008 1014 3056 tur
1042 3006 1235 3072 argumentum
1260 2999 1297 3052 ad
1323 2998 1483 3053 absurdum.
1528 2998 1618 3063 Quam
1644 2998 1701 3052 late
1725 3004 1803 3068 patet

107 3085 329 3157 rebaptizandi,
355 3084 449 3138 divium
468 3083 576 3139 vocatio
596 3090 623 3137 et
640 3084 777 3155 generalis
796 3085 941 3155 promissio
969 3086 1070 3142 Christi
1089 3085 1245 3157 promissio,
1266 3087 1330 3154 Epo
1348 3102 1408 3137 sum
1424 3085 1564 3138 uobiscum
1583 3091 1635 3140 ete.
1669 3090 1726 3139 tam
1745 3086 1802 3142 late

106 3173 141 3228 ad
165 3189 260 3228 omnes
287 3170 419 3226 ecclesiae
444 3169 582 3224 ministros
607 3187 663 3224 non
688 3169 779 3224 miuus
803 3173 940 3242 quemad
968 3174 1051 3230 etism
1064 3172 1221 3228 extenditur
1237 3171 1397 3224 mandatum
1410 3170 1645 3240 depraedicando
1657 3175 1801 3244 evangelio

108 3260 249 3332 apostolos
275 3258 428 3328 pertinent,
457 3257 507 3311 scd
536 3257 663 3326 specialis
688 3257 881 3313 determinatio
906 3259 940 3314 de
968 3263 997 3315 in
1022 3266 1081 3315 toto
1111 3259 1186 3315 orbe.
1235 3259 1290 3315 Sed
1319 3258 1591 3328 promissio,Christi
1617 3261 1737 3328 pertinet
1764 3262 1800 3316 sd

106 3345 314 3418 praedicatione
339 3343 475 3414 evangelii
499 3343 570 3398 inter
594 3359 689 3397 omnes
708 3349 818 3414 gentes,
842 3343 940 3398 modus
968 3364 1061 3402 omnes
1074 3346 1178 3402 fideles.
1205 3345 1280 3416 Ergo
1294 3345 1377 3400 etiam
1392 3345 1554 3398 mandatum
1567 3345 1800 3415 depraedicando

105 3430 257 3488 vocatoris
276 3429 451 3484 immediatus
469 3435 497 3484 et
515 3430 749 3485 extraordinarius
768 3447 800 3484 ao
813 3430 940 3501 specialis
967 3434 1112 3505 evangelio
1140 3434 1169 3487 in
1195 3439 1253 3487 toto
1280 3432 1346 3485 orbe
1374 3430 1410 3485 ad
1435 3448 1528 3485 omnes
1552 3431 1648 3487 fideles
1670 3435 1798 3503 pertinet.

106 3517 251 3588 promissio
271 3516 305 3570 de
319 3516 397 3570 >dono
417 3516 611 3570 miraculorum
632 3520 660 3570 et
675 3515 874 3571 infallibilitate
892 3517 939 3571 do·
967 3520 1113 3577 Conclusio
1140 3525 1183 3574 est
1208 3518 1344 3583 absurda,
1375 3534 1441 3588 ergo
1459 3518 1554 3587 aliqua
1571 3536 1604 3572 ex
1633 3521 1798 3587 praemissis.

107 3605 211 3660 emme
230 3603 265 3657 sd
286 3602 358 3657 solos
377 3603 515 3672 apostolos
535 3602 681 3672 pertinent
968 3609 1030 3664 Non
1049 3608 1145 3674 minor,
1166 3622 1237 3676 quse
1255 3610 1297 3659 est
1311 3603 1412 3658 Christi
1432 3603 1529 3658 Mstth.
1552 3610 1590 3667 18,
1609 3623 1635 3660 v.
1655 3613 1696 3662 23.
1723 3607 1799 3678 Ergo

140 3696 200 3747 222.
237 3695 260 3745 2.
292 3690 528 3752 Quensadmodom
557 3689 672 3756 Moyses
700 3697 725 3741 et
751 3691 850 3742 Aaron
873 3699 939 3757 post
968 3697 1064 3765 major,
1083 3709 1154 3764 quae
1174 3698 1215 3747 est
1234 3690 1372 3748 Saraviae

86 3797 185 3833 suam
204 3778 331 3847 circorum
349 3782 465 3828 mortem
479 3776 595 3828 concisos
606 3775 785 3842 paternensis
796 3775 941 3843 rationem,
1001 3787 1060 3836 224
1096 3786 1117 3835 4.
1140 3778 1174 3833 Se
1190 3778 1344 3831 asscensus
1361 3777 1518 3848 apostolice
1537 3780 1711 3849 temporaria
1728 3781 1800 3843 fisis-
1812 3786 1830 3825 4
1847 3789 1926 3826 aros-

90 3877 162 3936 qua
183 3865 243 3936 ipsi
257 3882 302 3917 ass
298 3864 446 3931 Qsuerant
464 3861 603 3930 rsls'qoere
614 3862 744 3931 posteris,
764 3863 805 3914 sto
818 3862 942 3931 apostoli
968 3876 1016 3935 set,
1035 3884 1068 3921 cn
1083 3864 1234 3936 personale
1254 3865 1357 3916 donam
1376 3863 1479 3924 fuisset
1499 3881 1532 3916 ac
1546 3865 1733 3935 particulare,
1750 3885 1800 3921 nec
1813 3841 1925 3938 mii..

107 3961 131 4005 44
155 3950 345 4020 446494444444
368 3950 484 4012 futrum
509 3947 662 4019 4444424444
686 3948 741 4000 444
742 3965 774 4001 44
792 3949 871 4000 440448
887 3966 939 4018 Ρο-
967 3955 1021 4008 sisi
1044 3953 1135 4008 socios
1154 3959 1179 4004 et
1196 3956 1391 4018 cooperatores
1408 3950 1439 4001 in
1458 3951 1613 4020 apostolico
1632 3970 1744 4006 manem
1761 3952 1925 4052 ιιάξζζῃξζῗ·

105 4039 189 4092 nmis
206 4037 333 4107 perfecti
353 4035 499 4103 rspimiuis
516 4034 714 4102 ecclesiastici,
738 4043 763 4087 et
781 4038 858 4103 qnod
877 4036 939 4089 Ser·
969 4041 1087 4095 Domini
1103 4057 1186 4110 apsis,
1206 4040 1246 4091 od
1263 4039 1340 4108 qnod
1357 4037 1492 4090 destructi
1507 4034 1636 4100 tamarit,
1655 4057 1800 4094 assumm-
1812 4046 1883 4085 tione.
1913 4075 1916 4079 .

106 4135 186 4180 sutor
208 4132 302 4178 noster
321 4122 393 4175 elisit
411 4123 447 4175 de
464 4121 657 4175 sacerdotibus
674 4121 866 4187 Judaeorom,
894 4140 940 4176 eos
967 4135 1037 4183 serit.
1074 4128 1132 4180 Sed
1150 4126 1209 4179 illes
1230 4125 1303 4178 alios
1315 4126 1449 4191 fecerunt
1468 4132 1608 4177 consortes
1628 4128 1800 4192 apostolicos

106 4217 203 4266 sedere
230 4228 315 4281 super
340 4208 503 4262 cathedram
520 4208 632 4275 Moysis
650 4215 677 4260 ct
695 4208 835 4276 Aaronr's,
864 4210 939 4263 idem
967 4232 1035 4269 mos
1051 4213 1213 4283 potcstatis,
1232 4227 1300 4280 quos
1318 4210 1440 4263 scc'cbant
1460 4212 1574 4272 futuros
1593 4212 1677 4264 etium
1695 4230 1799 4268 socces-

108 4302 166 4354 dici
178 4306 273 4370 potest
291 4300 326 4351 dc
345 4296 497 4365 episcopis,
521 4296 599 4364 qssod
615 4295 645 4346 s'n
664 4294 798 4347 cathedra
815 4297 897 4349 Petri
916 4305 941 4348 et
966 4317 1050 4354 sores.
1070 4317 1129 4368 cap.
1148 4298 1208 4354 eod.
1244 4296 1467 4366 Respondemus:
1495 4312 1550 4349 uon
1569 4297 1674 4361 omnis,
1695 4298 1742 4368 qui
1762 4296 1798 4352 ab

109 4387 196 4441 Pauli
215 4387 347 4451 sedeant,
370 4384 403 4436 id
426 4390 466 4435 est
490 4382 567 4451 quod
589 4381 772 4433 successerint
795 4381 825 4434 in
845 4384 940 4435 eodem
967 4386 1060 4457 aliquo
1089 4393 1120 4439 nt
1145 4382 1279 4452 συνεργὸς
1307 4380 1481 4448 adsciscitur,
1508 4381 1536 4435 in
1555 4381 1651 4435 eodem
1671 4400 1733 4436 cum
1752 4383 1800 4437 illo

109 4474 251 4545 sepimine
263 4487 411 4525 muncrsc.
425 4475 463 4526 16.
479 4468 705 4538 Respondemus:
719 4467 940 4524 exdistinotione
967 4471 1059 4527 existit
1088 4470 1177 4541 gradu
1205 4475 1234 4523 et
1265 4467 1373 4533 ordine,
1405 4467 1479 4538 quod
1509 4466 1549 4520 sic
1581 4467 1800 4524 demonstramus
1815 4491 1874 4533 χιιι,
1890 4490 1921 4533 ιι,

108 4561 232 4633 superius
248 4557 352 4613 tradita
368 4574 412 4612 res
430 4555 638 4612 estmanifesta.
666 4554 939 4624 Successeruntapo-
967 4558 1103 4630 ἀπαγωγῇ
1127 4554 1195 4628 πρὸς
1212 4554 1242 4608 τὸ
1264 4550 1377 4609 dronor.
1398 4553 1580 4623 ¹Quicunque
1599 4553 1626 4606 in
1647 4554 1800 4621 apostolico

108 4648 181 4704 stolis
208 4647 237 4701 in
261 4644 376 4700 docendi
403 4659 516 4697 munere
540 4659 634 4697 omnes
658 4641 791 4696 ecclesiae
811 4643 938 4705 ministri,
968 4659 1080 4700 munere
1097 4643 1133 4696 ad
1152 4641 1263 4696 Domini
1283 4658 1353 4710 opus
1372 4647 1404 4695 ut
1421 4639 1488 4694 socii
1505 4645 1533 4694 et
1551 4644 1742 4708 cooperatores
1761 4641 1799 4694 ab

108 4737 298 4790 successerunt
323 4729 361 4786 eis
385 4730 414 4784 in
432 4729 569 4801 ἐπισκοπῇ
588 4735 616 4783 et
636 4728 807 4798 inspectione
822 4729 938 4801 reliquo·
967 4730 1097 4802 apostolis
1123 4734 1187 4782 sunt
1211 4727 1341 4794 assumti,
1370 4726 1409 4779 illi
1433 4726 1461 4778 in
1484 4724 1600 4794 gradum
1627 4726 1800 4781 auctoritatis

109 4841 165 4876 rum
194 4825 337 4891 pastorum
363 4817 500 4888 episcopi,
529 4816 578 4871 sed
605 4822 734 4886 respectu
761 4814 885 4880 illorum,
911 4816 939 4868 in
966 4825 993 4873 et
1013 4815 1159 4886 potestatis
1194 4813 1362 4885 apostolicae
1395 4811 1471 4865 fuere
1503 4812 1599 4866 evecti.
1635 4812 1800 4868 Priscillae

108 4908 206 4979 quibus
232 4905 342 4978 proprie
369 4910 396 4959 et
421 4902 611 4974 principaliter
634 4919 733 4957 munus
752 4901 938 4972 apostolorum
967 4904 1053 4958 Paulo
1079 4901 1204 4971 apostolo
1226 4907 1257 4954 ut
1276 4896 1409 4968 συνεργὸς
1429 4898 1457 4950 iu
1478 4896 1586 4951 Christo
1603 4897 1657 4950 fuit
1676 4905 1799 4953 assumta

108 4993 239 5061 consistit,
258 5009 330 5063 quae
349 4991 433 5062 paulo
452 4996 517 5045 ante
537 4996 601 5044 sunt
620 4994 787 5055 enumerata,
806 4988 897 5041 nullus
911 4989 939 5042 in
965 4991 1080 5045 Roman.
1108 4994 1152 5055 16,
1179 5004 1205 5039 v.
1230 4994 1255 5042 3.
1293 4986 1368 5056 Ergo
1392 4985 1420 5037 in
1439 4983 1558 5057 gradum
1578 4984 1752 5039 auctoritatis
1771 4992 1800 5041 et

108 5081 220 5136 ecclesia
243 5078 377 5149 apostolis
403 5076 544 5133 successit.
580 5075 746 5130 Invertimus
765 5075 850 5146 igitur
866 5075 953 5128 com-'
965 5075 1111 5147 potestatis
1135 5073 1303 5144 apostolicae
1327 5071 1381 5124 fuit
1402 5070 1545 5126 collocata.
1588 5068 1734 5124 Conclusio
1758 5078 1800 5126 est

107 5167 282 5237 parationem.
319 5164 557 5229 Quemadmodum
582 5164 610 5216 in
632 5161 777 5218 ordinariis
805 5159 1095 5228 dunnxatgnbsurda.
1138 5161 1213 5230 Ergo
1240 5157 1335 5229 aliqua
1361 5175 1393 5212 er
1422 5156 1587 5226 praemissis.
1623 5156 1686 5212 Non
1702 5158 1799 5218 minor,

107 5253 185 5308 officii
223 5251 404 5307 sacerdotalis
443 5256 472 5306 et
510 5248 650 5319 regiminis
680 5248 785 5318 politici
814 5248 1037 5320 partibuquuae
1055 5253 1098 5301 est
1114 5245 1207 5313 Pauli,
1225 5261 1291 5314 ergo
1307 5244 1402 5313 major,
1421 5259 1491 5312 quae
1505 5250 1546 5296 est
1559 5242 1695 5296 Saraviae.
1725 5242 1799 5307 Quid
1874 5325 1877 5329 .

106 5339 193 5411 Moysi
219 5347 247 5394 et
270 5337 376 5392 Aaroni
403 5337 516 5407 quidam
542 5341 746 5403 successerunt,
764 5347 954 5406 nequaquam
952 5325 1040 5406 quod
1057 5331 1198 5404 apostolus
1218 5347 1311 5385 omnes
1331 5329 1464 5384 ecclesiae
1480 5328 1622 5382 ministros
1640 5330 1799 5383 vocatone

107 5443 168 5482 vero
194 5427 225 5481 in
250 5424 474 5481 exnaordinariis
495 5428 524 5477 et
546 5421 734 5503 temporariis,
756 5420 919 5490 siquidem
911 5429 953 5473 111¹
966 5439 1000 5476 σι
1003 5441 1130 5494 νεργους
1160 5425 1180 5473 1.
1201 5417 1322 5472 Corinth
1343 5423 1373 5476 3,
1399 5434 1424 5472 v.
1444 5423 1468 5471 9
1485 5432 1552 5469 num
1571 5430 1636 5469 vero
1654 5420 1800 5485 propterea

105 5513 251 5569 eductione
269 5509 456 5565 ΙεταὲΙίῒατιττιι
475 5526 509 5564 er
520 5508 683 5578 Aegypto
675 5525 704 5560 m
718 5490 973 5578 promulgatione*
966 5528 994 5562 m
1020 5508 1137 5579 gradum
1161 5503 1269 5558 divinae
1296 5502 1449 5573 majestatis
1472 5507 1552 5556 erunt
1570 5500 1717 5555 collocati?
1751 5501 1801 5555 Di·

1390 5607 1444 5659 10*
