4020 6014
206 201 267 263 452
781 193 904 254 Locus
922 190 1128 250 monemus
1146 192 1328 258 QUARTUS

205 364 272 404 nere
288 347 366 419 dicit,
385 347 540 405 Domissum
556 348 615 403 ista
631 346 776 420 parabola
794 347 871 403 belia
888 354 915 402 ei
933 346 1044 417 effissio·
1070 346 1162 401 lorum
1181 347 1289 415 officia,
1307 363 1425 416 quassas
1443 363 1530 403 saum
1545 353 1589 402 est
1607 347 1756 418 emersis,
1776 345 1912 403 eimau

204 451 268 489 sem
285 435 435 504 respuistis
446 435 614 505 prohibere,
636 434 704 490 item
727 433 881 488 Dominum
906 450 964 487 mom
976 450 1044 503 pro·
1070 431 1228 487 bominibus
1245 432 1392 502 inseruire,
1409 433 1531 489 odonam
1550 433 1729 489 ordinarium
1750 441 1776 488 et
1795 439 1910 502 ocrim,

207 519 302 574 bibere
319 519 509 575 amedaeum
519 519 726 575 iammmorum
737 519 890 589 dampere,
908 535 962 573 ora
974 518 1045 588 spss‘s
1070 534 1223 573 messorium
1232 518 1347 584 sesiieet,
1356 522 1433 589 quod
1437 520 1563 593 periisset
1576 521 1618 574 ad
1625 528 1731 575 ees-tum
1743 519 1911 590 amqeiorum

208 606 364 676 obstrume,
374 606 531 661 libes-tatem
543 605 680 675 loquendi
690 605 847 674 cmmdere,
858 620 955 659 oerum
967 605 1045 674 ipsos
1070 604 1206 660 ordimem.
1238 603 1461 676 Respondemus:
1489 605 1564 661 Sane
1580 604 1769 678 Hieronymus
1787 606 1821 660 in
1837 621 1911 660 com·

207 692 363 760 interficere
380 700 407 748 et
426 694 579 757 trucidare,
597 708 632 747 ac
649 691 787 763 geminam
804 690 888 762 hujus
905 689 1045 747 interdicti
1070 694 1154 745 ment
1173 705 1235 759 cap.
1255 694 1295 746 13.
1314 688 1413 746 Matth.
1426 707 1522 746 servos
1540 691 1750 763 pamisfamilias
1765 707 1823 747 non
1841 691 1910 746 ahos

206 778 341 835 ationem
360 776 448 846 addit,
470 795 527 833 non
541 783 660 843 mutum,
678 794 714 830 ue
734 777 819 832 simui
839 777 976 832 evellatur
994 778 1044 830 sri·
1056 766 1060 833 1
1071 773 1247 845 accipiendos
1259 775 1358 830 statuit
1369 791 1454 846 qnam
1466 777 1590 848 angelos,
1607 776 1656 850 qui
1671 777 1797 850 quotidie
1813 777 1911 832 vident

207 864 309 928 ticam,
342 880 426 937 quam
450 863 537 918 solam
564 861 751 918 Bellarminus
768 862 854 932 vidit,
886 862 934 918 sed
953 844 1171 967 etiam,;faciem
1199 860 1299 916 Patris.
1339 860 1447 917 Eadem
1471 867 1514 917 est
1539 863 1678 918 sententis
1698 861 1799 918 Isidori
1827 862 1911 918 Pelu-

206 966 242 1004 sss
261 950 342 1006 salus
358 950 561 1005 demetiens-um
583 948 771 1019 immediatus,
799 966 861 1004 eum
887 948 995 1002 eiscsia
1015 948 1045 1002 io
1071 945 1160 1001 siotae
1176 944 1226 1001 lib.
1249 952 1269 1003 1.
1288 946 1398 1017 epistol.
1417 952 1474 1004 195.
1500 946 1550 1003 sed
1567 947 1744 1020 Augustinus
1760 948 1791 1003 in
1811 965 1859 1020 qq.
1876 965 1910 1004 ex

209 1036 333 1091 triticum
350 1035 475 1090 oomoemi
487 1034 608 1103 poemat
626 1051 710 1107 qnam
727 1033 862 1091 rationem
881 1034 1045 1106 chrysosto-
1073 1029 1174 1088 Matth.
1192 1046 1256 1101 cap.
1277 1035 1316 1088 12.
1335 1031 1407 1088 bauo
1430 1033 1596 1089 senteutiam
1619 1032 1723 1089 refellit
1744 1039 1911 1105 argumento

209 1137 272 1175 mus
291 1136 348 1177 non
366 1119 534 1190 addidisset,
552 1119 576 1174 si
594 1119 652 1175 ullo
669 1136 793 1192 unquam
811 1125 935 1191 tempore
950 1119 1046 1174 haere-
1071 1131 1119 1186 eo,
1138 1115 1214 1187 qnod
1232 1115 1269 1171 de
1288 1116 1374 1172 servis
1393 1116 1509 1181 dicitur,
1528 1119 1606 1188 ipsos
1625 1118 1772 1188 iquorosse
1789 1120 1909 1174 mumio-

208 1206 279 1264 ticos
299 1205 425 1263 occidere
443 1206 527 1262 licere
549 1205 711 1275 judicasset
744 1205 791 1263 Sic
815 1221 882 1277 ergo
904 1204 1045 1262 concludi·
1071 1218 1135 1256 rum
1152 1202 1364 1258 seminationem
1384 1217 1502 1274 eamque
1518 1203 1631 1259 mhams
1649 1202 1750 1275 tuisse,
1767 1208 1828 1270 ism
1845 1221 1911 1260 rero

82 1293 141 1334 W·
152 1291 196 1336 Μ
209 1309 279 1348 mus.
301 1290 355 1356 Qui
367 1290 583 1347 eradicationem
595 1290 763 1347 maeniorum
773 1289 833 1345 sive
841 1290 1044 1347 hamaticorum
1071 1285 1107 1342 de
1120 1286 1227 1358 angelis
1243 1286 1357 1357 probari
1375 1287 1479 1359 nequit,
1498 1288 1573 1359 quod
1585 1289 1723 1359 ignorent,
1741 1290 1842 1361 quida
1851 1290 1909 1345 dis·

208 1378 272 1434 ideo
289 1376 431 1450 prohibet,
448 1382 481 1433 ut
497 1377 602 1434 vitetur
618 1376 763 1449 sanguinis
781 1374 897 1446 effusio,
917 1376 965 1432 ille
983 1376 1046 1432 sim·
1070 1370 1135 1428 bolo
1158 1372 1189 1428 in
1212 1374 1316 1429 mundo
1340 1377 1449 1445 agatur.
1495 1373 1592 1427 Utrum
1614 1381 1640 1429 et
1666 1374 1725 1444 ipsi
1751 1376 1810 1430 siat
1835 1376 1912 1431 seroi

209 1463 321 1536 pliciter
335 1469 365 1520 et
377 1463 501 1520 totaliter
517 1463 731 1519 eradicationem
743 1461 894 1518 violentam
907 1461 1046 1533 prohibet.
1070 1457 1191 1530 (inquit),
1208 1476 1278 1529 quos
1292 1460 1386 1532 paulo
1400 1467 1469 1529 post
1480 1475 1616 1514 messores
1633 1460 1770 1531 appellat,
1790 1479 1829 1515 ass
1842 1461 1911 1531 qaia

109 1617 113 1624 ¹
210 1547 267 1608 Sed
293 1548 507 1620 chrysostomus
533 1553 648 1620 propter
673 1547 746 1603 hano
778 1563 891 1604 causam
916 1546 1046 1618 prohibet
1070 1542 1101 1596 iss
1117 1544 1287 1614 eapositiorm
1295 1544 1455 1615 parabolae
1471 1545 1604 1601 missores
1622 1546 1692 1600 dicit
1708 1563 1768 1601 esse
1785 1547 1910 1616 melos,

210 1632 378 1689 sisaniorum
395 1633 620 1690 eradicationem.
656 1631 911 1704 urgosimplicissr
926 1638 955 1690 et
973 1637 1045 1689 tota·
1069 1645 1121 1683 uso
1146 1629 1294 1700 quisquam
1316 1630 1409 1695 faede
1429 1629 1524 1685 dicere
1548 1647 1634 1684 ausus
1658 1631 1767 1698 furit,
1794 1632 1911 1703 arsqelm

208 1718 272 1775 liter
289 1735 351 1775 eam
367 1717 504 1790 prohibet
541 1724 564 1774 8.
584 1717 742 1791 Cyprianus
760 1719 873 1791 quidem
892 1719 923 1774 in
942 1727 1045 1791 genere
1069 1715 1215 1780 meatem,
1233 1716 1297 1786 qud!
1314 1717 1705 1786 miffmptrtm'wvttit
1736 1725 1763 1773 d
1786 1734 1821 1772 w
1845 1727 1911 1773 tuoe

207 1806 328 1876 primum
347 1804 470 1876 loquitur
480 1804 515 1859 de
529 1804 623 1875 lapsis,
642 1804 744 1877 quibus
763 1822 814 1860 mse
831 1822 949 1861 cessura
962 1805 1045 1869 desit,
1070 1801 1245 1871 appamsime
1257 1802 1376 1871 auqeis's,
1395 1819 1457 1857 oum
1468 1803 1557 1857 isrba
1567 1803 1692 1869 fructum
1702 1804 1833 1872 formem,
1850 1821 1911 1859 mo·

207 1906 280 1962 quae
297 1892 497 1960 irrerepsisset
514 1891 664 1961 medicina,
681 1907 754 1961 quas
771 1899 869 1960 samm,-
887 1891 937 1947 sed
948 1895 1046 1962 postea
1070 1887 1115 1957 qis
1133 1895 1243 1957 oportet
1263 1888 1388 1957 imeiliqi
1404 1889 1528 1944 homines
1547 1889 1624 1958 ipsos
1642 1890 1742 1954 idries
1765 1907 1910 1945 seruorum

208 1974 245 2031 de
263 1975 410 2031 haereticis
429 1981 457 2051 et
474 1974 657 2033 schismaticis
674 1978 704 2032 in
721 1978 816 2050 specie
833 1977 894 2050 agit
910 1981 939 2033 et
955 1977 1044 2033 addu·
1070 1973 1179 2027 aoms'rse
1201 1974 1254 2029 ioe
1287 1975 1349 2029 ioco
1380 1976 1570 2046 siqoifieatos,
1601 1992 1671 2046 quos
1697 1976 1784 2031 etiam
1809 1977 1909 2032 tonum

208 2061 247 2117 cit
270 2061 363 2117 locum
385 2062 568 2131 apostolicum
591 2068 616 2120 2.
635 2062 707 2117 'lim
737 2069 763 2120 2.
787 2063 823 2119 de
846 2063 920 2120 vasis
945 2063 1044 2134 aureis,
1068 2074 1160 2113 semem
1178 2060 1257 2116 diost.
1282 2063 1343 2116 Nee
1362 2062 1472 2128 mirum,
1490 2062 1519 2117 si
1529 2069 1555 2116 et
1567 2063 1669 2116 borum
1685 2077 1777 2117 sesueu
1791 2062 1850 2132 ipsi
1866 2062 1910 2117 di·

207 2146 356 2219 argenteis,
373 2145 475 2219 ligneis
495 2153 524 2203 et
539 2145 672 2204 fictilibus
692 2155 778 2221 atque
796 2149 889 2218 addit,
908 2150 965 2204 soli
983 2150 1044 2204 Do·
1070 2152 1170 2199 suatur
1194 2154 1221 2201 et
1243 2147 1319 2200 seroi
1338 2146 1579 2218 pauefamiiias,
1610 2149 1683 2203 sieut
1706 2156 1734 2203 et
1752 2150 1790 2202 ds
1806 2165 1838 2202 se
1857 2149 1909 2219 ait,

206 2234 283 2287 misso
299 2249 369 2286 oasa
385 2232 487 2298 siradio
510 2233 691 2304 confrirsqere
716 2251 876 2289 comcessum
895 2250 968 2304 esse,
999 2236 1047 2290 cui
1070 2234 1147 2300 quod
1171 2232 1232 2302 ipse
1259 2233 1298 2285 sit
1314 2233 1411 2303 janua
1437 2240 1464 2287 et
1487 2234 1566 2302 quod
1580 2233 1642 2303 ipse
1662 2234 1700 2287 sit
1714 2241 1826 2303 pastor.
1861 2235 1909 2288 Eo

206 2320 289 2387 oirqa
304 2320 405 2384 ferrea
421 2319 459 2372 sit
478 2320 558 2375 data.
588 2320 628 2373 At
647 2319 671 2373 si
687 2319 717 2373 id
727 2319 758 2374 in
769 2336 871 2392 genere
884 2320 920 2376 de
932 2319 1044 2376 omnino
1071 2317 1191 2371 dismas
1210 2317 1284 2370 emim
1299 2318 1551 2388 siqmifieatsbmibus
1569 2337 1628 2372 ussa
1645 2335 1691 2374 res
1708 2319 1795 2374 mam
1810 2320 1910 2389 piures

208 2403 372 2460 facinorosis
389 2403 552 2474 accipiatur,
571 2403 747 2476 magistratui
764 2422 820 2461 non
833 2404 930 2462 licebit
947 2405 1044 2462 adver·
1070 2409 1098 2456 et
1127 2403 1256 2457 diuersas
1279 2404 1481 2458 similitudines
1503 2405 1618 2475 rumpi,
1652 2406 1823 2474 praesertim
1841 2406 1911 2476 qaia

208 2505 255 2544 sus
285 2489 348 2544 illos
372 2490 498 2562 gladium
520 2490 665 2561 stringere.
705 2496 729 2546 9.
753 2490 796 2545 Ex
820 2490 874 2546 hac
898 2492 961 2563 ipsa
982 2491 1045 2548 Bel·
1072 2504 1133 2541 ανῆ
1153 2489 1196 2541 ud
1211 2504 1307 2542 ‘mot
1319 2489 1489 2558 demittetur,
1506 2509 1562 2545 m
1579 2491 1633 2554 ait,
1650 2491 1681 2544 ὑὶ
1697 2497 1823 2560 ‘wore
1840 2508 1910 2545 Μ·

206 2574 318 2630 las-mini
335 2574 484 2646 hypothesi
497 2581 526 2631 et
539 2574 721 2647 explicatione
739 2576 1044 2633 conhaBellarminum
1070 2574 1110 2629 sis
1127 2572 1222 2627 dicam
1234 2573 1320 2640 sabia
1333 2575 1458 2643 eoliiqise
1470 2576 1597 2645 primum
1608 2576 1724 2641 simmia
1742 2577 1795 2630 ssd
1805 2575 1909 2642 dieam,

85 2707 91 2724 ‚
208 2658 373 2716 concludere
393 2677 554 2731 possumus:
571 2661 638 2715 Noa
654 2668 718 2715 sum
731 2662 917 2731 eastirparsda
934 2664 1044 2717 eiramis
1069 2660 1168 2729 iuquit,
1181 2660 1355 2714 messoribus.
1392 2661 1472 2714 Unde
1488 2661 1666 2729 iutelliqs'tur,
1685 2661 1910 2730 colliqeadosum

208 2745 331 2818 (inquit),
349 2748 463 2815 quamdo
481 2748 545 2812 fieri
562 2747 657 2816 nequit
678 2747 740 2801 sime
759 2749 924 2803 detrimem
947 2751 1044 2804 tritici
1070 2744 1240 2799 siaamiorum
1263 2747 1306 2799 ad
1328 2746 1546 2802 comburendum
1569 2747 1632 2800 alia
1653 2763 1714 2801 esse
1740 2748 1908 2820 ministeria,

209 2830 357 2886 Subsumo.
384 2829 494 2886 Bellum
506 2848 563 2887 non
579 2837 673 2902 potest
691 2838 788 2888 matra
804 2833 957 2890 musicos
976 2835 1044 2902 (sive
1069 2847 1120 2885 aee
1136 2846 1292 2900 quemquam
1310 2832 1445 2887 ecclesiae
1463 2833 1556 2898 filium
1579 2833 1678 2889 darre
1700 2834 1849 2902 arbitrari,
1867 2835 1910 2888 ad

209 2916 266 2971 sint
283 2916 363 2972 nobis
380 2916 522 2986 tortiores,
549 2917 607 2973 sive
625 2916 832 2987 imbecilliores)
860 2919 965 2993 suscipi
982 2919 1045 2976 abs·
1070 2933 1099 2970 se
1120 2917 1173 2972 too
1190 2918 1315 2986 officium
1326 2919 1478 2987 pertimere.
1513 2918 1592 2975 Idem
1610 2935 1691 2975 serm
1705 2924 1749 2975 tt.
1764 2919 1801 2975 de
1819 2920 1909 2976 diver·
1920 2928 1982 2972 xiv.

210 3018 265 3073 qne
292 3001 459 3057 tenimento
485 3003 628 3058 bonorum.
662 3002 739 3075 Ergo
764 3003 848 3075 plane
875 3021 931 3059 non
961 3005 1047 3061 debet
1070 3001 1109 3056 sis
1128 3017 1190 3071 cap.
1208 3008 1241 3060 t:
1267 3004 1312 3057 Ne
1333 3003 1410 3067 forte
1432 3006 1500 3057 dum
1524 3004 1610 3059 oritis
1627 3004 1776 3059 medicari
1789 3006 1908 3071 maasia,

209 3087 322 3159 suscipi,
340 3103 392 3141 nec
409 3086 864 3144 amamorumsivehaeretioorum
883 3089 1044 3161 exstirpatio
1070 3087 1222 3142 maumam
1248 3089 1334 3143 mmai
1361 3096 1389 3144 et
1415 3089 1546 3148 triticum.
1592 3089 1669 3152 Quid
1697 3090 1763 3144 boni
1788 3093 1910 3156 faeiem

208 3190 259 3245 per
275 3172 379 3228 bellum
397 3172 483 3228 debet
499 3172 608 3228 senum
638 3173 802 3229 Assumtum
818 3175 917 3245 probo,
938 3176 1045 3249 quiain
1069 3190 1159 3229 nomme
1186 3191 1302 3228 messem
1326 3192 1415 3230 meam
1446 3183 1539 3230 amira
1569 3176 1719 3244 ‹iiiiqeutia
1745 3178 1911 3232 ammisit

208 3258 334 3315 metibus
356 3257 556 3315 haeretieorum
580 3257 673 3314 adhuc
698 3276 792 3316 semen
816 3267 944 3316 sanctum
967 3262 1045 3318 Deus
1071 3260 1265 3315 costumiam
1282 3279 1393 3330 samus,
1411 3262 1509 3329 aeqeis'
1525 3279 1661 3317 messores
1679 3271 1753 3318 suut.
1792 3265 1910 3319 Eamus

208 3345 261 3402 sibi
279 3351 385 3415 servat,
404 3351 433 3400 et
449 3343 474 3398 si
489 3361 546 3400 non
564 3343 646 3414 alios,
670 3351 764 3401 mmet
781 3345 938 3416 baptizatos
957 3347 1045 3403 infan-
1072 3346 1184 3414 quidem
1201 3352 1228 3400 et
1247 3363 1313 3414 uos,
1337 3347 1364 3400 si
1392 3364 1503 3401 sermm
1523 3348 1747 3418 perfecerimus,
1775 3351 1911 3419 aequales

207 3435 250 3486 tes
270 3429 300 3484 in
316 3429 389 3485 tilios
406 3447 471 3486 suos
488 3428 618 3501 adoptat,
641 3430 702 3500 jam
729 3446 796 3487 vero
812 3430 920 3504 absque
936 3433 1045 3490 illorum
1072 3433 1181 3500 ampolis
1198 3432 1267 3500 Dei,
1286 3433 1339 3486 sed
1356 3433 1438 3487 modo
1456 3435 1571 3502 quamdo
1583 3436 1790 3489 stomachamur
1808 3443 1910 3491 eontra

210 3515 375 3572 detrimento
387 3514 493 3571 behem
506 3515 640 3571 adversus
651 3514 806 3573 haereticos
818 3518 922 3590 suscipi
940 3520 1045 3592 nequit,
1072 3517 1170 3583 amics,
1199 3517 1294 3572 adbuc
1314 3517 1438 3572 damires
1463 3536 1567 3574 sumus.
1604 3518 1679 3574 Huic
1696 3521 1848 3593 Augustini
1866 3537 1909 3578 ar·

208 3605 241 3656 ut
259 3607 375 3657 conant
550 3648 552 3651 .
1073 3609 1205 3674 gemente
1223 3608 1317 3675 potest
1345 3603 1413 3658 addi
1439 3604 1571 3671 alterum,
1593 3606 1667 3678 quod
1695 3606 1750 3662 duo
1778 3607 1911 3663 distincta

82 3695 157 3737 ares·
246 3693 305 3744 ³26.
330 3688 425 3758 Atque
442 3684 496 3742 hae
511 3686 749 3745 suntBellarmini
762 3690 937 3762 exceptiones
950 3697 1047 3747 cenna
1072 3687 1211 3743 vocabula
1225 3687 1403 3758 adhibentur,
1423 3688 1464 3744 illi
1482 3689 1572 3755 enim,
1591 3689 1694 3762 quibus
1713 3692 1818 3753 evulsio
1837 3694 1910 3748 aisa·

82 3747 187 3841 &iffi
211 3779 335 3828 nostrum
357 3776 568 3845 argumentum,
591 3772 735 3829 videamus
759 3775 844 3831 etiam
863 3775 979 3832 aliorum
999 3793 1046 3833 ex·
1072 3774 1181 3829 nicrum
1209 3774 1395 3840 interdicitur,
1428 3782 1562 3831 vocantur
1590 3776 1705 3845 dodim,
1736 3778 1787 3832 sed
1815 3778 1909 3850 angeli

210 3859 361 3930 captiones.
394 3861 418 3912 1.
452 3859 580 3913 ommis
605 3860 648 3913 ibi
673 3860 799 3930 toqmmr
825 3864 868 3916 cd
891 3863 1045 3934 apostolas,
1072 3866 1207 3915 vocantur
1227 3864 1368 3934 drqsarrii
1391 3858 1466 3915 idem
1482 3860 1558 3933 quod
1583 3862 1677 3933 augeli
1696 3862 1828 3919 dicuntur
1845 3882 1908 3920 cum

209 3961 267 3999 mors
291 3947 332 3998 ad
354 3945 560 4012 magistratum.
595 3946 677 4014 Erqo
701 3947 730 4000 si
752 3947 795 4001 oei
815 3947 933 4001 maxime
946 3948 1045 4018 proisi·
1071 3944 1182 4001 christo
1200 3948 1232 4000 iss
1248 3962 1336 4001 messe
1351 3946 1452 4001 ultima
1469 3948 1579 4002 venturi
1597 3946 1695 4003 Matth.
1716 3954 1758 4019 25,
1775 3967 1802 4004 v.
1821 3956 1862 4007 ³1.
1880 3957 1909 4006 et

211 4031 296 4085 Mum
314 4037 384 4083 osset
407 4029 561 4084 iameticos
587 4032 729 4097 occidere,
760 4040 851 4087 tamem
875 4033 930 4088 iiia
946 4034 1046 4103 proisi·
1072 4031 1179 4087 amenis
1201 4031 1353 4087 collecturi.
1384 4031 1460 4103 Ergo
1485 4040 1542 4088 non
1567 4033 1723 4104 putandum
1745 4042 1805 4106 est,
1831 4044 1908 4094 certo

211 4116 280 4170 titio
309 4116 467 4185 pertineret
497 4116 638 4170 ductaret
663 4119 704 4170 ad
730 4119 863 4173 ecciesiae
891 4119 1043 4177 ministros.
1072 4115 1233 4188 angelorum
1252 4117 1343 4172 ordini
1358 4116 1527 4173 amariorum
1546 4119 1715 4175 evulsionem
1738 4136 1800 4177 esse
1822 4121 1907 4177 inter-

211 4200 439 4271 Respondcmus:
460 4201 516 4256 imo
532 4217 598 4258 vero
611 4201 737 4257 Christus
754 4203 784 4257 in
802 4219 905 4274 genere
924 4203 1046 4275 loquitur
1072 4203 1188 4273 dictam,
1208 4203 1277 4274 quin
1293 4203 1386 4274 potius
1404 4220 1497 4260 omnes
1518 4203 1547 4259 in
1563 4204 1663 4260 ultima
1679 4205 1791 4262 demum
1808 4224 1905 4276 messe,

211 4286 247 4343 de
272 4287 359 4343 servis
384 4285 593 4358 patrisfamilias
621 4305 646 4342 v.
674 4294 715 4344 27.
739 4293 769 4343 et
794 4293 837 4346 28.
855 4288 884 4343 in
904 4305 1044 4345 servorum
1071 4289 1100 4344 id
1124 4293 1167 4344 est
1192 4288 1221 4342 in
1244 4289 1289 4344 die
1312 4289 1475 4353 novissimo,
1501 4306 1565 4345 cum
1593 4288 1704 4347 Christo
1730 4293 1844 4349 venient
1869 4293 1905 4348 ad

209 4379 303 4429 autem
339 4372 450 4428 illorum
487 4389 601 4428 numero
638 4380 704 4430 sunt
737 4373 821 4429 etiam
855 4374 1044 4446 magistratus,
1070 4374 1143 4430 hanc
1162 4374 1331 4430 evulsionem
1349 4376 1547 4447 peragendam.
1582 4376 1641 4430 Illis
1665 4378 1713 4448 qui
1737 4395 1789 4447 per
1812 4395 1906 4434 servos

208 4459 289 4516 Rom.
317 4464 365 4528 ie,
401 4477 427 4514 v.
451 4466 474 4516 4.
501 4477 535 4515 ac
558 4466 669 4530 tempus
696 4459 889 4516 eradicationis
914 4462 1045 4517 statuitur
1070 4459 1184 4532 angelos
1213 4460 1387 4532 intelligunt,
1419 4462 1474 4516 duo
1502 4462 1598 4518 favent
1622 4463 1652 4517 in
1679 4462 1732 4519 hoc
1752 4465 1905 4537 evangelio.

208 4560 265 4601 non
282 4561 413 4615 praesens
431 4546 569 4616 seculum,
586 4545 637 4601 sed
655 4547 716 4600 dies
733 4546 832 4599 messis
856 4547 915 4602 sive
931 4549 1046 4604 extreud
1071 4547 1165 4604 Unum
1184 4552 1239 4612 est,
1266 4547 1341 4620 quod
1360 4546 1456 4602 dicunt
1481 4548 1518 4603 ad
1536 4548 1778 4621 patremfamilias:
1812 4552 1860 4607 Vis
1876 4559 1906 4606 ut

206 4629 314 4701 judicii,
331 4631 400 4701 quin
417 4637 445 4686 et
468 4630 624 4686 hominibus
643 4631 794 4686 eradicatio
812 4630 979 4687 zizaniorum
997 4650 1046 4704 pe·
1072 4649 1182 4696 eamus,
1203 4633 1290 4702 quasi
1305 4650 1367 4686 oum
1386 4635 1449 4686 Deo
1469 4635 1525 4687 siut
1543 4635 1573 4688 in
1590 4636 1683 4703 mela,
1710 4655 1766 4690 mors
1783 4638 1815 4692 iss
1833 4655 1905 4706 aqro

209 4717 284 4772 uitus
308 4716 440 4771 adimitur
464 4733 497 4771 ac
522 4716 690 4772 messoribus
718 4717 778 4772 sive
801 4718 909 4790 angelis
925 4719 1044 4790 relinqui
1071 4728 1097 4775 et
1116 4727 1211 4788 terra,
1235 4720 1288 4772 sed
1306 4727 1384 4773 estro
1400 4720 1492 4788 ipsum
1511 4738 1619 4790 aprum.
1656 4721 1785 4777 Alterum
1804 4730 1860 4792 eet,
1879 4729 1906 4779 et

206 4801 330 4872 jubetur.
368 4800 533 4873 Quicunque
546 4818 613 4873 ergo
624 4802 776 4857 haereticos
793 4819 809 4858 e
827 4803 918 4858 medio
936 4804 1045 4874 tollunt,
1071 4806 1239 4874 eolliqamus
1266 4822 1314 4872 aa,
1341 4820 1440 4860 name
1463 4805 1560 4860 muudi
1586 4821 1654 4877 agro
1673 4808 1793 4864 evellere
1810 4825 1905 4864 omnes

209 4893 319 4958 tempus
337 4902 355 4940 a
372 4885 433 4941 Deo
451 4886 594 4943 definitum
611 4893 790 4943 antevertant
809 4893 838 4943 et
856 4887 940 4944 alieni
959 4889 1046 4945 officii
1071 4891 1158 4947 malos
1182 4895 1300 4960 possunt
1316 4889 1419 4962 angeli,
1446 4908 1501 4945 non
1526 4891 1658 4948 homines.
1696 4894 1752 4949 Sed
1775 4895 1813 4949 ad
1837 4894 1906 4951 haec

209 4980 303 5043 partes
328 4971 472 5026 invadunt.
507 4973 678 5042 avemque
703 4974 839 5028 ooeamdo
857 4990 1001 5029 serumrsm
1018 4984 1045 5032 et
1070 4976 1221 5048 respondet
1245 4974 1310 5031 ioh
1333 4992 1351 5030 a
1375 4975 1403 5031 la
1424 4975 1509 5049 Haya
1533 4978 1560 5034 d.
1584 4978 1617 5034 l.s
1645 4980 1797 5035 Patalam
1816 4981 1858 5036 irs
1876 4982 1908 5037 isi

208 5059 358 5114 missorum
385 5058 582 5127 imteiiiqurstur
605 5060 717 5127 arsqeii,
745 5059 814 5131 quia
838 5076 932 5114 ommes
950 5063 1047 5131 ampeli
1070 5064 1145 5118 serui
1165 5069 1286 5135 propter
1311 5065 1474 5118 exercitium
1496 5066 1659 5134 potestatis,
1686 5066 1820 5136 colliqere
1841 5085 1907 5122 uero

207 5151 273 5198 sumt
289 5144 365 5198 aerei
377 5159 426 5197 seu
442 5143 566 5197 ministri
576 5162 595 5197 a
607 5145 672 5198 Deo
685 5145 788 5209 emissi,
804 5145 925 5214 proinde
941 5163 1045 5215 aequo·
1067 5155 1189 5220 propter
1204 5149 1308 5219 adum,
1325 5157 1454 5206 commum
1473 5158 1500 5204 et
1516 5151 1656 5222 siurim,
1675 5159 1701 5206 et
1721 5161 1856 5221 quantum
1875 5156 1906 5208 iss

208 5248 293 5302 quam
309 5228 473 5297 bominibus,
489 5230 658 5298 praesertim
669 5231 857 5300 maqs‘stratus',
875 5231 1045 5287 sisauiorum
1070 5236 1142 5308 s'pss'e
1159 5241 1208 5290 est.
1239 5234 1322 5289 Serui
1341 5239 1485 5305 accedant,
1513 5238 1630 5307 quaudo
1650 5238 1776 5292 osritads
1800 5240 1907 5294 doctri·

209 5316 315 5370 mulsia
333 5316 487 5370 interdicta
504 5323 560 5381 est,
582 5318 634 5369 sed
658 5322 734 5370 certa
754 5316 919 5385 aoqeiorum
936 5319 1041 5384 ordirss'.
1070 5339 1136 5376 uam
1154 5328 1181 5375 et
1198 5320 1370 5376 solummem
1389 5312 1708 5391 versicoloriam
1726 5326 1810 5394 qssuss¹
1826 5334 1907 5381 seira

210 5401 371 5472 Distimqait
384 5402 458 5457 emim
479 5401 604 5456 Christus
627 5401 700 5456 iuter
726 5404 783 5458 duo
801 5403 936 5459 distincta
959 5420 1043 5472 usqe-
1069 5423 1169 5477 aqrum
1192 5413 1219 5462 et
1237 5424 1300 5462 eum
1314 5408 1447 5478 Domino,
1465 5411 1518 5463 sed
1528 5415 1683 5479 postquam
1695 5411 1736 5466 ad
1752 5427 1814 5467 eum
1829 5427 1909 5469 oeae
