4020 6014
258 313 318 369 204
843 302 967 361 LOCUS
985 301 1190 361 VICESIMUS
1207 300 1373 360 TERTIUS

256 476 365 521 sarum,
390 465 420 512 tu
449 459 562 513 rrrinime
580 459 611 511 in
629 460 704 513 nome
721 460 825 528 seculi,
847 462 900 513 sed
916 457 1092 513 solummodo
1120 455 1186 510 dum
1205 457 1243 526 id,
1261 457 1336 529 quod
1354 424 1446 513 habet·
1457 473 1491 512 ex
1510 457 1612 514 Christi
1629 458 1815 527 institutione,
1833 478 1892 516 nou
1908 461 1953 517 ob·

257 544 383 598 orationi
399 545 655 614 acpraedioutione'
672 546 963 616 deditusreperr'ars'e.
987 544 1092 600 Cenon.
1119 542 1189 598 tinet
1219 543 1391 598 dominatum
1409 544 1578 615 politicum,
1614 550 1646 601 ut
1676 545 1730 602 hoc
1759 546 1823 603 loeo
1855 548 1954 604 diserte

259 637 281 686 t.
292 631 424 700 apostolis
432 631 583 686 attributus
592 632 632 686 sic
641 630 739 687 habet:
751 632 920 701 Episcopus,
931 631 1091 701 outpresby·
1121 629 1304 684 Bellarmiuus
1322 630 1459 695 concedit,
1478 647 1528 686 cur
1547 632 1675 703 praeced.
1687 648 1710 688 c.
1732 638 1754 688 1.
1774 632 1883 702 scribit,
1902 650 1955 688 ros

258 725 298 770 ta·
312 725 361 770 aut
373 718 846 786 diaconusnequaquameeculores
856 736 940 772 curas
951 725 1092 785 assumat,·
1117 724 1176 768 tam
1194 718 1359 770 sententiam
1379 734 1464 786 qsrom
1482 718 1611 772 baeremn
1635 735 1709 787 erse,
1733 721 1812 787 quod
1824 718 1955 789 pontisas

257 806 302 858 sin
318 805 410 872 aliter,
423 805 585 873 dejiciatur.
604 804 762 875 Cyprianus
779 821 859 858 serm.
875 805 910 860 de
926 804 1013 875 lapsis
1029 820 1092 857 con·
1119 809 1149 854 nt
1161 803 1292 871 pontifec
1318 811 1343 856 et
1356 804 1464 872 eujure
1483 805 1580 858 diuino
1600 805 1710 859 nullom
1730 805 1834 859 babent
1853 814 1955 875 ternpo-

258 889 470 962 qneritur,quod
481 890 1093 959 episcopi,quosetltomamentoeeterisopor-
1104 920 1107 997 η
1118 889 1209 942 ralem
1226 891 1410 957 potestatem!
1448 889 1477 944 si
1494 892 1559 962 jure
1577 890 1729 961 apostolico
1750 889 1878 961 pontifex
1904 907 1957 947 non

259 983 314 1028 teat
324 992 382 1030 esse
392 984 417 1029 ct
432 978 564 1046 cntempla,
575 978 632 1031 visi
640 977 697 1030 sint
706 978 805 1031 diuino
814 978 1018 1048 promotione
1028 994 1091 1030 oon·
1118 973 1204 1030 habet
1221 974 1364 1045 politicum
1382 975 1568 1045 dominatum,
1591 993 1641 1031 cur
1659 976 1745 1047 igitur
1762 982 1879 1048 propter
1896 994 1956 1032 suc·

258 1069 343 1115 teneto
356 1071 559 1130 procuratores
577 1079 672 1117 rerum
686 1064 856 1117 cruciarium
867 1065 939 1129 lieri,
958 1064 1093 1117 derelicta
1119 1060 1269 1116 cessionem
1297 1061 1325 1115 in
1356 1062 1423 1118 sede
1454 1063 1606 1132 apostolica
1636 1079 1698 1118 eam
1729 1062 1784 1118 uiri
1807 1063 1957 1119 vendicat?

258 1149 408 1216 cathedra,
442 1150 525 1220 plebe
555 1152 668 1203 decemo
693 1166 749 1220 per
785 1150 897 1204 alienas
928 1149 1094 1218 prouincias
1120 1144 1174 1210 Qui
1188 1147 1295 1217 sliquid
1313 1146 1367 1202 sibi
1390 1156 1518 1219 arrogat,
1544 1149 1619 1221 quod
1638 1166 1689 1206 nee
1706 1167 1740 1206 ex
1759 1149 1864 1204 Christi
1881 1150 1958 1205 insti·

259 1235 418 1290 oberrantes
435 1235 632 1305 negotiationis
647 1243 830 1304 quaestuosae
847 1237 990 1290 nundinas
1009 1254 1093 1289 aueu-
1119 1232 1234 1300 tutione,
1252 1249 1302 1288 nee
1322 1231 1358 1287 ab
1378 1235 1504 1302 apostolo
1521 1234 1605 1290 Petro
1624 1236 1746 1305 accepit,
1763 1235 1788 1291 is
1802 1252 1857 1290 nec
1877 1250 1958 1290 verus

254 1322 333 1390 pari,
355 1323 536 1375 esurientibus
551 1323 580 1375 in
594 1323 711 1375 ecclesm
720 1323 863 1387 fratribus
875 1341 930 1376 non
943 1324 1095 1387 subrenire,
1120 1317 1223 1372 Christi
1235 1318 1363 1386 vicarius,
1383 1337 1435 1375 nee
1447 1319 1526 1376 Petri
1539 1336 1682 1376 successor
1695 1328 1745 1377 est
1778 1320 1959 1377 Bemhurdus

257 1408 360 1461 babere
381 1416 526 1476 arpentum
550 1408 671 1475 largiter·
695 1409 780 1477 velle,
810 1411 919 1472 fundos
947 1409 1095 1462 insidiosis
1119 1404 1188 1474 quid
1205 1405 1241 1460 de
1257 1405 1402 1475 temporali
1419 1405 1468 1460 illa
1483 1406 1645 1476 pontificum
1676 1412 1814 1478 potestate
1833 1409 1959 1477 nasset,

257 1493 412 1552 fraudibus
438 1510 556 1562 rapere,
589 1494 685 1547 essurio
714 1495 967 1564 multiplicantibus
991 1497 1094 1558 foenus
1120 1506 1153 1544 ex
1181 1489 1272 1545 verbis
1301 1490 1375 1545 illius
1407 1490 1553 1548 manifeste
1582 1494 1771 1562 conspicitur?
1789 1492 1836 1548 lib.
1869 1499 1893 1549 2.
1924 1494 1959 1549 de

259 1596 370 1645 cupere.
411 1578 445 1631 Id
471 1578 562 1648 ipsum
583 1579 611 1632 in
627 1596 714 1650 regno
732 1580 880 1635 Pontificio
897 1580 980 1636 hodie
1001 1580 1094 1635 adhuc
1119 1577 1225 1630 consid.
1255 1577 1291 1630 ad
1315 1576 1424 1647 Eugen.
1449 1579 1500 1632 col.
1529 1583 1608 1634 tout:
1631 1581 1820 1634 Interdieitur·
1844 1565 1959 1651 (mouit)

258 1663 317 1718 fieri
335 1668 454 1718 testetur
471 1664 647 1733 experientia.
681 1665 870 1721 Tertullianus
883 1667 919 1721 de
936 1666 1001 1721 idol.
1020 1684 1044 1720 c.
1065 1672 1093 1723 8:
1120 1662 1258 1731 apostolis
1283 1663 1456 1731 cloniacense,
1487 1681 1554 1732 erpo
1587 1672 1618 1718 tu
1644 1681 1786 1735 usrrrpare
1808 1667 1886 1719 eade
1910 1673 1960 1720 aut

260 1749 389 1803 Christro
411 1750 533 1817 gloriam
555 1752 644 1805 eemdi
670 1759 696 1805 ct
719 1753 774 1805 sibi
798 1761 823 1805 ct
843 1753 902 1806 ruis
923 1754 1018 1807 aliena
1037 1769 1095 1806 csse
1120 1747 1249 1802 domim
1272 1750 1476 1817 apostolatum,
1500 1756 1550 1804 aut
1575 1751 1749 1820 apostolicus
1773 1751 1959 1807 dominatura.

257 1835 413 1903 judicarit.
441 1835 575 1907 Origenes
593 1835 686 1891 homil.
709 1843 746 1892 12.
771 1837 801 1891 in
817 1839 932 1893 Masta:
949 1841 1029 1893 Inter
1046 1856 1094 1892 vos
1120 1835 1211 1888 Plane
1241 1836 1275 1887 ab
1301 1841 1420 1904 utroque
1445 1836 1621 1905 prohiberis,
1650 1837 1678 1890 ei
1701 1844 1848 1907 utrumque
1871 1837 1959 1892 'simul

260 1929 366 1989 autem,
390 1922 439 1989 qui
466 1923 532 1975 emes
556 1923 625 1991 mei,
652 1941 708 1978 non
734 1932 815 1977 erunt
841 1924 925 1994 boec,
955 1942 989 1978 ne
1015 1926 1093 1990 forte
1120 1920 1221 1973 babere
1246 1921 1336 1988 soles,
1359 1928 1505 1990 utrumque
1526 1923 1632 1990 perdes
1650 1927 1701 1976 ete.
1744 1923 1869 1977 narrato
1887 1940 1957 1992 pro·

259 2008 308 2075 qui
319 2007 458 2061 videntur
467 2008 568 2062 babere
583 2009 706 2079 aliquem
720 2010 750 2063 in
762 2011 881 2065 ecclesia
889 2012 1093 2080 principatum,
1116 2006 1219 2077 passae
1234 2014 1357 2078 operest
1372 2007 1430 2071 tibi,
1448 2023 1504 2060 uon
1521 2015 1640 2076 sceptro,
1656 2015 1688 2060 ut
1698 2024 1770 2077 opere
1780 2009 1878 2073 facias
1887 2026 1957 2079 pro·

260 2093 436 2147 dominentur
451 2095 595 2159 fratribus
608 2095 740 2164 propriis
755 2098 799 2150 uel
813 2104 981 2166 potestatem
999 2094 1028 2148 in
1047 2113 1094 2150 sos
1117 2095 1232 2163 plumae,
1262 2100 1287 2147 et
1311 2094 1361 2147 ille
1389 2096 1503 2162 quidem
1524 2112 1580 2148 non
1605 2102 1776 2163 regnaturus
1800 2097 1958 2162 adscendit,

260 2188 411 2235 exerceant.
454 2180 592 2243 Quons'am
615 2181 687 2234 sieut
713 2183 808 2236 omnia
836 2183 969 2235 carnalia
992 2182 1021 2235 in
1047 2172 1093 2236 lte·
1119 2182 1171 2233 sed
1190 2180 1395 2248 exstirpaturus
1413 2186 1463 2236 etc.
1501 2180 1571 2234 Cium
1587 2180 1666 2234 dieat
1685 2181 1826 2234 Dominus
1845 2198 1881 2234 oe
1898 2198 1956 2235 mo·

260 2266 387 2319 cessitate
410 2275 474 2319 sunt
490 2267 601 2336 posita,
623 2285 679 2320 non
697 2269 727 2321 in
745 2268 902 2336 uoluntate,
928 2267 1093 2337 spiritualia
1120 2266 1219 2335 cister,
1246 2282 1276 2319 se
1294 2285 1349 2320 non
1367 2282 1425 2319 esse
1443 2267 1621 2320 constitutum
1639 2266 1712 2320 inter
1732 2268 1805 2320 duos
1823 2267 1957 2334 judicent,

261 2360 352 2404 arcem
369 2352 399 2405 in
416 2353 572 2419 uoluntate,
601 2372 657 2407 non
680 2355 710 2407 in
734 2355 897 2409 necessitate
904 2376 912 2418 ,·
936 2354 977 2407 sic
995 2361 1021 2406 et
1046 2353 1096 2422 qui
1120 2370 1176 2404 non
1200 2352 1280 2405 debet
1297 2368 1384 2406 ¹seruo
1408 2369 1442 2405 ae
1468 2351 1609 2419 desputo
1634 2352 1781 2419 indignum
1800 2352 1907 2416 sideri,
1932 2353 1959 2404 si

257 2438 403 2506 principes
416 2438 587 2507 spirituales,
600 2439 784 2510 principatus
795 2457 890 2495 eorum
903 2440 932 2493 in
944 2439 1094 2494 dilectione
1120 2456 1174 2491 non
1194 2438 1304 2505 judicet
1321 2439 1470 2494 unirersos.
1506 2440 1587 2507 Eroo
1612 2439 1640 2492 in
1661 2438 1834 2503 criminibus,
1852 2456 1911 2493 non
1927 2440 1958 2493 in

260 2523 445 2592 subjectorum
459 2525 571 2593 positus
590 2542 648 2578 esse
669 2527 761 2591 debet,
789 2543 844 2579 nou
870 2526 899 2580 in
917 2527 1014 2581 timore
1033 2544 1093 2580 cor·
1117 2525 1339 2593 possessionibus
1352 2531 1478 2595 potestas
1494 2531 1597 2588 oestro,
1615 2525 1748 2593 quoniam
1760 2525 1958 2594 propterilla,

257 2610 364 2678 poroli.
398 2608 585 2680 Hieronymus
603 2611 639 2665 ad
658 2610 773 2682 Nepet:
794 2610 847 2674 eri
860 2613 1012 2666 Dominum
1025 2630 1093 2682 pos·
1122 2629 1176 2665 uon
1199 2617 1319 2679 propter
1344 2610 1397 2662 bas
1420 2609 1554 2678 accepisti
1579 2610 1672 2664 claoee
1695 2611 1777 2679 regni
1805 2611 1956 2665 coelorum.

259 2697 333 2748 sr'slct
357 2703 382 2749 et
407 2714 468 2749 cum
482 2698 623 2765 propbeta
647 2697 730 2764 dicit,
755 2715 830 2765 pars
857 2714 920 2752 meo
943 2699 1094 2763 Dominus,
1124 2695 1265 2758 stoenom
1297 2695 1349 2748 tibi
1375 2694 1487 2748 ridetur
1520 2696 1614 2763 major
1641 2695 1767 2763 dipnt‘tas
1797 2697 1959 2750 dimittendi

260 2783 331 2836 nibil
356 2791 434 2836 extra
453 2783 607 2837 Dominum
626 2784 728 2839 labere
744 2792 843 2854 potest.
886 2785 992 2849 Quodsi
1014 2785 1093 2855 qrsip·
1118 2789 1251 2850 peccota,
1275 2800 1313 2834 an
1333 2781 1459 2853 praedia
1483 2781 1654 2840 diuidendi!
1671 2781 1753 2835 nulla
1772 2782 1958 2851 comparatio.

254 2871 336 2939 piam
354 2869 439 2922 aliucl
461 2869 589 2923 babuerit
609 2877 726 2939 praeter
745 2871 913 2940 Dominum,
933 2889 1007 2941 pars
1033 2873 1094 2941 ejus
1122 2868 1234 2920 Habent
1258 2867 1327 2921 boec
1351 2868 1449 2930 infima
1467 2875 1493 2920 et
1516 2875 1627 2922 terrena
1640 2868 1759 2937 judices
1776 2885 1856 2934 euos,
1876 2884 1958 2936 repes

259 2955 381 3009 nouerit
397 2955 552 3023 Dominus,-
575 2956 603 3008 si
617 2972 726 3024 aurum,
744 2940 1093 3027 siorqentum,eiposses-
1122 2962 1148 3008 et
1170 2955 1329 3024 principes,
1352 2955 1424 3023 quisi
1445 2957 1519 3024 fines
1543 2955 1653 3009 alienos
1682 2953 1839 3008 invaditis!
1882 2954 1959 3017 Quid

260 3041 368 3102 mones,
392 3040 545 3092 sicariam
564 3040 783 3108 supellectilem,
806 3059 867 3094 cum
887 3042 949 3096 istis
962 3044 1094 3112 partibus
1123 3041 1230 3104 falcem
1249 3048 1370 3094 vestram
1392 3042 1422 3093 in
1443 3040 1565 3094 alienam
1587 3057 1702 3094 messem
1721 3040 1893 3094 ostenditis!
1910 3040 1957 3097 lib.

255 3142 329 3193 pars
344 3125 407 3192 ejus
423 3125 489 3188 sieri
505 3125 646 3178 Dominus
665 3144 720 3180 non
739 3127 912 3195 dignabitur.
951 3128 986 3182 Si
1002 3136 1094 3182 autem
1123 3135 1147 3182 l.
1167 3126 1201 3182 de
1221 3126 1324 3181 consid.
1345 3126 1396 3180 eol.
1418 3132 1494 3182 1036:
1524 3126 1601 3188 Quid
1624 3129 1716 3181 denuo
1734 3144 1876 3198 usrupare
1894 3127 1957 3196 plo-

251 3207 310 3281 'cpo
324 3229 397 3281 pars
418 3211 538 3263 Domini
554 3228 615 3293 sum
627 3219 653 3263 et
670 3211 817 3276 funiculus
835 3213 1003 3267 hereditatis
1024 3215 1103 3281 ejus,
1123 3213 1202 3266 dium
1218 3220 1324 3280 tentas,
1349 3228 1428 3280 quem
1446 3213 1532 3265 semel
1545 3212 1646 3281 jussus
1664 3229 1692 3266 es
1705 3228 1814 3281 ponere
1832 3215 1862 3266 in
1880 3213 1957 3281 uagi·

212 3303 220 3313 '
259 3314 310 3351 rsec
328 3298 438 3366 occipio
454 3305 566 3368 partem
588 3298 661 3352 inter
687 3306 796 3351 ceteras
820 3300 922 3367 tribus,
945 3302 997 3353 sed
1014 3302 1096 3370 mensi
1123 3300 1210 3352 namt
1236 3303 1290 3354 ete.
1336 3298 1454 3366 Uterque
1477 3315 1543 3366 eruo
1573 3298 1719 3365 eeclesiae,
1744 3306 1772 3353 et
1795 3299 1959 3368 spiritualis

260 3385 356 3438 Levita
377 3393 402 3437 et
420 3385 555 3437 sacerdos
574 3384 683 3438 nicode
697 3384 814 3438 decimis
833 3368 1096 3441 erauartseroten
1122 3385 1228 3438 scilieet
1257 3385 1373 3453 gladius
1390 3392 1417 3437 et
1442 3385 1616 3453 materialis,
1639 3386 1692 3438 sed
1715 3384 1741 3438 is
1768 3385 1881 3454 quidem
1900 3404 1957 3457 pro

261 3471 365 3523 altaris
384 3471 523 3524 oblatione
540 3477 693 3538 sustentor,
721 3472 825 3524 babens
849 3471 950 3525 rictum
971 3479 996 3524 et
1014 3473 1096 3525 oesti-
1123 3471 1251 3539 ecclesia,
1268 3470 1318 3523 ille
1334 3488 1399 3524 uero
1418 3472 1491 3524 stab
1508 3471 1627 3525 ecclesia
1640 3473 1809 3525 eeucendus
1821 3478 1869 3524 est.
1900 3472 1958 3526 Ille

262 3564 332 3622 tunt,
359 3556 403 3608 bis
432 3564 575 3610 contentus
604 3574 651 3610 ero
679 3565 704 3611 ct
733 3559 839 3611 nirdam
865 3575 975 3611 munem
1002 3559 1096 3612 nucius
1122 3558 1279 3610 recedetis
1302 3558 1327 3610 is
1355 3557 1456 3611 militis
1490 3576 1588 3622 manu,
1617 3560 1669 3611 sed
1696 3574 1764 3610 sane
1794 3559 1836 3611 ad
1862 3565 1958 3611 nutum

261 3659 371 3710 ss‘quar.
415 3642 556 3697 Ambrosii
584 3643 613 3697 iu
638 3649 660 3699 2.
688 3644 759 3700 Tim.
786 3652 810 3701 2.
840 3645 945 3699 dictum
976 3643 1095 3698 vidimus
1122 3644 1314 3697 sucerdotiset
1326 3645 1439 3711 jussum
1457 3644 1644 3711 inperatoria.
1680 3643 1758 3697 Idem
1776 3643 1957 3714 insputari

262 3729 344 3796 paulo
368 3728 501 3797 superius.
546 3729 623 3785 Idem
643 3738 712 3787 orat.
739 3732 768 3785 in
792 3732 926 3787 Auxent:
950 3732 1095 3786 Aduersus
1123 3729 1281 3800 archiepisc.
1307 3730 1510 3786 Senonensem:
1539 3732 1675 3786 Conditor
1697 3730 1823 3783 caesaris
1846 3731 1959 3784 camari

130 3835 189 3876 xm,
204 3834 248 3877 ηρ,
262 3830 351 3881 arrosa,
370 3813 481 3877 milites,
503 3813 611 3867 Gotltos
630 3833 737 3884 quoquc
757 3818 895 3872 lacrimae
912 3835 990 3871 meae
1013 3835 1096 3872 orma
1121 3835 1177 3871 non
1196 3823 1338 3870 cunctatus
1362 3824 1402 3869 est
1427 3817 1548 3870 reddere
1568 3833 1691 3880 camum,
1711 3816 1867 3885 coemptum
1884 3816 1957 3871 enim

261 3907 339 3961 erunt,
371 3899 433 3952 olio
463 3901 533 3953 enim
559 3903 731 3956 munimenta
760 3923 816 3958 nou
842 3914 905 3959 sum
930 3905 1094 3973 sacerdotis,
1122 3903 1203 3956 dedit
1220 3902 1313 3968 uobis,
1333 3910 1362 3956 ut
1380 3911 1406 3955 et
1426 3920 1475 3956 eos
1498 3904 1540 3956 s'ta
1556 3903 1686 3966 faciatis.
1725 3901 1878 3973 Gregorius
1894 3902 1956 3959 libr.

262 3985 346 4038 aliter
370 4002 420 4038 nec
445 3987 543 4053 debeo,
569 4004 618 4040 nec
631 4004 748 4056 possum
765 3990 905 4048 resistere.
940 3990 1094 4045 Bernhardi
1123 3994 1148 4043 4.
1179 3987 1286 4058 epistol.
1320 3995 1367 4044 ll:
1399 3988 1434 4041 Si
1460 3989 1523 4058 quis
1552 3987 1803 4042 ecclemeticorum
1834 4006 1957 4058 unquam

261 4070 421 4126 testimonia
438 4087 470 4125 ex
488 4071 534 4127 lib.
556 4078 576 4126 1.
599 4077 628 4126 ct
646 4078 668 4128 2.
694 4073 729 4127 de
748 4075 911 4130 considerat.
930 4076 967 4130 ad
984 4075 1093 4147 Eugen.
1122 4075 1218 4127 toules
1231 4091 1338 4143 ponere
1354 4075 1412 4128 siue
1423 4073 1453 4127 in
1465 4073 1578 4137 rustico,
1595 4073 1653 4127 sios
1671 4072 1701 4126 iu
1715 4074 1822 4128 urbano
1832 4076 1957 4144 praedio

255 4157 357 4212 itidem
383 4156 508 4227 superius
535 4156 713 4228 adduximus,
740 4160 775 4213 ad
804 4178 885 4231 quem
911 4160 1095 4216 Bellerminus
1122 4178 1176 4214 sua
1204 4168 1301 4228 sponte
1325 4161 1545 4229 praesumserit,
1577 4159 1726 4214 anathemo
1756 4159 1801 4213 eit.
1846 4160 1958 4233 Excipit

262 4242 377 4313 exeipit,
413 4243 611 4296 Bernhardum
641 4244 719 4313 loqui
754 4247 788 4298 olo
819 4246 968 4316 pontifice,
997 4255 1028 4300 ut
1056 4255 1096 4302 est
1121 4244 1686 4314 Bellurminus,ecclesiomtunctcmporls
1695 4246 1958 4301 nondumlrabus'see

259 4331 390 4401 pontifex
418 4330 501 4382 totius
538 4330 672 4384 ecckmae
703 4339 728 4384 et
764 4334 915 4385 secundun
943 4334 988 4398 ist,
1020 4337 1097 4403 quod
1119 4332 1267 4401 politiorem
1282 4333 1490 4400 principatum,
1512 4334 1564 4385 sed
1576 4329 1836 4400 possedisse‘bonu
1854 4339 1956 4402 tempo·

262 4418 344 4470 babet
362 4433 394 4469 ea
414 4414 521 4468 Christi
545 4416 730 4484 institutione,
758 4435 819 4471 cuns
846 4420 950 4486 addat,
971 4420 1041 4474 Esto
1065 4430 1095 4475 ut
1121 4418 1200 4470 ralia
1217 4420 1258 4471 ad
1276 4434 1337 4471 eum
1357 4411 1483 4481 moditor,
1511 4434 1565 4485 quo
1584 4418 1693 4487 priuati
1712 4418 1784 4472 ciees
1799 4420 1957 4489 possident.

263 4504 325 4558 alia
343 4518 507 4572 quacunque
525 4503 636 4555 ratione
653 4501 722 4556 baec
740 4504 793 4556 tibi
810 4506 951 4570 ecrsdices,
969 4509 1095 4562 sednon
1120 4504 1344 4574 Respondemus:
1369 4507 1485 4572 apparet
1512 4501 1612 4573 igitur,
1642 4503 1801 4559 melioribus
1822 4504 1957 4561 ecelesiae

263 4591 418 4659 apostolico
430 4590 507 4658 jure.
544 4587 615 4643 Item
635 4587 836 4643 Bernbordum
854 4592 905 4644 boo
922 4593 1001 4660 velle,
1020 4597 1097 4662 quad
1121 4589 1292 4661 temporibus
1301 4589 1475 4660 episcoposa
1487 4589 1600 4659 politico
1612 4589 1770 4660 principatu
1780 4588 1957 4660 abstinuisse,

259 4677 392 4743 pontifex
414 4685 442 4728 ut
457 4682 559 4743 pastor
585 4674 676 4727 ovium
693 4692 749 4727 non
774 4676 872 4730 <tabem
889 4678 929 4732 eis
944 4680 1096 4748 dominari,
1121 4677 1156 4732 ad
1175 4693 1247 4748 quae
1259 4677 1345 4731 nostri
1363 4674 1485 4746 episcopi
1503 4676 1605 4731 iterum
1623 4675 1773 4731 revocandi
1785 4682 1857 4740 sunt,
1876 4694 1956 4748 prae·

263 4763 315 4813 scd
334 4778 530 4828 conpascere,
559 4761 671 4813 interim
697 4760 769 4813 sicut
791 4762 971 4817 nibilominus
995 4766 1096 4819 iisdem
1121 4764 1215 4818 sertim
1234 4779 1297 4817 cum
1317 4762 1483 4834 generaliter
1513 4763 1643 4833 loquatur
1661 4761 1829 4833 Gregorius,
1858 4763 1899 4817 ita
1924 4771 1957 4820 nt

264 4846 366 4911 ouibus,
385 4855 415 4899 ut
434 4855 497 4900 sunt
511 4848 584 4901 eiocs
602 4846 777 4917 reipublicae
790 4849 952 4902 dominatur
961 4852 1096 4923 princeps
1121 4848 1246 4905 futurum
1266 4865 1377 4918 quoque
1395 4854 1506 4919 tempus
1525 4848 1657 4904 includat
1692 4848 1824 4906 Nicotaus
1837 4847 1861 4906 1.
1882 4849 1958 4905 eirca

259 4932 407 5000 politicus,
426 4932 467 4985 ita
488 4936 585 4987 eadem
603 4934 714 4987 ratione
729 4950 812 5002 posse
832 4934 933 4987 iisdem
952 4937 1097 4991 dominari
1121 4952 1224 4989 annum
1244 4933 1347 4988 Christi
1367 4939 1425 4990 860.
1446 4935 1474 4988 in
1494 4935 1614 5006 epistola
1632 4934 1669 4988 ad
1689 4934 1854 4990 Michaelem
1871 4934 1958 5006 impe·

259 5020 428 5089 pontificem,
445 5019 472 5070 si
487 5019 524 5071 rit
541 5037 636 5074 eorum
651 5019 787 5088 princeps
796 5010 939 5088 politiora.
972 5022 1094 5093 Respon-
1120 5027 1239 5076 retorem
1251 5020 1367 5089 scripsit,
1385 5020 1472 5076 fuisse
1485 5021 1597 5093 quidem
1615 5025 1681 5074 aute
1693 5020 1795 5075 Christi
1807 5019 1959 5075 adrentum

262 5105 373 5159 demus:
399 5103 432 5156 Id
450 5119 515 5158 vero
537 5112 580 5159 est
597 5106 625 5159 in
646 5105 785 5176 quaesito,
811 5122 847 5160 an
871 5106 995 5176 pontifex
1014 5107 1095 5162 simul
1121 5105 1230 5160 eosdem
1243 5122 1322 5176 reges
1336 5114 1364 5162 et
1381 5108 1536 5178 pontifices,
1553 5113 1583 5161 at
1595 5105 1735 5162 Christum
1752 5123 1848 5161 verum
1862 5123 1958 5178 regem

261 5206 322 5245 cese
343 5190 432 5260 possit
456 5188 589 5245 ecclesiae
618 5200 713 5261 pastor
742 5198 769 5247 et
802 5191 931 5263 princeps
959 5184 1095 5263 politicui.
1121 5196 1150 5245 et
1168 5191 1327 5260 pontificem
1344 5194 1398 5249 ista
1423 5195 1589 5249 distinxisse.
1628 5195 1697 5248 Cum
1722 5194 1764 5245 ad
1779 5209 1875 5246 oerum
1894 5211 1958 5247 oen·

262 5279 304 5329 Ac
315 5276 339 5330 si
350 5275 475 5346 pontifex
484 5281 516 5329 ut
524 5281 680 5345 pastoruon
693 5277 777 5333 debet
784 5277 881 5333 ovibus
893 5278 1036 5343 dominari,
1047 5297 1096 5334 cur
1121 5284 1178 5330 turn
1197 5285 1238 5330 est
1256 5278 1376 5352 (inquit),
1392 5280 1471 5334 ultra
1487 5278 1544 5332 sibi
1559 5296 1609 5331 nec
1626 5279 1784 5348 imperator
1795 5279 1869 5347 jura
1883 5296 1956 5348 porr·

261 5360 321 5431 ipse
341 5360 525 5416 Bellerminus
546 5377 569 5413 e.
588 5367 611 5415 7.
634 5363 817 5432 praecedente
844 5380 877 5419 ex
900 5365 974 5419 dicto
994 5364 1096 5420 Christi
1121 5363 1242 5430 tisicatue
1260 5367 1393 5436 arripuit,
1410 5381 1462 5418 nee
1479 5364 1610 5432 pontisas
1627 5381 1725 5419 nomen
1745 5366 1958 5435 imaginatorium

260 5445 324 5503 boh.
344 5452 385 5515 21,
407 5465 432 5500 r.
459 5453 490 5503 te
511 5452 540 5501 et
562 5452 600 5502 tt.
627 5448 792 5502 Poseeoocs
807 5467 890 5518 meas,
909 5451 1096 5508 demonstrare
1120 5451 1275 5519 essurpooit,
1294 5453 1425 5521 qnoniam
1443 5450 1518 5501 idem
1536 5451 1677 5504 mediator
1694 5451 1754 5506 Dei
1771 5459 1797 5505 et
1814 5453 1958 5508 bominum

261 5537 389 5602 conatur,
414 5549 517 5604 papam
539 5532 642 5601 habere
669 5550 802 5590 summam
821 5537 1000 5606 temporalem
1016 5543 1095 5610 pote-
1120 5537 1201 5591 bomo
1215 5536 1343 5592 orrens
1353 5538 1439 5592 Jecur
1457 5533 1567 5588 actibsn
1580 5537 1712 5605 propriis
1728 5545 1755 5592 et
1770 5538 1957 5606 dignitatibus

261 5623 360 5673 statem
377 5617 519 5676 indirecte.
557 5618 586 5676 Si
605 5616 731 5690 pontifex
753 5625 786 5675 ut
808 5621 932 5692 pontifex
952 5629 981 5678 et
997 5626 1094 5679 secun-
1121 5621 1262 5678 Minoris
1281 5622 1381 5688 masto
1395 5619 1547 5685 potorem
1558 5621 1703 5692 utriusque
1720 5624 1868 5690 diremit,
1888 5644 1975 5695 pro,
