4020 6014
204 242 278 300 ,534
798 217 921 284 1100OE
937 212 1143 284 studemus
1162 216 1344 293 eumuna

217 387 285 458 qnia
300 387 378 456 paca
395 400 485 440 marm
502 391 557 452 ert,
575 382 637 437 riae
653 399 717 438 meo
733 382 819 452 mclpa
843 397 863 434 a
879 397 922 435 mc
938 377 1054 445 auferri
1078 378 1144 434 idea
1171 370 1291 449 ealjecti
1316 395 1373 434 esre
1395 379 1499 434 raom
1517 377 1622 446 amires,
1645 382 1703 430 tam
1721 364 1807 442 iaici,
1831 372 1916 444 prm

216 472 312 540 aequit
329 472 347 527 l.
371 476 409 526 11.
427 470 469 526 ds.
490 469 524 525 R.
544 467 574 524 J.
593 466 779 538 subjecerunt
795 483 824 521 se
843 465 955 538 quidem
972 479 1052 536 prae·
1078 467 1177 521 clerici
1193 468 1225 520 ia
1243 467 1289 533 iis,
1309 467 1537 536 praepedirent
1554 466 1596 518 od
1614 460 1716 518 loram
1732 461 1860 530 repimen
1877 460 1915 512 ei·

217 555 272 609 sidi
289 556 474 611 ecclesiastico
494 557 629 624 tanquam
648 569 713 609 ores
730 551 903 623 pastoribus,
928 567 984 605 nou
1003 549 1051 603 ab·
1078 552 1181 607 ritamt.
1226 554 1291 621 list,
1328 552 1376 623 qui
1401 551 1452 607 tali
1480 549 1660 606 similitudine
1692 564 1752 603 rem
1773 545 1915 602 declam:

217 641 307 695 solute
329 654 362 694 ac
377 639 553 710 simpliciter,
579 638 681 694 sedin
707 636 911 708 spiritualibus,
934 651 999 690 nam
1023 635 1054 688 in
1080 636 1317 701 Quemadmodum
1342 653 1404 693 cum
1425 637 1454 691 in
1471 638 1537 692 nari
1560 635 1701 691 rabuntur
1730 640 1760 689 st
1788 632 1916 701 micci,

216 725 414 796 temporalibus
447 730 480 779 ut
507 741 588 779 suum
612 731 715 780 statum
741 731 826 794 atque
861 720 997 787 officium,
1024 722 1054 775 in
1079 724 1181 794 quibus
1196 724 1377 796 gubernator,
1394 729 1424 780 et
1442 725 1553 791 militer,
1575 722 1677 795 quibua
1693 720 1825 776 tribanus
1838 733 1917 789 prae

217 827 274 883 quo
294 811 425 865 divinitus
442 811 586 866 constituti
604 816 684 878 sunt,
701 810 741 863 ita
760 823 871 880 quoque
887 810 1053 879 potestatem
1079 815 1133 878 est,
1156 815 1306 883 unumque
1323 811 1377 865 boc
1395 827 1483 882 genus
1501 810 1643 865 hominum
1661 805 1775 862 tribuno
1794 806 1825 860 in
1842 804 1918 859 mili-

217 896 303 952 officii
320 897 362 950 sui
385 900 608 949 sertamtectam
635 895 815 950 retinuerunt.
850 893 931 948 Vidit
947 890 1053 946 Bellat-
1079 896 1186 951 taribus
1203 895 1341 967 imperiis,
1364 903 1513 968 utrumque
1537 895 1661 949 vicissim
1684 890 1870 964 gubernatori
1889 890 1917 944 iu

218 983 308 1037 minus
317 981 389 1035 hanc
401 980 602 1050 difficultatem,
611 980 675 1036 ideo
684 980 943 1050 oontraBarclajum
951 978 1054 1047 depot-
1080 981 1130 1049 iis,
1156 996 1229 1052 qnae
1249 982 1287 1037 ad
1305 999 1364 1037 rem
1382 983 1521 1037 nauticam
1539 979 1692 1052 pertinent,
1710 985 1806 1049 paret:
1827 977 1869 1032 sic
1888 975 1917 1031 ln

217 1083 283 1138 pap.
305 1071 345 1123 34.
370 1067 450 1122 addit
473 1067 679 1121 limitationem:
700 1068 763 1120 vLac
782 1065 943 1119 Christiana
965 1062 1054 1116 aemi·
1080 1065 1254 1122 Christianae
1271 1067 1443 1139 reipublicae
1458 1064 1524 1122 navi
1541 1066 1590 1121 alii
1607 1070 1708 1120 curant
1725 1079 1770 1119 res
1789 1063 1918 1119 acclesia-
1928 1063 2000 1107 nl!

217 1169 279 1206 mem
303 1153 402 1222 privat
431 1170 482 1205 sao
500 1153 570 1221 jare
597 1168 631 1205 ac
657 1152 794 1215 domimo,
829 1149 888 1203 aar
912 1149 975 1218 quic
1001 1155 1055 1200 toa
1081 1152 1178 1221 sticas,
1209 1153 1256 1224 qui
1279 1154 1365 1226 vulgo
1386 1153 1564 1224 appellantur
1582 1150 1689 1215 clerici,
1715 1150 1764 1205 atii
1780 1149 1918 1220 politicas,

219 1239 305 1307 crrlpa
318 1238 435 1310 privari
455 1245 604 1292 maeotim.
639 1237 679 1292 At
704 1253 787 1309 quam
805 1237 916 1306 culpam
933 1220 1130 1309 commit-iqui
1148 1237 1213 1292 laici
1233 1238 1373 1293 dicuntur.
1403 1238 1462 1292 Illis
1480 1242 1613 1308 praesunt
1630 1236 1764 1307 episcopi,
1781 1235 1827 1289 hir
1844 1235 1918 1305 prin-

217 1329 283 1378 tunt
293 1323 442 1394 principes,
462 1324 575 1394 quando
586 1323 683 1378 relicto
692 1321 855 1378 ethnicisrm
867 1321 904 1375 ad
915 1319 1055 1375 Christum
1082 1324 1166 1394 cipes.
1205 1322 1444 1388 Quemadmodum
1467 1323 1556 1394 igitur
1579 1322 1609 1376 in
1634 1321 1719 1377 rebus
1747 1318 1786 1375 ad
1815 1318 1919 1374 Christi

108 1464 111 1469 .
218 1408 436 1465 convertuntur?
463 1425 488 1466 c.
506 1415 531 1464 ³.
549 1412 648 1463 tantm
671 1408 765 1463 Barcl.
789 1413 871 1478 urget
882 1406 955 1473 -hoe,
979 1405 1057 1475 qaod
1081 1423 1199 1481 regnam
1215 1409 1320 1465 directe
1336 1408 1539 1479 pertinentibus
1556 1404 1841 1479 utrosqueepiscopis
1859 1410 1918 1458 tau·

220 1496 354 1566 pausatio,
375 1497 411 1548 ds
428 1510 485 1566 qao
502 1495 612 1550 Paulae
631 1495 826 1560 cremabatur,
846 1504 903 1545 rica
913 1492 1056 1563 prrarm·
1083 1510 1166 1566 qnam
1185 1492 1239 1550 Dei
1257 1494 1357 1567 legatis
1375 1510 1475 1565 parere
1499 1494 1644 1561 conuenit3
1667 1494 1710 1546 ita
1726 1492 1757 1546 in
1775 1490 1828 1558 iis,
1846 1504 1919 1560 qnae

218 1581 259 1635 rit
274 1583 316 1634 ad
332 1581 529 1649 mapistratam
540 1580 705 1648 politicum,
722 1579 841 1647 ideoprre
859 1594 917 1631 moa
928 1577 988 1645 jm,
1005 1576 1057 1629 ssd
1083 1581 1119 1635 ad
1137 1580 1209 1637 hanc
1221 1587 1359 1636 terrenam
1376 1581 1461 1635 vitam
1473 1581 1622 1651 pertinent,
1637 1584 1772 1649 utrmque
1783 1573 1919 1647 principis

218 1669 329 1733 samam
347 1668 486 1719 darmaaat
504 1682 537 1718 ec
553 1666 606 1719 loc
619 1665 681 1718 loco
693 1664 799 1735 eollipi.
830 1663 1055 1732 Respondemus:
1082 1666 1198 1737 imperio
1217 1667 1358 1737 subjectos
1375 1683 1436 1723 ssss
1452 1681 1504 1737 par
1520 1671 1572 1721 est
1603 1664 1716 1734 Excipit
1731 1662 1920 1719 Bellarmlnnr

220 1768 278 1808 non
297 1752 333 1807 ob
356 1751 518 1821 religionem
541 1750 682 1805 duntaxat
707 1749 850 1820 apostolus
866 1747 1058 1811 accusabatur,
1083 1753 1120 1806 ad
1132 1753 1260 1808 Maelinae
1278 1757 1473 1824 argumentum
1489 1751 1551 1806 libr.
1566 1751 1600 1806 de
1619 1749 1729 1805 clericis
1745 1765 1771 1803 c.
1788 1752 1831 1805 eo.
1846 1763 1920 1818 resp.

222 1837 272 1893 sed
293 1837 376 1892 etiam
400 1838 517 1891 aliorum
543 1836 688 1891 criminum
713 1834 901 1906 peragebatur
924 1851 1003 1897 reue,
1025 1837 1058 1887 ut
1084 1837 1120 1892 ad
1143 1839 1232 1893 ultim
1255 1836 1356 1908 object.
1403 1841 1425 1892 1.
1452 1837 1614 1906 Principem
1641 1837 1753 1904 maclam
1782 1850 1861 1889 ocem
1887 1850 1920 1886 ac

222 1923 365 1995 colligitur
390 1939 423 1977 ex
448 1923 535 1993 ipsius
561 1922 654 1976 verbis
676 1938 701 1976 v.
731 1926 760 1977 8:
792 1922 891 1989 Nepae
918 1919 947 1972 ia
969 1918 1058 1986 lapan
1083 1923 1175 1986 filiam
1197 1923 1374 1996 rpiritaolem
1392 1923 1552 1976 sacerdotii
1569 1936 1643 1990 erre,
1667 1923 1721 1975 red
1744 1921 1920 1975 mcerdotem

222 2009 415 2076 Judaeoram,
440 2024 527 2076 repas
544 2008 575 2060 ia
594 2008 740 2076 templum,
766 2021 853 2075 aeque
868 2005 899 2057 ia
917 2020 1059 2058 caesarem
1083 2010 1164 2063 mallo
1188 2011 1272 2063 modo
1296 2025 1373 2063 ocem
1396 2023 1431 2062 ac
1453 2007 1545 2073 tiliam
1570 2007 1714 2077 principis
1742 2006 1806 2060 dici
1827 2021 1921 2075 parre.

222 2096 378 2164 guidottum
393 2094 523 2164 peccavi,
542 2107 576 2148 lte
593 2109 621 2149 v,
640 2098 664 2146 l.
697 2091 801 2147 «Iudaei
818 2089 950 2145 dicuntur
968 2088 1057 2144 πολλὰ
1085 2094 1309 2164 Respondemus:
1332 2093 1387 2148 imo
1411 2108 1477 2148 vero
1503 2093 1556 2148 hoe
1579 2093 1696 2164 requirit
1723 2098 1825 2146 natura
1852 2091 1921 2146 reln-

75 2239 84 2257 ,
223 2186 271 2235 :rel
287 2185 374 2252 βαρέα
393 2179 545 2254 αἰτιώματα
562 2180 621 2252 :pai
636 2180 779 2248 oly‘ecicac.
1084 2186 1183 2238 tarum.
1226 2179 1371 2248 Principes
1397 2185 1463 2233 sunt
1484 2187 1617 2248 pactores
1643 2179 1719 2234 Esai.
1747 2183 1796 2247 44,
1823 2195 1849 2233 r.
1880 2182 1920 2233 18.

95 2278 210 2319 sarm·
259 2272 317 2323 445.
366 2271 393 2323 5.
425 2268 472 2320 Ea
505 2266 648 2320 rationum
672 2266 808 2335 'paridem
844 2281 879 2317 ao
913 2267 1058 2317 mommio·
1083 2262 1921 2333 Jerem.la,v.to.Zach.io,v.2.acpasrsr1.8emu,

96 2333 211 2421 iwrio
223 2353 318 2408 Prima
343 2353 449 2423 petitur
478 2369 496 2406 Β
516 2352 691 2406 ‘clatrorum
717 2349 878 2404 conditorio
911 2364 946 2400 at
972 2353 1059 2402 tiow-
1085 2369 1111 2407 v.
1132 2357 1172 2408 12.
1198 2351 1262 2406 Job.
1282 2356 1329 2412 19.
1355 2368 1380 2406 v.
1404 2357 1443 2406 16.
1468 2351 1554 2405 totins
1573 2348 1744 2420 reipublicae
1762 2354 1850 2420 atquc
1865 2365 1921 2403 om-

48 2432 51 2437 ’
97 2432 210 2523 ξίοζῃξξ·
224 2439 389 2509 Quicunque
407 2444 472 2492 sunt
488 2438 563 2491 cirea
583 2452 616 2491 ae
632 2441 726 2507 partes
744 2432 924 2506 reipublicae,
942 2431 984 2485 illi
1005 2430 1059 2485 nisi
1084 2436 1162 2490 ninm
1188 2435 1297 2490 cis-inm.
1346 2436 1451 2502 Quodsi
1479 2452 1547 2508 ergo
1571 2435 1664 2490 clerici
1697 2439 1764 2488 sunt
1791 2435 1869 2489 cives
1894 2440 1923 2490 et

96 2538 163 2575 narn.
204 2525 281 2579 rint
299 2539 363 2578 cum
385 2523 515 2594 imperio,
540 2522 659 2591 subjecti
682 2537 743 2576 esse
760 2521 865 2576 debent
881 2517 956 2573 civili
972 2517 1059 2587 magi·
1084 2527 1178 2591 partes
1194 2519 1373 2591 reipublicae,
1386 2522 1482 2592 utque
1493 2522 1623 2592 princeps
1635 2528 1729 2576 eorum
1743 2519 1829 2575 stiam
1843 2526 1923 2590 pater

223 2608 333 2665 marui.
373 2606 514 2661 (lonnexio
532 2606 674 2676 probatur,
693 2604 851 2677 qniaduae
867 2608 977 2658 tantum
994 2605 1060 2656 sunt
1085 2622 1119 2661 ac
1137 2612 1233 2676 pastor
1246 2606 1305 2670 erit,
1324 2613 1354 2661 et
1370 2606 1424 2676 ipsi
1441 2613 1523 2663 amnt
1540 2607 1730 2676 ejnrovesac
1745 2604 1806 2661 filil
1838 2603 1922 2662 Unde

225 2694 396 2765 integrantes
418 2691 590 2762 reipublicae
615 2697 726 2762 partes,
751 2692 935 2760 mapictratar
952 2688 1060 2743 scilicet
1084 2691 1171 2762 igitur
1182 2692 1284 2763 probat
1295 2690 1487 2761 Bellarmlnus,
1504 2690 1557 2747 boc
1569 2707 1629 2746 esse
1639 2691 1812 2747 aonidum?
1841 2691 1924 2756 Quin,

225 2794 259 2834 ac
275 2780 388 2834 raediti.
425 2776 480 2833 Sed
506 2776 599 2832 dorici
620 2783 687 2831 sunt
710 2777 785 2831 cives
808 2781 838 2831 et
849 2781 948 2845 parter
968 2774 1059 2845 reipu·
1085 2778 1183 2850 inquit,
1200 2781 1361 2832 sacedotes
1374 2785 1400 2831 et
1418 2795 1511 2831 amaea
1525 2777 1623 2832 clerici
1632 2776 1825 2832 erram'labeat
1839 2778 1922 2847 pria·

226 2864 325 2930 blicac,
350 2865 380 2918 in
406 2880 463 2935 qua
486 2863 590 2917 mount
626 2861 702 2934 Ergo
727 2860 847 2932 subjecti
873 2877 933 2915 esse
957 2861 1061 2914 debent
1086 2864 1176 2933 cipem
1192 2864 1377 2933 :pintaalerm
1395 2862 1592 2933 amatoria
1610 2862 1922 2932 spiritualitrrsaalm,

225 2949 301 3005 civili
321 2950 505 3022 magistratui.
553 2949 715 3003 Ansumtum
736 2947 839 3017 probat
862 2945 1024 3000 Dominicus
1043 2960 1061 2997 a
1086 2950 1139 3002 sed
1156 2949 1241 3003 raam
1258 2950 1289 3002 irs
1302 2949 1503 3018 temporaliter
1518 2955 1661 3015 rapamtrrr,
1679 2963 1729 3001 mcc
1746 2948 1923 3020 ficripotest,

227 3034 293 3092 Sota
312 3036 332 3093 1.
350 3043 377 3092 4.
397 3035 460 3090 dist.
480 3039 522 3090 25.
547 3051 575 3105 q.
592 3040 618 3089 1.
637 3029 687 3088 ar't
708 3039 733 3089 1.
755 3049 788 3086 ac
805 3036 914 3087 constat
933 3047 967 3086 ex
985 3030 1060 3112 dicto
1087 3042 1117 3087 at
1136 3037 1207 3089 daos
1226 3042 1381 3104 aprosoma
1394 3033 1541 3104 principes
1559 3032 1590 3086 ia
1608 3033 1691 3086 rebem
1711 3035 1922 3102 temporalibus,

228 3120 324 3193 Optati
342 3120 497 3174 Milevitani
515 3119 586 3173 libro
608 3125 632 3175 3.
645 3118 744 3173 contra
760 3117 888 3173 Parnm
910 3116 985 3186 quod
1002 3132 1060 3168 rer·
1087 3137 1149 3174 cam
1160 3122 1247 3190 jraata
1266 3121 1440 3189 eoanpaliam
1457 3135 1537 3174 aomo
1556 3120 1646 3187 possit
1668 3120 1777 3173 aaran
1800 3120 1923 3174 domim

222 3208 341 3279 publico
353 3225 408 3260 aar:
421 3207 458 3260 rit
468 3207 498 3258 ia
510 3206 637 3267 ecclceia,
655 3206 708 3257 red
726 3203 843 3257 ecclecia
859 3203 889 3255 ir:
906 3202 1061 3269 republica.
1086 3206 1199 3261 sarcire.
1226 3205 1452 3275 Respondemus:
1470 3200 1654 3259 Bellarminu's
1670 3203 1839 3275 principium
1852 3205 1922 3275 peut

210 3293 411 3349 nauminia
428 3291 490 3361 ipse
506 3290 524 3345 l.
542 3290 577 3344 de
596 3289 685 3346 cleric.
704 3307 728 3345 c.
748 3293 790 3344 2⁸.
807 3303 886 3359 prop.
906 3292 937 3343 2:
955 3286 1063 3341 Clerici
1087 3307 1121 3346 re
1144 3291 1198 3347 ribi
1221 3291 1274 3362 ipsi
1300 3291 1473 3348 contradicit,
1521 3290 1603 3365 lirina
1631 3295 1724 3361 patet,
1750 3290 1781 3344 id
1801 3291 1875 3346 enim
1893 3290 1922 3344 in

223 3387 424 3448 praeterquam
448 3378 524 3446 parad
542 3376 641 3430 cleriei
657 3383 737 3443 arat,
761 3382 825 3428 caat
842 3375 927 3428 etiam
944 3374 1017 3427 cives
1036 3381 1063 3426 ct
1088 3377 1250 3447 quaestione
1262 3377 1354 3432 adhuc
1366 3382 1416 3440 est,
1434 3391 1470 3430 an
1482 3375 1576 3430 clerici
1589 3375 1710 3431 debeant
1720 3373 1826 3431 habers
1838 3375 1922 3430 talem

223 3472 324 3535 partes
341 3465 480 3533 quaedam
498 3462 671 3531 reipublicae
679 3460 824 3529 politicae,
841 3460 931 3529 ipitar
941 3468 972 3514 at
990 3459 1062 3513 tales
1087 3462 1241 3533 principem
1257 3462 1407 3533 proprium,
1424 3478 1442 3515 a
1454 3477 1509 3533 qno
1520 3469 1654 3532 regantur
1671 3460 1700 3515 in
1713 3460 1921 3530 temporalibus.

229 3556 337 3621 oportet
354 3566 401 3602 coc
420 3549 534 3602 obedire
553 3547 727 3616 reipublicae
739 3546 848 3614 lapibus
861 3563 896 3598 ac
913 3546 1062 3614 mapialra·
1087 3548 1255 3604 cancamum
1273 3564 1306 3602 ex
1325 3547 1360 3603 V.
1381 3553 1410 3602 et
1428 3547 1463 3603 N.
1480 3547 1514 3601 T.
1534 3545 1717 3602 demonstrari
1733 3552 1836 3616 potest.
1867 3546 1921 3602 Pe

229 3638 279 3702 tui,
297 3636 366 3704 qaia
382 3652 437 3688 moa
454 3633 541 3699 decet
560 3641 601 3685 'at
618 3633 741 3686 membro
758 3649 777 3684 a
793 3634 885 3700 capite
903 3632 1062 3702 dmaepeat
1087 3634 1187 3690 stetim
1206 3633 1302 3687 itidem
1321 3632 1349 3686 in
1369 3631 1465 3702 aprico
1488 3638 1538 3687 est
1574 3632 1604 3685 Si
1623 3631 1696 3687 enim
1716 3631 1847 3703 princeps
1865 3632 1922 3700 ills,

230 3738 265 3773 ac
276 3722 420 3774 contraria
431 3727 540 3787 percat,
554 3717 698 3773 aitVictor
708 3734 732 3772 c.
738 3715 926 3773 celebritatem
937 3723 987 3772 etc.
998 3717 1062 3772 dist.
1089 3736 1171 3791 quem
1188 3718 1283 3773 clerici
1298 3716 1417 3781 habent,
1435 3722 1478 3771 sst
1493 3716 1659 3787 spiritualis,
1678 3717 1777 3788 ntique
1795 3717 1825 3771 in
1844 3719 1922 3788 spiri·

231 3812 255 3861 3.
275 3807 310 3860 de
328 3811 480 3860 consecrat
498 3822 534 3857 ac
557 3806 650 3871 tarpio
670 3804 760 3857 omnic
779 3820 853 3872 pare
871 3803 923 3856 toti
938 3820 989 3856 rao
1006 3819 1062 3856 aaa
1088 3804 1211 3861 tualibus
1228 3809 1352 3872 tantum,
1377 3820 1433 3858 non
1455 3809 1548 3857 autem
1571 3803 1600 3856 in
1617 3801 1816 3872 temporalibus
1836 3802 1873 3859 ab
1888 3819 1923 3858 eo

229 3909 384 3960 comprecor
398 3909 421 3946 c.
440 3891 518 3954 Quae
526 3896 623 3944 contra
636 3896 687 3945 etc.
701 3889 763 3944 dist.
780 3894 805 3945 8.
818 3905 897 3942 omae
909 3889 1060 3941 memma:
1089 3891 1148 3962 regi
1164 3889 1281 3958 debent,
1307 3888 1376 3942 alias
1395 3903 1451 3942 non
1474 3888 1527 3942 erit
1548 3892 1657 3957 tantum
1681 3883 1849 3957 spiritualia,
1874 3890 1923 3943 sed

231 3981 311 4031 delet
329 3993 386 4030 erse
404 3976 558 4044 subjectam
575 3992 626 4028 cao
646 3976 749 4043 capiti,
767 3974 860 4045 iuquit
877 3972 1062 4027 Bellarminns
1089 3976 1172 4032 etiam
1189 3981 1314 4030 terrenus
1340 3973 1469 4043 princeps
1486 3989 1519 4026 ac
1543 3971 1679 4027 dominus
1715 3976 1741 4026 2.
1761 3974 1923 4028 Ecclesiam

228 4061 277 4118 lib.
304 4063 339 4117 de
364 4061 488 4116 monach.
512 4077 537 4114 c.
566 4066 606 4115 19.
651 4058 749 4114 Clerici
775 4064 840 4113 sunt
862 4058 987 4112 membra
1010 4059 1061 4113 rai·
1088 4078 1151 4116 rere
1169 4068 1277 4114 tantam
1293 4077 1379 4111 ariam
1395 4075 1453 4112 eres
1471 4065 1498 4111 ct
1515 4057 1697 4111 nullomodo
1715 4059 1804 4126 daas',
1824 4059 1922 4112 cirita·

227 4147 364 4219 publicae
407 4147 483 4218 Ergo
506 4146 590 4200 etiam
616 4143 736 4214 subjecti
762 4159 822 4198 esse
848 4143 951 4199 debent
976 4142 1061 4212 capiti
1088 4155 1142 4199 terr
1159 4153 1252 4198 autem
1267 4162 1353 4197 aram
1372 4159 1430 4198 case
1446 4143 1633 4197 materialiter
1652 4150 1684 4196 ct
1699 4145 1773 4196 dnae
1788 4145 1922 4208 formali-

232 4233 412 4305 reipublicae,
431 4231 506 4285 cirili
524 4229 631 4284 scilicet
645 4229 828 4298 magistratui.
864 4228 927 4283 Joh.
948 4228 1062 4282 Medina
1088 4241 1139 4297 ter,
1158 4232 1227 4300 qaia
1244 4239 1338 4283 coctam
1358 4230 1524 4283 clericorum
1544 4237 1571 4282 et
1592 4235 1684 4283 comas
1704 4230 1845 4284 laicorum
1855 4233 1922 4297 for·

229 4318 393 4374 Pontificius
417 4319 446 4372 in
465 4318 504 4373 Ο.
522 4316 558 4371 de
580 4315 668 4369 restit.
694 4332 721 4386 q.
748 4320 787 4369 15.
812 4318 1005 4384 argumentum
1022 4314 1063 4367 sic
1088 4317 1202 4371 molitor
1220 4318 1294 4368 daca
1312 4315 1438 4368 citima
1449 4315 1509 4368 dici
1516 4323 1646 4383 poemat,
1665 4315 1923 4386 pamaamalriprir

228 4405 374 4460 informat:
393 4405 458 4458 Noa
475 4410 617 4472 repapact
634 4402 749 4470 rationi,
768 4409 799 4454 at
815 4401 939 4455 lamiae:
952 4401 1064 4454 addicti
1089 4405 1172 4457 etiam
1202 4401 1403 4471 temporalibus
1437 4401 1520 4455 rabac
1553 4403 1682 4455 diversae
1711 4402 1786 4471 lepre
1815 4404 1923 4471 tabeat,

230 4493 359 4559 obreptio
384 4491 442 4544 Dei
470 4498 496 4542 et
523 4487 719 4558 spiritualibus
737 4487 933 4554 sanctoribus
956 4487 1063 4540 calciat
1089 4491 1230 4543 dirarum
1250 4489 1426 4558 principem,
1454 4488 1567 4541 dicmsa
1591 4487 1759 4554 tribrmalia,
1776 4496 1803 4542 et
1832 4497 1922 4543 tamer:

229 4579 260 4630 im
277 4576 358 4629 rebar
377 4575 577 4646 temporalibus
594 4590 629 4627 ac
642 4574 771 4627 cicilibar
789 4573 970 4641 mapictratai
985 4589 1062 4626 secu·
1088 4574 1277 4629 materialiter
1304 4591 1390 4626 auam
1412 4589 1520 4642 quoque
1542 4573 1680 4626 cicitawm
1703 4572 1831 4643 famant,
1856 4574 1923 4644 quia

130 4695 133 4701 -
164 4670 169 4689 ³
230 4662 296 4716 lari.
330 4663 406 4714 Nam
429 4662 500 4714 sicat
514 4659 650 4730 princeps
673 4661 812 4713 cremaris
835 4668 866 4714 ar
886 4658 1063 4713 Christianae
1089 4678 1174 4714 anam
1199 4662 1294 4714 urbem
1317 4660 1475 4713 inhabitant
1503 4666 1531 4711 ot
1555 4659 1606 4712 sul
1630 4659 1757 4727 ejusdcm
1780 4660 1923 4728 principie

231 4754 257 4800 et
274 4748 304 4800 ia
323 4747 405 4809 retas
428 4747 626 4815 apiritaalilaa
650 4754 692 4799 art
715 4747 774 4800 ocia
793 4754 818 4799 et
831 4746 914 4814 silias
931 4747 1063 4799 sacerdo·
1088 4747 1260 4816 protectione
1278 4747 1380 4808 cimmt,
1400 4744 1451 4812 aui
1467 4744 1540 4797 rma:
1552 4745 1724 4815 prolatore
1743 4760 1779 4798 ac
1797 4745 1922 4798 solicita·

229 4840 305 4901 tam,·
324 4832 366 4886 ila
384 4849 399 4886 e
417 4833 562 4886 contrario
579 4834 783 4887 sacerdolarut
799 4833 872 4885 ciacc
890 4839 917 4883 ct
933 4832 964 4884 ia
981 4832 1063 4884 rebare
1091 4833 1170 4901 diac,
1193 4850 1276 4901 paam
1296 4848 1355 4899 pro
1379 4829 1517 4882 communi
1542 4831 1612 4883 loao
1636 4829 1767 4899 suscipit,
1794 4847 1814 4882 a
1838 4830 1922 4884 laicia

230 4919 432 4989 temporaliter
448 4920 508 4973 clici
518 4929 637 4989 possunt
656 4936 719 4973 oves
744 4925 770 4972 ct
789 4917 871 4987 arraei
887 4917 943 4982 atil
955 4917 1063 4987 primai-
1091 4919 1195 4971 imbuta
1216 4918 1330 4986 recipit,
1352 4915 1394 4967 ita
1413 4914 1514 4985 recipit
1536 4932 1557 4967 a
1575 4913 1686 4969 clericic
1711 4916 1822 4968 aemilia
1840 4916 1922 4985 torpe

226 5023 297 5077 pam
327 5006 502 5059 camelarium.
548 5004 632 5061 Item:
665 5005 738 5068 Quia
768 5021 854 5056 amam
887 5011 927 5055 act
957 5010 1064 5056 tamtum
1090 5005 1202 5074 majora
1230 5003 1410 5072 publicarum
1438 5017 1556 5070 precam
1587 5017 1622 5054 ac
1649 5001 1855 5066 sacrificiorum
1882 5004 1924 5055 ad

230 5091 349 5145 ecclam
381 5093 524 5145 ccaaaeas
552 5091 670 5144 clericos
697 5098 725 5143 et
743 5090 849 5156 laicae,
877 5096 903 5142 et
931 5088 1064 5142 eccleciae
1092 5091 1193 5144 Deam.
1227 5087 1452 5157 Respondemus:
1471 5086 1503 5143 si
1522 5085 1616 5140 clerici
1632 5092 1697 5140 sunt
1713 5085 1788 5141 eires
1806 5103 1841 5141 ae
1860 5103 1923 5156 par·

229 5184 368 5246 capatest
378 5193 500 5230 commas
510 5176 650 5244 pontisec,
665 5175 732 5228 ideo
743 5175 859 5228 caleant
871 5189 965 5228 ommes
976 5175 1064 5227 adem
1090 5181 1132 5229 tes
1150 5172 1332 5244 reipublicae,
1355 5172 1453 5243 utique
1470 5179 1566 5226 coetus
1588 5169 1749 5227 clencorum
1768 5188 1803 5227 ae
1824 5177 1921 5227 coetus

230 5277 335 5316 mmmo
348 5262 486 5332 pontifici,
504 5269 563 5314 tam
576 5261 681 5324 clerici,
698 5268 757 5314 tam
771 5259 849 5327 laici,
867 5259 1063 5328 ipiareodem
1089 5261 1222 5316 laicorum
1248 5275 1304 5313 non
1331 5258 1501 5315 constituent
1528 5257 1597 5311 duae
1623 5256 1752 5312 civitates
1771 5256 1926 5314 formaliter

230 5349 327 5411 mado,
346 5347 479 5416 qnoniam
503 5364 562 5400 aaa
585 5352 627 5400 est
648 5345 747 5399 critias
771 5345 914 5399 conarere
929 5343 1018 5399 laicos
1036 5351 1064 5398 et
1090 5344 1245 5414 distinctas,
1259 5344 1401 5416 quiapars
1413 5342 1797 5414 nunquamabsolrittetnm
1811 5343 1925 5414 quando

230 5431 348 5488 clericos
375 5439 402 5489 et
426 5434 549 5490 civitatis
580 5438 666 5507 caput
691 5437 733 5485 ert
760 5431 896 5500 princepe
917 5429 1061 5497 ismara,
1090 5447 1159 5504 ergo
1187 5438 1335 5503 utrumque
1361 5429 1549 5486 Bellarminus
1574 5429 1686 5500 amarit,
1718 5428 1839 5500 turpiter
1870 5429 1925 5486 sibi
