4020 6014
274 114 336 175 tta
859 104 984 165 mous
999 103 1205 164 vtctamus
1220 103 1386 163 amma

275 259 380 317 laudib.
397 260 572 330 maumonii,
589 262 661 317 utris
676 278 736 317 esse
752 261 860 325 statuit,
877 262 905 315 si
916 261 1109 315 sacerdotibus
1135 278 1198 313 rum
1214 278 1249 314 ac
1270 258 1461 314 conditionum
1477 259 1552 313 ritas
1575 257 1694 313 muntia
1709 257 1786 312 bana
1802 254 1973 311 abomin-

270 347 323 417 jas
340 348 513 402 matrimonii
535 351 715 406 concedatur.
750 347 857 405 Similia
880 353 990 402 exeunt
1014 347 1043 401 in
1060 344 1109 400 lib.
1136 362 1198 399 nem
1212 362 1287 415 pene
1303 344 1504 413 impossibilem
1513 344 1626 409 swerd.
1662 343 1757 407 Quare
1768 342 1858 396 mmis
1875 342 1973 412 cipido
2007 352 2010 375 ¹

278 432 314 489 de
333 432 539 488 conseribendis
563 435 685 505 epistolis
709 435 784 489 edito
806 433 921 488 Parisiis
944 449 1017 487 anno
1036 437 1109 487 1527.
1136 439 1162 485 et
1180 432 1373 501 intempestiua
1390 431 1475 498 bajus
1492 429 1696 484 constitutionis
1710 428 1857 483 sanctione
1869 428 1974 495 maru

278 517 412 574 Claudius
434 518 612 590 Espencaeus
635 520 683 575 lib.
711 525 731 576 l.
752 520 787 574 de
811 519 960 575 continent.
979 534 1040 588 cap.
1066 522 1110 572 13:
1123 519 1209 577 ,sima
1225 525 1251 570 et
1272 517 1465 572 abominanda
1483 516 1514 569 in
1539 516 1659 570 cesinia
1676 514 1818 569 scandala
1838 512 1974 567 mnan

280 606 424 660 Romanos
437 604 593 675 pontifices,
618 606 752 660 Siricium
771 605 901 673 inprimis
928 613 954 657 et
975 604 1109 657 Innocen·
1138 604 1270 659 uidemus.
1304 604 1381 657 Nam
1410 619 1514 656 causae
1544 601 1628 669 illae,
1656 601 1756 670 mitur
1782 601 1912 670 majores
1937 601 1977 653 ud

280 693 349 744 tiam
380 692 541 760 quibuscum
559 693 742 744 Jooinianum
765 708 899 744 emaum.
940 689 978 744 Et
1000 697 1111 759 postea:
1137 690 1361 743 consttutionem
1388 688 1645 751 benefaciendum
1668 689 1799 741 inductos
1824 703 1888 740 esse
1904 686 1975 739 disi·

279 776 407 830 Proinde
434 796 489 830 non
512 777 654 846 intelligo,
680 778 765 846 idque
791 779 897 830 dictum
917 793 1027 829 summa
1050 774 1111 827 dum
1138 795 1207 843 mus,
1226 794 1283 829 non
1301 776 1392 829 solam
1410 776 1494 830 badis
1512 783 1672 843 cmsarunt,
1689 776 1740 828 scd
1757 774 1846 828 ctiam
1867 772 1898 826 in
1915 790 1975 826 con·

279 864 435 916 reuerentia
453 872 483 916 ut
503 872 594 917 cetera
613 863 690 931 eolo,
715 879 769 930 quo
788 880 871 914 sensu
886 862 1014 930 conjapii
1025 877 1111 928 prae·
1137 863 1258 915 trarium
1288 870 1353 915 sunt
1381 878 1539 915 conuersae.
1586 862 1663 915 Nam
1685 861 1811 929 primum
1836 860 1974 925 uideram,

279 949 375 1000 sertim
393 956 456 1001 ante
475 948 589 1003 ordines
611 966 709 1002 samos
727 949 865 1002 contracti
880 967 961 1001 usum
981 948 1051 1001 cleri
1066 948 1113 1000 sui
1137 950 1188 1002 boc
1206 950 1317 1003 decreto
1336 965 1421 1016 usque
1445 949 1518 1001 adeo
1539 948 1696 1001 castitatem
1720 954 1747 999 ct
1771 947 1975 1000 continentiam

279 1034 466 1087 sanctimonia
485 1035 635 1103 indipnum
653 1042 679 1088 et
697 1035 794 1087 earnis
817 1052 875 1089 esse
894 1034 1109 1096 immundiciam,
1137 1036 1167 1089 in
1195 1035 1272 1089 clero
1298 1052 1354 1087 non
1382 1034 1563 1102 confirmari,
1589 1042 1620 1086 ut
1642 1050 1696 1102 per
1723 1033 1802 1087 illud
1829 1034 1874 1086 ad
1899 1048 1976 1087 omne

280 1119 310 1171 iu
328 1137 383 1189 qua
400 1121 464 1172 Deo
476 1119 593 1188 placeri
608 1138 665 1173 non
679 1119 784 1189 pauit,
807 1137 907 1174 uocare
924 1138 981 1174 non
1000 1119 1111 1172 dubita·
1138 1120 1266 1174 libidinis
1283 1128 1309 1174 et
1322 1120 1431 1188 flapitii
1442 1137 1528 1188 penus
1539 1121 1675 1188 fenestra
1687 1127 1789 1189 aperta
1802 1134 1865 1172 esse
1882 1119 1976 1172 rideo·

280 1204 344 1257 rint.
379 1206 454 1258 Nam
473 1205 616 1273 Paulina,
644 1222 716 1274 quae
735 1207 875 1274 carpant,
897 1206 941 1259 ael
960 1206 1111 1259 immundis
1137 1216 1193 1263 tur.
1233 1206 1305 1262 Item
1332 1222 1419 1275 usaue
1447 1208 1520 1259 adeo
1552 1222 1610 1258 non
1639 1205 1816 1266 refrenatam
1844 1203 1876 1256 in
1901 1203 1976 1257 ciero

279 1290 349 1344 nibil
368 1307 426 1344 csse
446 1293 578 1344 mundum
594 1291 639 1345 ael
657 1292 707 1359 qui
727 1292 860 1344 incarne
878 1299 951 1360 sunt,
969 1293 1110 1361 Deopla·
1137 1293 1297 1355 auaritiam,
1314 1300 1345 1345 ut
1364 1291 1447 1345 diam
1463 1293 1551 1356 frena
1565 1290 1657 1358 meeis
1669 1290 1769 1344 lanata
1786 1305 1848 1343 csse
1861 1288 1976 1344 ridean-

278 1394 339 1431 cere
357 1395 412 1431 non
427 1384 560 1446 possunt,
588 1395 645 1430 non
668 1378 760 1430 minus
782 1379 824 1431 ad
848 1379 937 1432 lacem
961 1396 1047 1447 quam
1069 1379 1112 1431 ad
1137 1389 1196 1442 tur,
1217 1387 1275 1432 tum
1296 1395 1343 1432 res
1362 1378 1392 1431 in
1416 1377 1561 1447 plerisque
1582 1376 1777 1430 cacerdotibus
1801 1375 1844 1429 ita
1864 1392 1976 1448 compa·

278 1463 396 1518 clericos
410 1465 563 1533 pertinent,
583 1471 607 1516 et
621 1463 706 1531 prior
725 1463 804 1517 locus
821 1479 851 1517 se
868 1465 902 1519 dc
916 1465 1053 1532 fidelibus
1067 1482 1110 1519 ac·
1137 1474 1218 1518 ratae
1234 1472 1308 1528 sura,
1328 1472 1359 1517 ut
1376 1465 1527 1533 conjupum
1536 1463 1652 1532 piorum
1664 1461 1804 1516 consortio
1821 1478 1881 1515 non
1894 1463 1976 1516 modo

274 1549 367 1618 plicat
385 1557 411 1602 ct
424 1550 568 1618 posterior
586 1556 685 1602 contra
704 1549 871 1604 connubium
896 1550 967 1603 alibi
989 1551 1110 1604 bonora-
1138 1553 1179 1604 ad
1188 1551 1346 1614 functiones
1363 1549 1571 1604 ecclesiasticas
1593 1550 1737 1602 obmncms
1749 1565 1805 1602 aon
1818 1547 1975 1616 impedian-

278 1635 333 1689 bile
351 1644 376 1689 et
396 1635 573 1703 impollutam
589 1643 717 1697 noemam
728 1635 827 1700 faeere
844 1644 1009 1704 norspotest.
1035 1636 1111 1690 Dua·
1138 1645 1191 1696 tur,
1210 1636 1361 1690 sedetiam
1379 1637 1421 1688 ad
1439 1651 1536 1689 earum
1549 1635 1780 1704 procurationem
1797 1633 1976 1701 adjuventur

278 1738 361 1776 renus
378 1722 413 1776 de
430 1720 516 1775 sacris
536 1721 633 1776 eccles.
654 1721 756 1776 minist.
775 1740 802 1792 p.
826 1728 881 1778 ltl.
900 1722 1016 1789 fatetur,
1041 1731 1110 1777 vete·
1137 1724 1173 1774 ab
1190 1723 1246 1786 cis,
1271 1721 1504 1791 quamadmodum
1531 1722 1567 1773 de
1590 1729 1674 1789 patre
1699 1737 1750 1774 ruo
1776 1717 1922 1788 Greporio
1949 1726 1976 1770 et

279 1825 338 1864 rem
356 1807 504 1861 malasiam
521 1815 547 1861 et
566 1809 697 1876 antiquos
714 1825 835 1862 canones
858 1826 915 1864 non
932 1809 1111 1863 summovisse
1139 1817 1226 1862 risatre
1238 1808 1343 1862 Nomia
1358 1806 1516 1874 Grsporias
1527 1807 1721 1860 Nazianzenus
1739 1813 1867 1861 matur.
1905 1804 1976 1858 Sunt

280 1895 445 1963 conjupatos
472 1910 491 1945 a
513 1895 683 1948 sacerdotio.
732 1893 802 1949 ltem
828 1895 917 1962 leuem
944 1913 1044 1949 novam
1076 1897 1112 1949 de
1139 1903 1164 1948 et
1188 1903 1287 1948 contra
1306 1894 1437 1963 plerique
1459 1892 1592 1960 coelibes,
1617 1892 1668 1961 qui
1692 1908 1778 1960 waste
1798 1893 1873 1946 adeo
1893 1892 1975 1946 cocti·

281 1981 421 2034 coelibatu
438 1982 617 2033 sacerdotum
630 1981 724 2034 videri
736 1988 886 2055 θεομαχεῖν
906 1999 956 2035 nce
974 1990 1112 2051 receptam
1139 1982 1205 2035 batu
1221 1998 1272 2034 sua
1288 1981 1329 2033 ad
1346 1995 1394 2043 ca,
1412 1995 1484 2047 meae
1502 1979 1561 2031 Dei
1577 1986 1648 2044 sunt,
1668 1977 1827 2045 expeditius
1843 1978 1975 2031 curanda

281 2066 317 2119 ab
330 2065 466 2120 orientali
477 2067 595 2119 ecclesia
608 2068 713 2131 saissa
749 2068 878 2122 Andreas
894 2067 1001 2123 Frieius
1018 2067 1067 2124 lib.
1088 2075 1112 2122 t.
1138 2085 1194 2121 non
1211 2067 1373 2134 incitentur,
1391 2066 1444 2118 sed
1460 2065 1543 2117 ctiam
1560 2071 1659 2116 eontra
1685 2062 1762 2115 caris
1781 2062 1868 2131 liujus
1887 2062 1977 2117 seculi

280 2153 316 2208 de
333 2151 439 2221 republ.
458 2152 565 2206 emend.
586 2169 646 2222 eap.
671 2157 713 2208 20.
732 2154 907 2207 matrimonii
931 2155 1115 2209 contrahendi
1138 2170 1226 2223 snpra
1247 2152 1371 2220 reliquos
1394 2150 1516 2204 leomines
1544 2150 1746 2218 immerpantur
1763 2156 1790 2202 et
1809 2149 1975 2202 obruantur.

280 2239 436 2293 libertatem
454 2238 648 2291 saemdotibus
665 2240 866 2293 restituendam
881 2242 1005 2293 omnam
1023 2241 1114 2296 modis·
1139 2241 1185 2291 Aa
1202 2254 1237 2291 ea
1253 2238 1341 2304 icitur
1360 2237 1536 2291 incommoda
1548 2242 1574 2287 et
1594 2233 1734 2288 seandala
1751 2234 1882 2288 wllenda
1903 2236 1974 2303 opti·

279 2325 392 2389 suadet,
422 2331 506 2394 atque
537 2325 569 2377 id
595 2325 707 2395 (inquit)
740 2327 826 2379 multo
858 2326 1001 2380 honestius
1032 2335 1113 2396 atquc
1139 2341 1213 2377 mum
1240 2324 1353 2392 quidem
1381 2330 1408 2375 et
1427 2320 1702 2390 praestantissimum
1723 2320 1880 2374 remedium
1898 2329 1975 2389 essa

281 2412 407 2466 ecclesiis
431 2411 574 2463 salumias
597 2413 703 2479 suerit,
730 2428 814 2480 quam
837 2412 1020 2466 scortationes
1032 2431 1112 2482 pree·
1138 2412 1165 2463 si
1183 2411 1281 2478 prisca
1306 2408 1378 2463 cleri
1394 2408 1564 2476 disciplina,
1582 2424 1662 2476 meae,
1683 2424 1737 2475 cuo
1757 2414 1884 2474 tempore
1903 2407 1974 2460 laec

280 2499 436 2567 buterorum
447 2498 526 2560 ferre
540 2498 702 2564 docereque,
715 2498 888 2550 sacerdotem
896 2499 1113 2568 minuspeccare
1139 2496 1297 2550 constitutio
1313 2496 1439 2566 primam
1458 2495 1574 2546 inducta
1592 2501 1644 2561 est,
1665 2492 1768 2562 uipuit,
1795 2494 1975 2562 restituatur,

278 2583 453 2650 fornicando
464 2589 512 2634 aut
526 2582 717 2635 adulterando
731 2600 815 2651 mam
834 2586 1042 2641 matrimonium
1050 2603 1112 2640 con·
1139 2582 1190 2635 lice
1206 2589 1259 2645 est,
1276 2589 1307 2634 ut
1325 2597 1404 2634 nemo
1423 2580 1453 2632 in
1471 2579 1645 2632 sacerdotem
1663 2579 1825 2647 ordinetur,
1847 2580 1908 2633 nisi
1925 2581 1976 2648 qui

280 2666 1112 2741 trabendo.lib.2.deeecles.fol.546:Demetrimoniopres·
1139 2685 1158 2720 a
1180 2668 1309 2737 pueritia
1335 2667 1364 2719 t'u
1391 2666 1509 2719 ecclesia
1535 2665 1676 2718 institutus
1703 2673 1729 2718 tt
1757 2664 1831 2719 cltrt‘
1855 2683 1973 2720 numam

280 2757 437 2825 bpterorum
450 2756 528 2823 quod
539 2772 590 2821 epo
601 2755 712 2823 scripsi,
723 2756 798 2807 idem
810 2764 875 2809 ante
888 2773 929 2808 me
940 2758 1113 2826 seripserunt
1140 2763 1294 2822 asscriptus
1314 2760 1354 2806 est
1369 2770 1425 2822 per
1439 2754 1546 2819 aradus
1563 2751 1788 2819 ministeriorum,
1808 2759 1930 2805 anatem
1942 2761 1974 2805 ut

274 2840 971 2912 papaacardinales,episcopi,abbates‚monacbi,
984 2843 1113 2913 tbeoloqi,
1139 2841 1282 2893 minimum
1299 2841 1420 2908 triginta
1435 2857 1572 2892 ascitorum
1584 2838 1719 2905 atticisset
1739 2855 1774 2892 ae
1790 2845 1877 2894 tetum
1896 2840 1975 2894 illud

273 2928 454 2997 jurisperiti,
481 2945 598 2996 quornm
617 2928 703 2981 uerba
720 2928 878 2997 citavimus,
903 2945 953 2982 nee
971 2931 1030 2984 scio
1050 2932 1113 3000 quis
1139 2936 1245 2995 tempus
1261 2936 1336 2980 caste
1356 2927 1577 2994 continenterque
1595 2925 1784 2993 traduxisset,
1804 2932 1854 2978 aut
1869 2925 1899 2977 si
1914 2943 1973 2979 ma·

279 3031 298 3067 a
324 3015 404 3069 nobis
434 3014 573 3081 dismspet
599 3021 716 3081 practer
743 3014 899 3082 Pipqianos
924 3023 951 3068 et
977 3019 1111 3083 qttosdam
1139 3014 1222 3067 ritum
1240 3014 1363 3082 aliquem
1382 3014 1412 3065 in
1429 3013 1603 3065 sacerdotem
1620 3011 1929 3080 cooptaricontipisset,
1948 3013 1974 3066 is

278 3099 395 3154 similes.
430 3098 509 3152 Idem
527 3098 556 3151 in
575 3098 704 3168 apologia
723 3099 877 3154 Innocentii
896 3099 947 3157 IV.
976 3100 1112 3157 lobannis
1139 3118 1173 3152 ea
1199 3108 1269 3153 esset
1295 3107 1385 3151 aetate
1409 3106 1494 3166 atque
1514 3115 1620 3151 morum
1640 3097 1793 3165 pronitate,
1819 3105 1850 3150 ut
1876 3106 1973 3153 nuutsm

280 3185 395 3239 Antonii
425 3184 589 3254 cardinalis,
627 3183 737 3239 abbatis
767 3185 972 3256 Panormitam,
1002 3188 1111 3244 Aliensi
1138 3186 1234 3238 neoris
1251 3184 1432 3238 coissensuab
1450 3185 1513 3251 ejus
1530 3185 1694 3238 commercio
1711 3184 1973 3255 abstinereposset3

277 3271 411 3334 Virvesii,
437 3270 560 3325 Thomas
586 3270 751 3341 Aquinatis,
781 3272 926 3342 Baptistae
956 3273 1110 3339 Mantuani,
1138 3273 1241 3325 deinde
1259 3271 1335 3325 utin
1353 3271 1511 3324 racmdsuio
1531 3272 1693 3324 constitutus
1711 3270 1746 3323 ab
1765 3270 1972 3339 omnprcrsus

277 3357 400 3414 Salviani
426 3357 548 3427 episcopi
576 3357 755 3412 Massiliensis
782 3375 816 3412 ae
839 3358 974 3428 Polydori
999 3359 1111 3433 Virgilii
1138 3357 1341 3411 cohabitatione
1366 3365 1392 3411 ct
1411 3356 1616 3422 familiaritate
1642 3357 1791 3410 rnuliemim
1810 3357 1972 3427 abstineret,

277 3443 405 3498 formalia
421 3443 506 3497 verba
518 3452 652 3511 recenset,
673 3443 774 3514 quibus
785 3442 903 3499 liberam
924 3445 1110 3500 ducendarum
1136 3444 1197 3497 sine
1216 3444 1314 3512 quibus
1332 3443 1536 3496 conditionibus
1548 3443 1747 3510 impossibilem
1757 3458 1817 3497 csse
1829 3444 1973 3499 emtitatis

277 3531 428 3602 conjugum
452 3536 617 3600 potestatem
637 3529 826 3585 sacerdotibus
844 3532 1050 3586 concedendam
1064 3535 1109 3602 jn·
1138 3530 1355 3584 obseruationem
1370 3530 1550 3596 judicabant.
1596 3530 1700 3583 Notum
1722 3529 1796 3581 enim
1824 3537 1864 3583 est
1894 3531 1973 3584 iliud

277 3617 381 3672 dicant
416 3615 562 3669 Lindanus
579 3615 608 3669 iu
625 3614 771 3686 panoplia:
799 3614 879 3670 Certo
897 3625 923 3671 et
940 3619 1025 3672 bodie
1045 3620 1109 3673 licet
1138 3615 1314 3682 Bernhardi,
1337 3631 1399 3667 curn
1420 3615 1529 3679 femina
1556 3614 1683 3667 babitare
1707 3622 1734 3667 ct
1756 3615 1896 3680 ferninam
1914 3633 1973 3670 non

278 3711 368 3757 castos
386 3710 468 3769 atque
489 3703 564 3754 citae
582 3702 705 3770 intepros
723 3703 842 3756 maritos
861 3705 902 3756 ad
921 3707 1111 3759 sacerdotium
1137 3710 1250 3769 tenpore
1275 3700 1370 3769 rrsajus
1394 3717 1452 3753 esse
1474 3717 1558 3769 quam
1583 3708 1705 3753 mortuos
1727 3701 1874 3757 suscdare.
1912 3700 1973 3757 Sed

173 3842 180 3863 ς
278 3804 425 3852 assumere,
446 3790 523 3856 qssod
535 3805 593 3842 meo
606 3791 719 3857 quidem
735 3789 846 3856 judicio
858 3792 963 3844 rectius
975 3794 1112 3846 sanctius-
1137 3805 1200 3842 ecre
1220 3788 1324 3840 dictum
1342 3794 1382 3840 est
1394 3804 1413 3839 a
1429 3785 1562 3855 Gereone,
1581 3787 1610 3839 in
1624 3785 1719 3855 primo
1730 3786 1825 3855 ripere
1838 3787 1972 3841 ecclesia-

278 3888 332 3942 que
349 3874 425 3936 ferte
435 3874 532 3940 suerit
551 3891 606 3944 per
631 3875 740 3943 aliquot
763 3873 981 3933 Germaniarum
995 3881 1111 3948 prouin-
1136 3875 1225 3929 eticae
1248 3874 1417 3942 disciplinae
1446 3874 1534 3928 multa
1552 3891 1646 3927 secero
1663 3874 1759 3942 ripere
1774 3882 1882 3928 statsda
1898 3884 1973 3944 sunt,

278 3958 352 4025 cias,
387 3976 471 4027 quam
502 3960 707 4027 impurissimos
736 3959 845 4028 aliquot
872 3965 1030 4029 praeficere
1061 3974 1111 4019 aut
1137 3977 1208 4029 quae
1232 3963 1315 4012 mado
1338 3959 1520 4027 defluentibus
1549 3958 1579 4011 in
1599 3959 1704 4028 pejora
1734 3960 1891 4029 majoribus
1914 3978 1973 4016 non

276 4043 360 4099 etiam
377 4046 484 4098 diutius
495 4046 618 4098 tolerare
638 4045 795 4114 nebulones,
816 4056 962 4114 apostatas
980 4059 1006 4104 et
1023 4052 1111 4105 sacri·
1137 4047 1220 4100 medo
1239 4046 1374 4114 inutilem,
1388 4047 1440 4099 sed
1457 4046 1657 4116 impossibilem
1670 4045 1803 4100 baberent
1820 4048 1973 4100 enecatio·

277 4129 355 4198 lepos
369 4139 509 4198 pastores,
529 4133 724 4199 quodfactam
739 4131 873 4186 abaurco
886 4133 938 4188 illo
953 4136 1111 4207 Paphnutii
1137 4150 1206 4188 nem.
1246 4131 1354 4194 Quodtt'
1375 4133 1469 4202 statut
1494 4134 1529 4185 dt
1552 4132 1605 4184 ¹¹⁰⁶
1625 4131 1780 4200 ἅῖὸθῑΡῑὶΜ
1797 4133 1973 4188 Μίίίῑωῆᾶῦ

276 4232 409 4284 responso
426 4216 537 4269 minime
556 4217 633 4276 foret
651 4217 782 4281 alienum,
800 4235 887 4286 sieque
906 4237 925 4271 a
942 4237 1006 4275 vcro
1022 4241 1109 4278 reme·
1136 4220 1314 4288 desperetur,
1337 4219 1508 4286 Praeteriit*
1535 4220 1566 4272 in
1588 4219 1753 4288 pastoribus
1777 4219 1971 4286 molestarum,

276 4302 325 4355 cio
341 4302 420 4368 forte
437 4302 753 4376 attomttpmmsidert
766 4311 870 4371 posset.
907 4303 1062 4362 Cassander
1080 4309 1109 4363 in
1136 4322 1205 4373 quos
1229 4304 1259 4357 ia
1282 4305 1375 4372 media
1397 4304 1537 4358 bominum
1563 4304 1644 4357 turba
1669 4306 1760 4358 vivere
1783 4313 1823 4372 et,
1846 4313 1876 4358 ut
1895 4323 1971 4360 nanc

275 4388 390 4443 consult.
409 4393 461 4443 art.
482 4392 523 4443 23.
544 4405 570 4458 p.
591 4388 730 4443 teneda.
753 4386 861 4445 Calon:
882 4391 1042 4446 Fatendum
1060 4404 1109 4462 cst,
1136 4407 1243 4459 queque
1261 4406 1308 4443 res
1325 4407 1355 4442 se
1377 4390 1494 4459 babent,
1518 4409 1577 4444 reru
1599 4407 1706 4460 quoque
1729 4391 1905 4454 familiarem
1925 4409 1972 4445 cu·

273 4475 401 4543 praviter
418 4493 437 4528 a
451 4476 576 4545 posteris
593 4491 653 4526 esee
667 4484 826 4543 peecatum,
852 4477 903 4545 qui
920 4479 993 4532 tanc
1012 4482 1108 4535 utitem
1135 4493 1202 4529 rare
1225 4492 1335 4531 necesse
1365 4484 1417 4544 est,
1446 4485 1534 4529 restat
1549 4478 1687 4546 priscum,
1715 4486 1746 4530 ut
1771 4477 1801 4530 in
1820 4485 1971 4546 posterum

268 4569 462 4630 protempare
475 4559 670 4625 tdeeoelibatn
684 4560 872 4632 sacerdotum)
887 4564 1108 4620 consttutionem
1135 4562 1306 4616 ordinandis
1330 4562 1381 4616 isac
1403 4570 1535 4615 statatum
1559 4562 1700 4615 releisetur
1727 4570 1754 4615 et
1775 4580 1852 4617 more
1868 4566 1971 4618 ederis

273 4649 368 4701 multis
392 4649 421 4701 in
444 4649 574 4716 laqueum
593 4654 734 4715 veterent,
761 4650 827 4701 dum
853 4648 968 4715 juvenes
986 4653 1108 4706 nondum
1136 4649 1269 4702 ecckmae
1288 4656 1313 4701 et
1331 4649 1510 4701 orientalium
1537 4648 1717 4702 ecclesiarum
1734 4648 1843 4702 bonuti
1860 4667 1971 4719 quoquc

272 4734 327 4786 sibi
352 4735 476 4800 counitos
503 4741 528 4787 et
554 4732 718 4800 exploratas
737 4740 839 4786 temere
865 4736 907 4787 ad
924 4735 1109 4790 ministeriam
1136 4735 1234 4788 mariti
1265 4735 1306 4787 ad
1336 4734 1469 4787 ecclesiae
1500 4735 1683 4787 rriiriisterium
1720 4734 1908 4789 admittantur
1943 4746 1971 4790 st

272 4819 489 4872 ecclesiasticum
515 4819 703 4887 admiserant,
733 4826 758 4870 et
793 4837 854 4870 cum
878 4820 938 4874 illis
966 4822 1108 4877 castitatis
1135 4829 1215 4874 cetra
1237 4828 1344 4889 tempus
1367 4820 1518 4875 ministerii
1537 4821 1740 4885 farriiliaritate
1769 4837 1877 4891 quoque
1903 4840 1968 4877 sua·

272 4919 341 4957 anus
358 4904 413 4956 sibi
435 4907 528 4973 impar
546 4919 603 4957 esse
621 4903 769 4972 sentirent,
794 4903 842 4957 illi
861 4906 957 4973 patius
982 4907 1108 4976 impuros
1119 4890 1123 4971 l
1134 4926 1196 4961 rum
1213 4907 1362 4974 conjuyum
1376 4906 1625 4976 utipermittantur
1635 4906 1716 4973 inacta
1729 4924 1863 4960 canonem
1874 4920 1970 4964 satas

271 4988 382 5057 qriosuis
414 4989 572 5042 concubitus
600 4989 818 5042 dissimularunt
846 4997 873 5042 ct
900 4979 1237 5061 quedammodo'syaodi
1253 4993 1409 5061 peneralis,
1432 5011 1488 5062 qua
1508 4994 1675 5058 decertatur,
1696 4994 1774 5047 nullo
1794 4996 1877 5046 modo
1897 4994 1967 5065 lepi-

267 5075 441 5144 probarunt,
460 5093 544 5144 quam
561 5084 592 5129 ut
609 5077 794 5146 permittendo
809 5078 1012 5131 comtitutionis
1027 5079 1216 5149 illiusttimas
1246 5079 1428 5133 diaconorum
1458 5087 1484 5132 et
1511 5080 1736 5149 presbyterorum
1764 5080 1880 5150 nuptias
1907 5099 1968 5137 esse

270 5161 408 5215 lucianae
427 5161 551 5229 oratiam
570 5162 630 5215 itta
642 5164 781 5229 facerent,
800 5161 850 5230 qai
866 5177 928 5214 eam
946 5163 1006 5216 sine
1020 5158 1342 5232 offen-idissolvendas‚
1369 5182 1418 5218 nec
1444 5173 1509 5217 ante
1535 5166 1739 5220 ordinationem
1770 5167 1811 5220 ad
1828 5170 1966 5234 proliten-

269 5263 347 5300 none
370 5247 483 5299 diuinae
507 5247 577 5312 loeis
597 5248 743 5301 obseruare
770 5265 827 5301 non
841 5255 983 5316 poterant.
1021 5252 1106 5303 Adde
1132 5250 1199 5301 dam
1230 5252 1386 5302 castitatem
1417 5264 1476 5303 esse
1509 5249 1725 5316 compellendos.
1774 5250 1847 5305 Sunt
1876 5253 1967 5321 icitur

270 5333 369 5395 eliaam
389 5334 465 5401 quod
481 5340 559 5385 aetas
576 5333 669 5389 adltuc
688 5351 783 5389 rerum
802 5334 935 5403 imperita
956 5342 981 5387 et
1001 5286 1215 5405 tempo-liujus
1254 5333 1457 5390 constitutionis
1496 5331 1671 5390 releuandae
1710 5353 1812 5407 praees
1850 5355 1962 5394 causae.
