4020 6014
642 363 695 421 DE
713 356 967 420 unumunurn
984 358 1170 420 romuleo.
1691 371 1749 429 tur

62 518 202 590 intrepida
216 520 563 577 conscientiaredditurus.
594 518 691 576 Cicero
701 520 749 575 lib.
765 525 788 576 3.
808 519 894 576 oilie:
917 533 1060 589 paupere,
1087 519 1154 588 quia
1173 536 1243 589 cpsu
1262 536 1393 573 mansuum
1410 519 1473 588 ejus
1486 535 1580 573 omnes
1598 518 1663 589 ipsi.
1699 516 1754 572 Ex·

62 604 131 659 Omns
143 607 243 676 judici
264 608 385 661 diemde
404 608 555 677 sententia,
575 609 739 677 meminerit,
757 624 787 661 se
801 608 894 660 Deum
919 605 1024 675 pendat
1036 605 1227 677 poeninen
1240 605 1456 676 increpationem
1466 604 1502 659 ad
1516 603 1754 679 προσωποιήπτιις

59 691 161 746 buben
179 700 281 762 testera,
301 693 353 748 boc
373 701 415 749 est
433 701 548 749 mentem
567 710 661 764 ιιιιιιιι,
680 709 736 763 qua
755 693 828 748 nuit
847 691 893 745 bo·
920 690 1051 746 directam
1071 690 1173 746 Psalm.
1188 696 1229 762 tt,
1248 708 1275 747 v.
1297 697 1328 748 2:
1351 692 1496 762 Usquequo
1509 691 1682 761 judicabitis
1700 691 1753 744 ini·

58 779 131 832 mini
158 780 238 833 dedit
262 781 343 834 Deus
368 782 427 851 ipse
460 780 591 836 divinius.
636 779 758 836 Hebraei
788 782 895 834 veteres
919 777 1052 847 quitatem
1082 784 1108 832 et
1130 778 1224 841 facies
1250 777 1400 848 impiorum
1427 778 1607 847 respicietis?
1641 777 1682 834 Ut
1707 776 1754 831 lex

58 862 214 931 affirmant,
233 867 349 935 nnpeloe
367 867 500 921 interesse
513 867 651 935 judicias,
678 871 705 921 et
728 864 894 921 Franciseus
919 863 1046 919 omnibns
1064 862 1208 936 aequalem
1236 879 1295 919 sese
1314 869 1454 936 praestat,
1472 864 1513 918 ita
1531 879 1642 937 quoque
1657 863 1753 934 judex,

58 950 222 1006 Alvareaius
247 952 357 1018 veribit,
375 953 492 1022 jndices
515 953 546 1007 in
569 952 722 1022 Aethiopia
741 951 892 1006 insidentes
922 950 968 1020 qui
986 956 1028 1005 eet
1053 949 1175 1006 animata
1193 951 1251 1020 lex,
1278 949 1406 1005 omnibus
1424 950 1460 1003 sit
1476 966 1582 1022 aequus
1602 956 1631 1005 et
1650 966 1751 1022 aequa·

59 1037 201 1092 subselliis
227 1039 386 1108 relinquere
408 1056 513 1094 suevus
537 1040 568 1092 in
586 1039 705 1094 editiore
724 1039 785 1092 loco
803 1037 892 1091 cutte
918 1035 961 1092 lis.
997 1036 1136 1108 Archytas
1153 1036 1230 1106 dixit,
1244 1036 1373 1105 judicem
1392 1044 1419 1090 st
1437 1053 1520 1090 arum
1538 1036 1615 1089 idem
1627 1051 1692 1100 esse,
1712 1037 1755 1090 ad

61 1126 132 1177 siros
151 1125 300 1179 duodecim
318 1126 468 1194 aedicere,
486 1126 538 1178 boe
551 1138 611 1179 sese
624 1125 786 1193 unpsionsm
803 1123 892 1189 sedes,
918 1128 1064 1193 nurumque
1082 1124 1154 1177 enim
1172 1123 1356 1192 emfupiunt,
1378 1124 1429 1192 qui
1446 1123 1557 1192 injuria
1577 1123 1751 1187 afficiuntur.

60 1208 187 1266 Godelm.
206 1210 265 1265 libr.
285 1216 309 1265 3.
329 1210 364 1266 de
382 1211 457 1283 sagis
476 1227 499 1267 c.
516 1219 539 1266 l.
555 1218 659 1268 namt.
688 1208 774 1281 Apud
785 1211 892 1263 veteres
918 1207 1157 1272 Quemadmodum
1195 1209 1235 1264 sol
1267 1224 1322 1264 nen
1363 1208 1433 1264 alius
1477 1214 1521 1264 est
1557 1208 1654 1278 diviti,
1700 1207 1750 1262 aed

65 1295 154 1351 sorum
172 1295 271 1366 judicii
291 1297 392 1368 tensplo
404 1296 599 1367 sutrinum,
618 1303 690 1352 teate
708 1295 826 1351 Platone
843 1292 891 1347 lib.
918 1295 1044 1351 omnibus
1062 1296 1229 1364 communie3
1254 1296 1294 1350 sie
1310 1295 1397 1365 judex
1416 1295 1457 1351 sol
1482 1295 1609 1366 justitiae
1632 1296 1700 1365 erit,
1726 1295 1749 1349 si

62 1389 86 1437 6.
113 1382 149 1437 de
174 1382 292 1454 legibus,
317 1393 348 1437 ut
366 1383 522 1438 reverentia
548 1383 668 1438 numinis
694 1382 731 1438 ad
755 1379 892 1452 justitiam
918 1396 975 1435 rem
999 1388 1028 1437 et
1047 1399 1173 1447 causam,
1190 1398 1245 1437 non
1267 1399 1332 1438 vero
1343 1397 1490 1453 personam
1502 1381 1639 1453 respiciet
1667 1383 1752 1438 Arso-

59 1467 165 1522 animos
181 1468 309 1538 judicum
329 1468 492 1525 inflecteret.
918 1468 1033 1539 pagitae
1052 1467 1143 1522 litium
1163 1468 1365 1524 contoversiss
1384 1485 1438 1523 non
1451 1468 1581 1532 interdiu,
1599 1468 1647 1524 esd
1667 1473 1752 1522 noctu

10 1580 45 1594 ι-
92 1559 152 1611 284.
189 1558 216 1610 2.
236 1556 333 1610 under
356 1557 557 1626 aequalitatem
583 1556 710 1609 omnibus
726 1559 849 1624 promtu
866 1559 893 1604 et
919 1559 948 1609 et
964 1553 1083 1608 obscura
1101 1554 1163 1609 luce
1178 1552 1352 1624 judicabant,
1370 1560 1403 1609 ut
1422 1553 1527 1626 absque
1545 1555 1603 1610 ulle
1622 1569 1752 1626 persona·

10 1653 26 1663 ·
59 1658 151 1712 ueqrsn
172 1641 253 1695 lance
275 1643 323 1710 jus
350 1661 430 1698 suam
457 1643 608 1711 unicuique
637 1643 757 1709 tribum,
784 1639 892 1693 seruiet
918 1658 979 1695 rum
997 1645 1124 1712 respectu
1137 1640 1303 1697 sententiam
1315 1640 1389 1697 ferre
1406 1645 1528 1711 possent,
1546 1656 1598 1696 nec
1616 1641 1752 1711 adspectu

22 1736 28 1747 ·
58 1728 146 1796 ipitvr
169 1745 190 1781 a
216 1730 312 1797 judice
338 1732 573 1803 προσωποιηψία,
621 1725 741 1782 Cautum
770 1725 823 1779 hec
849 1729 893 1779 est
917 1728 1038 1799 partium
1062 1730 1130 1783 moti
1154 1744 1172 1782 a
1192 1728 1318 1799 justitiae
1347 1733 1376 1784 et
1398 1729 1546 1802 aequitatis
1575 1728 1686 1783 ιιιιιιιιι
1705 1727 1752 1781 de·
1808 1741 1809 1744 ’

59 1828 187 1886 expresse
202 1812 268 1885 lege
285 1811 386 1879 divine,
404 1814 489 1870 Exod
508 1819 549 1878 23,
567 1829 593 1867 ι.
609 1819 639 1868 3:
657 1814 818 1882 Paupsrem
835 1828 892 1865 non
918 1814 1072 1880 flecterent,
1100 1813 1259 1869 Alexander
1283 1814 1319 1868 ab
1335 1814 1416 1869 Alex.
1444 1815 1494 1872 lib.
1514 1820 1537 1870 3.
1555 1814 1657 1886 genial.
1682 1813 1750 1868 dier.

58 1899 331 1976 innovabis,·t··1t'tt2
359 1901 470 1955 ornabis
499 1901 557 1956 eise
588 1898 746 1968 decorabis,
780 1898 811 1951 in
839 1913 892 1950 esse
918 1918 942 1958 c.
969 1909 992 1957 5.
1036 1903 1150 1955 Errant
1170 1902 1243 1954 enim
1260 1901 1377 1970 judices
1403 1918 1423 1954 a
1446 1901 1564 1955 ueritate
1590 1899 1751 1963 sententiae,

59 2004 160 2052 mvsa,
192 1986 245 2042 hoc
262 1994 378 2042 estnon
396 1987 543 2044 excusabis
568 2004 630 2043 eum
657 1987 687 2041 in
706 1985 779 2040 mala
798 1999 893 2053 caum,
920 1992 986 2043 dum
1004 1990 1151 2043 intendunt
1172 1989 1337 2059 qrsatitatem
1351 2005 1502 2058 personne,
1519 1988 1642 2043 Isidorus
1656 1986 1702 2043 lib.
1725 1990 1749 2041 3.
1848 2013 1849 2016 ¹

58 2073 107 2128 sed
126 2072 243 2145 aequale
258 2074 306 2143 jus
326 2073 405 2127 diviti
419 2081 448 2128 et
458 2073 576 2145 pauperi
594 2073 700 2144 absque
711 2085 892 2143 personarum
918 2075 953 2129 de
976 2091 1073 2130 summ.
1100 2074 1174 2130 bono
1197 2091 1221 2130 c.
1245 2079 1285 2132 bt.
1328 2073 1428 2130 Exstat
1450 2076 1637 2145 juramentum
1663 2073 1749 2144 magi-

59 2164 187 2229 ηιιιὶθθῒῑῑ
206 2159 418 2215 “dfflissifflbib
452 2156 892 2229 ¹10Vit·¹9rv·¹5=N⁰uf⁰0⁸'⁶·
917 2166 1054 2216 stratuum
1079 2177 1113 2216 sc
1127 2161 1256 2231 judicum
1278 2160 1308 2215 in
1325 2160 1477 2217 iustiniani
1495 2161 1669 2233 imperatorie
1687 2176 1750 2215 oon·

61 2247 97 2298 15⁸
115 2246 291 2314 iniquitaten
319 2246 349 2298 ⁸'u
360 2246 489 2315 judiviot
511 2262 569 2300 tou
592 2247 671 2310 stret
686 2244 779 2308 fad&
792 2242 891 2308 lenuit,
918 2249 1061 2304 stitutione
1079 2248 1187 2305 Novell.
1207 2253 1241 2305 3ι
1265 2250 1394 2318 Aequum
1411 2265 1454 2303 nse
1470 2249 1584 2319 utrique
1596 2248 1679 2317 perti
1694 2255 1752 2300 tam

57 2320 149 2404 Νιηη
170 2316 213 2383 'nb
227 2348 281 2386 non
296 2331 430 2403 suscipias
441 2332 486 2387 rel
500 2331 622 2387 elevabis
633 2328 733 2386 taciem
746 2328 892 2401 pauperia
917 2337 948 2389 s'n
973 2335 1168 2405 debceptanciie
1191 2336 1401 2401 controversiis,
1427 2351 1510 2405 quum
1535 2336 1643 2390 tuenda
1668 2333 1751 2388 disei-

57 2434 145 2487 nsque
163 2418 429 2487 decorabisfaciens
441 2419 538 2487 mupni
549 2418 610 2490 (ubi
631 2417 758 2474 estidem
776 2415 891 2472 verbum
915 2422 999 2492 plina
1020 2422 1136 2492 publice
1148 2422 1307 2491 praebebo,
1322 2423 1417 2476 neutri
1433 2423 1518 2492 parti
1541 2422 1675 2476 addictus
1694 2436 1750 2476 ero.

58 2502 86 2556 in
107 2498 244 2567 Hebraeo,
265 2504 340 2575 quod
360 2504 473 2576 ponitur
492 2503 577 2560 Exod
598 2508 646 2573 33,
666 2521 693 2558 r.
712 2509 737 2560 3.
755 2508 788 2557 ut
806 2500 893 2573 signi·
921 2508 1027 2571 Qsmdes'
1044 2509 1113 2564 tuse
1131 2525 1187 2564 nvn
1207 2509 1403 2577 observavero,
1422 2510 1548 2565 omnibus
1567 2509 1753 2564 incommodis

58 2588 163 2659 ficetur,
180 2607 232 2645 nee
254 2591 357 2659 divitis,
381 2607 434 2648 nec
452 2590 584 2662 pauperis
611 2590 712 2646 faciem
739 2588 893 2661 injudicio
918 2595 1059 2666 esposstrss
1076 2610 1138 2664 ere,
1164 2602 1222 2649 tem
1240 2594 1300 2665 lic,
1325 2612 1409 2664 qssum
1431 2597 1462 2649 in
1485 2598 1585 2660 puero
1604 2592 1703 2651 'secuto
1720 2597 1751 2649 in

56 2675 246 2732 honorandam
258 2678 317 2733 sive
328 2678 549 2750 respiciendam).
580 2677 662 2733 Deut
678 2682 701 2740 1,
718 2695 745 2733 V.
761 2683 808 2733 ll:
825 2678 893 2730 Non
917 2683 1057 2737 borrmdo
1075 2682 1191 2752 judicio
1216 2681 1314 2752 mapni
1335 2684 1396 2736 Dei
1422 2690 1448 2736 st
1475 2684 1634 2738 Salvatoris
1660 2684 1753 2738 nostri

10 2766 44 2809 ’δ’
58 2764 216 2830 “imiimi
234 2762 330 2838 ΨΒ.)
350 2765 456 2830 [ῦᾶθῦ
474 2764 532 2820 ῦὶιθ
544 2779 698 2836 limum,
716 2764 748 2816 ὑὶ
759 2764 892 2833 juditii&
917 2771 987 2825 Jesu
1005 2769 1111 2825 eunus·
1123 2755 1281 2838 habeboque
1298 2776 1410 2838 purtem
1423 2786 1485 2823 mem
1496 2770 1578 2824 Judu
1597 2777 1625 2823 et
1641 2771 1750 2838 ιφταιιι

59 2848 184 2919 timeae
201 2851 294 2905 statim
310 2849 437 2920 additur,
453 2850 526 2904 ιιιιιι
544 2867 683 2922 parvum,
701 2850 743 2904 sic
762 2865 892 2918 mapsam
921 2855 1003 2910 Giesi
1026 2863 1053 2908 et
1069 2863 1217 2908 tremorem
1240 2854 1326 2922 Cain,
1351 2855 1520 2925 insuperque
1541 2857 1657 2926 pomis,
1680 2870 1752 2925 qssns

59 2938 197 3006 audietis,
215 2956 271 2991 non
291 2938 423 2992 timebitis
439 2955 458 2991 a
474 2938 553 3002 facie
570 2937 639 3006 oiri,
666 2936 734 3007 quia
748 2936 893 3006 judicium
917 2943 979 3010 lepe
999 2943 1180 3002 continentur,
1199 2957 1249 2995 ero
1266 2941 1413 3008 subiectura.
1448 2940 1563 2996 ”Cum
1582 2957 1655 2996 auno
1676 2945 1751 2997 toto.

59 3024 121 3075 Des·
143 3031 191 3079 est.
227 3023 374 3096 Significat
398 3030 490 3080 autem
515 3022 615 3079 faciem
634 3023 752 3094 alicujus
770 3023 800 3089 ιιι
816 3021 892 3093 judi·
918 3027 1143 3101 archiepiscopus
1156 3026 1327 3082 ὒοιοιιιιιιιίι
1347 3027 1533 3098 comperisset,
1547 3027 1657 3098 jndices
1674 3026 1753 3083 femi·

60 3111 103 3164 eio
120 3110 258 3181 respicere
275 3111 434 3166 alterutrius
447 3109 812 3182 litigantisdignitstemuc
827 3125 892 3164 oon·
920 3132 972 3169 nac
995 3113 1113 3185 pauperi
1143 3129 1256 3169 cansam
1281 3113 1459 3184 abjudicesse
1489 3120 1517 3171 et
1539 3114 1617 3169 diviti
1642 3113 1751 3184 adjudi-

60 3196 191 3250 ditionem
221 3197 322 3252 intueri
349 3197 478 3270 neglecta
504 3213 605 3252 causae
627 3202 657 3251 et
681 3196 819 3250 rationum
848 3195 892 3250 sel
918 3217 1005 3268 casse,
1023 3200 1077 3254 illis
1091 3198 1220 3254 omnibus
1237 3200 1332 3256 oculos
1350 3201 1409 3256 crui
1421 3200 1507 3270 jussit
1525 3207 1640 3271 excepto
1660 3200 1751 3270 unico,

60 3283 192 3354 bonitate,
210 3284 255 3339 sel
279 3285 433 3359 pravitat03
452 3284 547 3353 justus
561 3283 647 3354 judex
666 3282 768 3338 taciem
792 3298 893 3338 musas
919 3288 967 3358 qui
989 3293 1133 3357 compater
1155 3285 1230 3340 illius
1248 3293 1323 3353 erat,
1347 3284 1422 3340 hunc
1447 3286 1520 3342 cuim
1540 3303 1598 3341 uno
1618 3286 1753 3341 duntaxat

60 3369 185 3440 respicit,
216 3385 273 3424 non
301 3385 450 3440 personae,
477 3368 530 3423 boe
556 3376 600 3424 est
630 3370 774 3439 utriusque
804 3369 892 3440 partit
919 3373 999 3428 oculo
1018 3372 1152 3444 privam,
1171 3378 1204 3427 ut
1220 3373 1309 3427 altero
1326 3372 1440 3442 adjutus
1458 3379 1622 3428 excaecatos
1640 3373 1752 3426 domum

60 3473 172 3511 causam
194 3462 221 3512 et
240 3455 378 3510 rationum
397 3463 537 3512 momenta
548 3455 690 3528 expendit,
710 3455 759 3509 sed
771 3454 891 3526 injustus
919 3459 1057 3514 deducere
1076 3463 1180 3529 posset,
1196 3464 1283 3528 utque
1298 3455 1382 3527 hujus
1395 3458 1436 3513 rei
1451 3458 1584 3513 memoria
1603 3464 1676 3513 esset
1692 3457 1752 3511 diu·

55 3540 145 3612 judex
161 3542 262 3599 taciem
282 3559 417 3614 peneum
434 3543 562 3615 respicit,
581 3560 638 3598 non
657 3558 767 3599 musae.
805 3541 890 3598 Dent.
918 3544 1038 3610 tus-nior,
1062 3559 1146 3615 super
1168 3549 1379 3600 excaecatorum
1405 3543 1501 3599 domos
1518 3544 1612 3614 capita
1636 3543 1754 3615 tigulins

63 3634 108 3694 lb,
139 3645 165 3685 ι,
202 3634 245 3685 13ι
277 3629 343 3700 Non
370 3629 517 3684 declinere
541 3629 636 3694 sumes
653 3630 809 3699 judicium,
835 3647 892 3683 non
918 3648 981 3687 cum
1010 3629 1116 3686 effossis
1144 3629 1232 3685 oculis
1264 3628 1429 3684 collocanda
1456 3629 1572 3698 curavit,
1601 3635 1634 3684 ιιι
1654 3628 1753 3685 terrori

61 3732 196 3786 upnosoes
212 3714 314 3780 socies.
353 3715 435 3771 Prov.
457 3721 502 3779 18,
525 3733 551 3770 s.
569 3722 601 3770 b:
628 3716 767 3785 Accipere
785 3717 890 3781 faciem
918 3724 1009 3774 essent
1027 3715 1275 3788 praetereuntibus.
1307 3714 1501 3771 Dresserusin
1517 3716 1620 3772 millen.
1640 3721 1665 3774 b.
1683 3735 1710 3788 p.
1727 3722 1751 3775 2.

59 3803 143 3873 impii
151 3821 208 3858 non
220 3805 319 3857 bonum
336 3805 376 3856 ed
385 3805 602 3872 pervertendum
611 3803 721 3872 justum
732 3803 892 3873 injudicio.
916 3824 944 3877 p.
966 3810 1026 3861 tus.
1043 3802 1150 3861 ibt-*⁴*

58 3889 164 3945 Eccles.
184 3897 208 3954 t,
226 3907 251 3943 v.
270 3895 316 3945 ub:
343 3891 388 3943 Ne
406 3889 534 3962 accepim
552 3889 658 3952 faciem
676 3890 812 3944 αιιιινιιιι
830 3892 892 3945 eni·
953 3898 1012 3948 285.
1047 3894 1075 3946 3.
1092 3887 1395 3957 Judserectojudioio
1408 3888 1517 3958 dumus,
1533 3892 1789 3961 nonaffevtuuma,
1811 3901 1876 3955 me

60 3994 135 4031 mum
153 3985 238 4046 muru,
257 3976 308 4031 boe
326 3983 368 4032 est
386 3976 416 4030 in
432 3976 563 4030 damnum
580 3981 669 4031 tuum.
701 3973 891 4032 ”Caeterum
917 3976 1177 4046 surbineimpulsus
1194 3975 1360 4030 numnam
1369 3976 1457 4041 ferat,
1472 3975 1596 4044 proinde
1608 3993 1628 4030 a
1639 3978 1752 4047 judicie
1764 3971 1866 4026 neem

60 4062 90 4118 sb
112 4061 268 4136 πρόσωπον
293 4062 352 4117 ιιιι
369 4078 488 4133 persona
511 4060 650 4134 significat
669 4065 693 4118 1.
719 4063 892 4118 comitasse
918 4066 1012 4121 anime
1030 4064 1136 4119 essolet
1152 4065 1301 4134 affectuum
1319 4061 1425 4124 ιιιειιι.
1456 4061 1540 4116 Tales
1550 4061 1668 4118 affectus
1686 4039 1871 4118 ιιιιιιᾶῐαξία·

58 4158 150 4204 sertas
161 4149 206 4205 vel
219 4148 412 4220 promissiones
425 4147 499 4210 boui,
519 4148 562 4202 vel
579 4147 806 4204 comminationes
818 4148 891 4218 mali,
917 4153 972 4221 ira,
1000 4150 1108 4220 odium,
1134 4149 1274 4214 simultas,
1299 4149 1438 4204 vindictae
1458 4148 1598 4220 cupiditas
1617 4165 1651 4204 ex
1668 4157 1747 4220 parte

63 4235 115 4291 boo
129 4235 255 4290 emtales
274 4234 453 4304 conditiones,
470 4231 572 4306 qurbus
586 4234 630 4290 vel
648 4237 731 4303 Deus,
744 4234 789 4290 vel
806 4235 892 4307 magi·
917 4256 987 4305 una,
1012 4245 1209 4310 praeposterus
1233 4235 1312 4304 farm
1332 4241 1361 4291 et
1385 4234 1476 4307 gratia
1500 4251 1533 4290 ex
1558 4240 1637 4306 parte
1655 4237 1751 4292 altera.

59 4331 161 4380 etratus
180 4321 270 4376 civilis
287 4321 390 4376 bonum
407 4320 562 4392 pollicetur,
580 4321 603 4375 si
621 4321 689 4376 ordo
703 4323 892 4395 praescriptus
918 4325 1113 4399 Affectuslubi
1123 4324 1256 4393 ιιἰιιιιίιιι,
1272 4322 1313 4376 ibi
1329 4322 1404 4376 ratio
1422 4323 1579 4390 claudicat,
1605 4328 1630 4374 et
1647 4322 1696 4375 ubi
1712 4330 1754 4376 est

59 4417 184 4466 senetur
200 4415 229 4465 et
245 4408 347 4464 malum
366 4408 556 4476 comminatur,
575 4408 599 4462 si
616 4407 684 4462 ordo
702 4409 889 4480 praescriptus
916 4414 1032 4479 fervida
1049 4411 1184 4478 vindicta,
1203 4409 1244 4463 ibi
1253 4423 1311 4463 non
1323 4415 1364 4462 est
1376 4416 1531 4477 temperata
1537 4408 1659 4477 justitia.
1692 4406 1753 4462 Sal·

59 4498 191 4559 violetur,
208 4500 240 4550 ut
258 4501 323 4549 sunt
339 4493 423 4559 fides,
449 4493 633 4565 poenitentia,
661 4495 798 4565 probitas,
825 4495 890 4551 obe·
918 4500 1018 4554 iustius
1042 4498 1071 4552 in
1095 4494 1159 4552 bell
1185 4493 1319 4566 Jugurtb.
1343 4493 1448 4565 inquit,
1476 4493 1552 4564 quod
1575 4494 1749 4548 consultores

61 4582 180 4658 dieutia3
206 4587 229 4637 2.
254 4581 427 4634 conditiones
442 4597 596 4650 personas,
625 4598 696 4652 quae
721 4598 784 4636 cum
807 4598 892 4638 causa
914 4585 1032 4656 pessimi
1053 4584 1110 4636 sint
1127 4581 1270 4650 cupiditas
1288 4580 1385 4634 stira.
1424 4579 1612 4649 Hieronymus
1631 4577 1660 4632 in
1677 4594 1703 4634 c.
1725 4584 1748 4636 6.

61 4670 101 4724 ita
120 4674 186 4722 sunt
196 4684 345 4737 connexae,
362 4672 395 4722 ut
406 4683 468 4722 eam
482 4667 526 4722 vel
538 4673 700 4740 aggravent,
718 4668 763 4724 ιιι
775 4669 891 4724 elevent
918 4675 1017 4727 Amos:
1038 4669 1200 4737 Quicunque
1217 4675 1269 4720 aut
1288 4666 1537 4734 eomanpuinitute,
1556 4673 1606 4718 aut
1624 4665 1752 4719 amicitia
1795 4690 1798 4701 ·

64 4757 111 4813 Sic
137 4755 185 4827 qui
205 4755 308 4811 occidit
326 4754 527 4825 magistratum,
550 4753 663 4826 gratim
688 4759 787 4824 peccat
807 4771 892 4826 quam
918 4767 945 4814 et
957 4765 1057 4812 contra
1073 4754 1118 4809 vet
1128 4752 1226 4807 bestiti
1238 4753 1314 4821 odie,
1325 4753 1370 4805 uel
1383 4751 1534 4804 sns'micitia
1546 4752 1577 4805 in
1587 4752 1753 4820 judicando

61 4841 108 4916 qui
127 4841 229 4897 occidit
244 4842 402 4911 subditum
424 4845 448 4896 3.
470 4849 598 4895 ememus
611 4857 752 4909 personas
770 4842 893 4910 qualitu-
918 4846 1040 4911 ducitur,
1053 4840 1192 4912 pervertit
1201 4839 1347 4907 judicium
1367 4837 1487 4905 Christi,
1506 4838 1557 4906 qui
1574 4845 1615 4891 est
1626 4837 1752 4906 justitia,
1766 4847 1825 4891 ιιι.
1835 4845 1881 4890 ιιι.

60 4940 115 4994 tes,
138 4943 251 4983 causam
277 4927 367 4999 ipsam
392 4926 475 4998 plane
499 4943 555 4980 nou
579 4926 757 4998 attingentes,
777 4932 810 4982 ut
828 4932 894 4983 eunt
919 4941 944 4988 ee
954 4933 1086 5001 sesuvium
1109 4926 1191 4980 ιἰιιιιι
1208 4925 1299 4979 nes-tu
1316 4926 1346 4978 in
1365 4923 1590 4978 amaritudinem.
1629 4923 1671 4980 Ut
1686 4922 1753 4979 cali·

60 5015 204 5085 nobilitas,
222 5014 350 5083 divitiae,
367 5012 604 5084 consanguinitas.
640 5012 678 5067 Et
696 5011 767 5069 baec
784 5031 893 5085 ripevu-
918 5020 1033 5092 ςιῃοιιι
1049 5013 1138 5070 nubes
1154 5012 1220 5068 solis
1232 5011 1324 5066 lucem
1336 5009 1530 5082 intercipiunt3
1550 5010 1590 5066 sic
1602 5009 1753 5066 affectuum

61 5108 188 5173 ποιηψια
207 5106 250 5158 ιιι
266 5099 414 5157 illicita.ll
448 5099 565 5154 Veteres
583 5099 738 5170 pingebant
753 5100 892 5171 justitiam
918 5104 1007 5161 nubes
1023 5101 1091 5157 recti
1109 5099 1209 5171 judicii
1228 5097 1319 5152 radios
1332 5095 1515 5165 abscondunt,
1532 5097 1649 5169 proinde
1665 5097 1754 5168 judex

62 5209 123 5246 eum
138 5190 224 5260 peplo
244 5188 333 5243 cerdis
345 5189 472 5257 obducto,
492 5191 614 5240 utnotat
625 5185 742 5241 Drusiue
753 5188 782 5242 iu
794 5205 892 5245 comm.
918 5188 1041 5248 tribunal
1060 5201 1259 5243 sonscemmus
1277 5183 1395 5239 affectus
1413 5200 1509 5239 omnes
1525 5184 1603 5254 prius
1621 5188 1706 5239 exuat
1725 5187 1755 5238 et

62 5278 97 5334 ad
123 5275 207 5331 distic.
229 5275 292 5331 loce
316 5275 430 5330 Denter.
454 5291 479 5331 c.
503 5279 527 5328 3.
550 5290 576 5343 p.
609 5278 667 5329 509.
695 5272 892 5345 significantes,
919 5281 1038 5330 mentem
1057 5273 1094 5329 ab
1114 5288 1208 5328 eorum
1227 5269 1348 5340 caligine
1368 5276 1484 5324 serenet.
1524 5270 1603 5335 Quae
1622 5286 1684 5324 eum
1703 5268 1752 5323 ali·

63 5382 123 5421 eam
146 5362 249 5419 nullius
272 5378 405 5434 personae
423 5360 581 5432 respectum
605 5357 717 5417 habere.
752 5359 895 5431 Proponat
920 5376 977 5431 qua
992 5358 1202 5430 perturbatione
1215 5355 1293 5419 fiunt,
1310 5371 1362 5410 nec
1380 5359 1539 5410 constanter
1551 5353 1612 5409 fieri
1628 5360 1754 5425 possunt,

62 5451 116 5506 sibi
131 5449 220 5521 judex
243 5447 396 5519 exemplum
417 5447 488 5516 Dei,
513 5446 607 5516 cujus·
616 5445 761 5516 judicium
777 5454 894 5515 exercet,
919 5462 971 5502 uec
993 5446 1031 5501 ab
1055 5446 1105 5516 iis,
1125 5444 1173 5516 qui
1197 5443 1314 5511 adsum,
1341 5441 1454 5513 probari
1471 5440 1569 5497 Cicero
1589 5445 1612 5500 1.
1638 5440 1753 5500 officior.

63 5539 98 5595 de
120 5553 178 5610 quo
193 5536 259 5594 ιιι.
279 5541 326 5606 34,
347 5554 372 5590 s.
393 5539 432 5591 tt.
450 5533 566 5599 dicitur,
589 5534 667 5602 quod
687 5550 746 5588 nvn
767 5535 894 5605 eoeipist
920 5533 1003 5589 Mete
1037 5549 1131 5587 versvm
1170 5526 1311 5586 mentiar
1355 5531 1445 5586 omme
1479 5537 1631 5600 conseptus
1665 5529 1756 5599 indeve

63 5627 168 5691 sesima
183 5624 357 5698 principem,
380 5620 621 5693 neopatrensis
635 5619 898 5677 alienu-eom.
920 5619 1054 5681 Horatius
1073 5617 1129 5676 lib»
1145 5625 1168 5676 l.
1192 5633 1276 5675 serus·
1292 5622 1347 5677 saa
1363 5624 1391 5677 4.
1428 5615 1477 5671 ad
1499 5615 1616 5672 vitiosos
1632 5615 1696 5705 illes
1715 5613 1759 5672 ab·
