4020 6014
215 245 271 302 156
794 235 915 293 Iocus
933 232 1136 291 vlcaslhssls
1155 229 1319 293 TERTIUS

208 410 284 461 mus,
313 391 439 461 episcopi
471 389 657 444 nominantur.
704 390 878 447 Lombardus
913 398 937 448 4.
969 390 1140 474 santlesset
1163 406 1181 444 a
1203 388 1385 454 Bellarmino,
1410 387 1485 458 quod
1508 386 1561 457 ipsi
1588 385 1705 456 apostoli
1728 386 1785 440 tale
1806 384 1902 441 dbcri·

209 478 273 535 dist.
304 482 345 533 24.
369 477 411 532 lit.
438 478 456 531 t
484 476 585 548 repetit
613 494 646 532 ex
674 476 793 533 Isidoro:
824 477 913 547 Apud
935 486 1041 532 ueteres
1066 493 1129 531 men
1146 476 1328 530 instituissent
1341 473 1566 544 interspiscopos
1585 472 1811 543 etpresbyteros,
1828 473 1903 544 quod

208 564 294 617 iidem
323 564 449 634 episcopi
479 572 505 618 et
528 563 685 633 presbyteri
713 563 838 626 fuemnt.
882 563 1039 619 cardinalis
1067 562 1131 632 illis,
1148 580 1204 617 non
1222 568 1314 618 autem
1330 561 1372 615 his
1391 565 1514 631 potestas
1535 559 1681 615 ordinandi
1699 576 1756 614 una
1774 577 1838 615 cum
1862 561 1903 614 in-

207 649 379 706 Arelatensis
403 650 538 705 referente
558 649 654 704 Aenea
673 649 769 720 Sylvio
795 649 843 707 lib.
871 656 894 706 1.
914 650 950 706 de
970 659 1038 723 gest.
1067 649 1209 718 spectione
1237 647 1406 719 reliquorum
1435 645 1662 717 presbyterorum
1701 645 1804 702 debeat
1843 663 1903 702 esse

209 735 317 791 concilii
335 736 421 792 Basil.
440 735 514 791 idem
533 734 635 789 docuit
670 733 811 789 iohannes
829 735 993 791 Parisiensis
1011 736 1040 790 in
1067 734 1225 804 commissa,
1259 734 1333 804 quod
1357 732 1542 787 verisimiliter
1564 732 1676 803 quidam
1700 732 1794 804 colligi
1822 749 1903 802 posse
1919 765 1935 787 .

208 823 279 877 libro
299 823 333 877 de
351 827 489 893 potestate
506 837 596 891 papae
613 838 631 875 a
649 818 775 875 Sarbane
800 821 954 893 approbato
985 829 1039 877 ets·
1067 821 1224 875 existimant
1241 837 1274 874 ex
1293 820 1348 874 Tit.
1370 825 1392 883 1,
1408 837 1435 876 v.
1455 826 1476 874 5.
1495 819 1544 873 ubi
1561 818 1625 872 Tito
1650 818 1825 874 Cretensium
1846 819 1903 889 epi·

207 908 278 977 tuit,
299 910 478 978 presbyteros
503 924 559 961 non
591 923 648 960 essa
683 908 837 972 inferiores
855 909 1040 978 ponthicshus,
1067 925 1150 978 scopo
1169 906 1352 963 demandatur
1370 905 1439 962 haec
1458 904 1609 975 provincia,
1632 912 1663 958 ut
1683 907 1835 959 constituat
1856 923 1902 975 op

209 997 284 1065 qaod
307 997 348 1048 ad
371 993 546 1048 essentialem
570 993 721 1047 ministerii
744 995 908 1064 dignitatem
933 996 1039 1050 attinet.
1063 995 1187 1063 pidatim
1204 993 1400 1063 presbyterum
1427 991 1549 1046 nondum
1570 998 1662 1046 minen
1680 991 1801 1046 evictum
1821 990 1902 1056 soret,

208 1080 339 1136 Erasmus
363 1081 393 1134 in
420 1084 513 1136 annot.
541 1084 563 1135 1.
587 1079 659 1133 Tim.
684 1086 709 1136 t.
732 1097 761 1150 p.
779 1085 843 1136 472:
876 1082 1040 1150 Antiquitas
1060 1081 1129 1149 jure
1149 1081 1244 1135 diuino
1264 1082 1383 1151 majores
1402 1090 1462 1134 esse
1482 1079 1625 1150 episcopos
1637 1078 1817 1148 presbyteris,
1838 1093 1903 1133 con·

209 1168 281 1220 inter
298 1167 458 1236 episcopum
479 1173 505 1218 et
521 1166 711 1234 presbyterum
728 1166 801 1219 nihil
822 1167 971 1237 intererat;
990 1171 1042 1221 sed
1067 1166 1173 1222 stitutio
1204 1166 1277 1222 enim
1308 1166 1357 1220 illa
1385 1165 1538 1237 apostolica
1565 1171 1638 1220 esset
1670 1164 1809 1219 duntaxat
1839 1182 1904 1235 pars

205 1263 270 1323 post
282 1260 403 1322 propter
422 1252 573 1306 schismata
591 1269 610 1304 a
626 1252 722 1306 multis
740 1253 863 1307 delectas
875 1261 916 1307 est
934 1255 1039 1324 episco-
1066 1251 1190 1315 εὐταξίας
1202 1253 1480 1322 ecclesiasticaanon
1493 1258 1586 1308 autem
1599 1258 1777 1321 praeceptum
1789 1250 1903 1322 aliquod

178 1444 181 1449 ·
208 1427 367 1496 episcopos,
398 1427 523 1480 nondum
555 1425 627 1478 enim
653 1426 808 1479 increverat
838 1427 921 1480 turha
948 1444 1041 1480 sacer·
1066 1427 1214 1482 clesiastici
1232 1433 1310 1481 actus
1329 1426 1490 1489 collatione,
1516 1441 1691 1495 nequaquam
1710 1441 1775 1479 vero
1793 1425 1903 1495 praeju-

208 1515 317 1580 dotum,
347 1514 399 1565 sed
426 1521 492 1580 quot
518 1520 598 1565 eram
619 1512 791 1584 presbyteri,
821 1514 936 1567 totidem
960 1521 1041 1567 mant
1069 1514 1176 1569 dicaret
1194 1513 1412 1569 extraordinario
1430 1510 1602 1567 necessitatis
1621 1509 1710 1579 casui,
1731 1511 1810 1582 quasi
1830 1509 1904 1565 scili·
1917 1512 1942 1556 n

209 1599 342 1669 episcopi.
375 1597 495 1653 Michael
511 1598 625 1653 Medius
642 1598 689 1652 lib.
714 1605 736 1655 1.
757 1599 792 1654 de
810 1616 879 1653 sacr.
899 1598 1040 1655 hominum
1067 1599 1107 1654 let
1130 1616 1166 1654 ne
1197 1599 1309 1671 quidem
1337 1605 1453 1671 urgente
1477 1597 1649 1652 necessitatis
1678 1613 1759 1664 casu,
1790 1597 1903 1667 quando

209 1685 276 1757 orig.
297 1691 326 1740 et
339 1685 489 1742 continent.
507 1702 531 1739 c.
552 1692 574 1740 5.
601 1702 656 1740 ιιοιι
673 1684 838 1755 Hieronymi
863 1686 965 1754 solum,
991 1687 1039 1741 sed
1067 1684 1187 1756 episcopi
1219 1685 1271 1740 hoc
1298 1684 1420 1740 osticium
1445 1702 1525 1738 suum
1550 1684 1712 1755 negligunt,
1745 1683 1904 1754 presbyteri

210 1773 295 1827 etiam
313 1770 461 1839 Ambrosii,
479 1770 644 1841 Augustini,
661 1768 780 1839 Sedulii,
799 1771 934 1841 Primasii,
955 1770 1040 1842 Chry·
1067 1771 1176 1826 nomine
1188 1770 1322 1827 ecclesiae
1333 1777 1447 1841 possent
1459 1770 1599 1824 ministros
1618 1770 1754 1825 ordinare.
1786 1770 1904 1825 Recalat

208 1857 330 1928 sostomi,
345 1856 522 1924 Theodoreti,
539 1856 698 1912 Oscumenii
721 1862 749 1910 et
766 1856 969 1928 Tbeophylacti
984 1858 1040 1912 suf·
1068 1857 1251 1914 Bellmminue
1267 1874 1318 1912 sna
1338 1858 1424 1912 rerba
1442 1857 1472 1911 in
1490 1874 1513 1913 c.
1532 1874 1605 1927 seq:
1627 1857 1695 1910 Etsi
1712 1858 1904 1925 Hieronymus

209 1944 329 2016 fragium
347 1945 378 1999 in
394 1944 447 1998 hac
465 1943 626 2014 quaestione
645 1943 723 1999 nobie
734 1943 860 2015 largitur.
887 1943 1041 2000 carimdes
1068 1963 1124 2000 non
1141 1945 1252 1998 uidetur
1271 1960 1439 2013 opnoscere,
1456 1944 1526 2012 jure
1546 1943 1641 1996 diuino
1667 1958 1727 1996 esse
1750 1944 1904 1997 discrimen

169 2028 172 2037 '
209 2031 239 2085 in
265 2031 382 2086 consult.
406 2035 458 2084 art.
485 2036 528 2086 ll:
560 2031 607 2083 An
631 2030 809 2100 episcopatus
832 2032 904 2084 inter
928 2034 1041 2086 ordines
1067 2030 1383 2099 interjurssdictionem
1402 2030 1529 2099 episcopi
1546 2029 1757 2099 etpresbyteri,
1776 2031 1904 2099 agnoscit

210 2118 412 2172 ecclesiasticos
426 2120 576 2189 ponendam
589 2118 640 2185 sit,
665 2118 736 2170 inter
752 2117 893 2187 theologos
911 2125 937 2171 et
957 2136 1040 2173 cano·
1068 2124 1167 2184 tamen,
1181 2116 1232 2170 hoc
1244 2117 1335 2185 ipsum
1348 2115 1498 2170 discrimen
1510 2115 1545 2166 ab
1557 2115 1694 2184 apostolis
1704 2116 1902 2186 introductum,

210 2205 299 2258 natm
315 2222 371 2258 non
389 2205 522 2268 conuenit,
543 2203 668 2258 conuenit
685 2210 778 2256 autem
792 2205 865 2258 inter
884 2222 992 2274 omnes,
1011 2205 1041 2258 in
1067 2204 1126 2257 uuit
1143 2204 1215 2256 enim
1233 2203 1429 2270 Hieronymus,
1447 2202 1477 2253 iu
1491 2201 1561 2270 ipsis
1575 2201 1709 2254 ecciesiae
1723 2203 1902 2271 primordiis,

144 2342 150 2357 ,
211 2291 402 2361 apostoloram
428 2298 518 2345 aetate
544 2291 617 2344 inter
643 2290 787 2360 episcopos
814 2298 840 2344 et
863 2292 1042 2360 presbyteros
1068 2308 1130 2345 cum
1146 2291 1239 2343 adhuc
1257 2291 1378 2344 moment
1403 2288 1540 2359 apostoli,
1559 2288 1791 2356 jurisdictionem
1817 2291 1913 2349 eccle.

210 2377 318 2430 nuilnm
336 2377 488 2431 discrimen
504 2378 606 2445 fuisse,
625 2379 676 2429 ssd
689 2379 867 2444 postmodum
884 2378 1042 2431 schismatis
1064 2378 1210 2430 siasticam
1219 2378 1260 2429 ad
1272 2377 1416 2445 episcopos
1432 2391 1491 2428 esse
1503 2375 1634 2429 delatam.
1671 2373 1778 2439 Quodsi
1803 2376 1903 2432 Hiero·

211 2463 338 2518 evitandi
355 2482 444 2518 causa
463 2465 623 2533 episcopum
629 2463 801 2532 mucymus
817 2464 907 2526 fnisse
919 2482 1041 2535 praepo-
1069 2480 1169 2533 ngmus
1189 2478 1339 2534 agnuam
1359 2460 1456 2532 potuit,
1477 2461 1512 2515 ab
1531 2460 1661 2530 apostolis
1677 2461 1903 2531 proiectumesse

210 2551 302 2615 situm,
321 2550 538 2622 σιιίχιιροτονία,
555 2550 640 2602 idest
653 2549 812 2603 ordinandi
825 2558 960 2621 potestas,
980 2571 1042 2607 con-
1069 2548 1216 2605 discrimen
1236 2549 1429 2621 episcoporum
1448 2565 1481 2603 ac
1500 2548 1739 2619 presbyterorum,
1760 2556 1902 2606 attamen

211 2653 288 2690 cessa
308 2643 362 2702 est,
388 2637 449 2689 sine
468 2652 523 2705 qua
543 2635 700 2688 ordinandi
724 2636 902 2692 dutinctions
917 2655 981 2708 pan
998 2638 1042 2692 uel
1069 2653 1124 2691 non
1140 2640 1308 2708 agnosceret,
1329 2651 1346 2689 a
1361 2635 1426 2705 Jure
1443 2634 1537 2690 divino
1551 2636 1620 2690 illud
1633 2652 1701 2700 esse,
1721 2637 1817 2708 utique
1829 2638 1902 2693 inter
1932 2676 1934 2681 ·

206 2723 329 2792 politica
347 2723 392 2777 vel
409 2723 598 2776 ecclesiastica
614 2720 734 2774 retineri
750 2722 795 2775 cis
812 2725 912 2792 possit.
1069 2722 1138 2777 haec
1159 2722 1215 2778 duo
1232 2738 1288 2776 non
1306 2728 1348 2776 est
1367 2721 1524 2776 necmsarin
1542 2726 1570 2775 et
1581 2721 1743 2777 immediata
1759 2725 1901 2790 connexio,

82 2817 186 2859 snitu·-
245 2816 304 2867 138.
325 2808 507 2865 Bellarminns
525 2807 768 2872 demonstraturus,
786 2810 931 2880 episcopos
948 2813 1045 2881 quoad
1067 2827 1128 2866 esse
1146 2809 1183 2864 ab
1201 2808 1332 2880 apostolis
1352 2808 1540 2863 introductum
1559 2813 1660 2863 stesso
1674 2810 1786 2880 exjure
1800 2810 1900 2867 divino.

81 2869 197 2961 iim
206 2905 373 2967 potestatem
392 2896 502 2951 ordinis
514 2895 687 2966 preshyteris
706 2896 776 2964 jure
801 2897 896 2952 diuino
920 2901 1043 2968 majores
1070 2902 1093 2950 ³.
1114 2895 1291 2953 Ostendimus
1308 2912 1372 2952 vero
1391 2895 1517 2966 superius
1536 2912 1569 2950 ex
1590 2901 1612 2950 1.
1630 2894 1702 2952 Tim.
1723 2901 1748 2963 4,
1767 2914 1791 2950 v.
1813 2904 1852 2954 11.
1872 2897 1901 2951 in

82 2975 172 3024 ‘W‘
211 3001 285 3053 esse,
302 2984 344 3036 sic
359 2983 559 3052 progreditur:
582 2980 667 3036 Solus
690 2983 836 3051 episcopas
854 2991 948 3052 potest
967 2987 1043 3039 ordi·
1068 2982 1185 3039 ecclesia
1209 2982 1362 3054 apostolica
1386 2980 1563 3053 presbyteros
1580 2998 1635 3036 non
1656 2981 1742 3036 fuisse
1759 2980 1795 3035 ab
1814 2981 1900 3053 impo-

82 3024 185 3117 mqqn
211 3087 281 3123 nare
300 3076 327 3123 et
346 3085 378 3123 eo
395 3070 479 3122 modo
496 3085 632 3138 penerare
647 3076 744 3137 patres
761 3070 904 3139 ecclesiae,
927 3073 1042 3141 presby·
1068 3068 1168 3125 sitione
1185 3086 1317 3124 manuum
1334 3068 1364 3122 in
1383 3069 1556 3123 ordinatione
1578 3068 1739 3139 simpliciter
1765 3067 1898 3132 exclusos.

81 3129 176 3220 w*
211 3158 265 3210 teri
289 3164 380 3210 autem
399 3155 533 3209 ordinare
550 3172 606 3208 non
619 3152 753 3223 possunt,
777 3158 829 3210 sed
846 3158 936 3211 solnm
954 3160 1043 3229 bapti·
1066 3154 1132 3210 licet
1156 3155 1259 3209 ordinis
1283 3170 1369 3210 caasa
1388 3154 1402 3209 ὁ
1422 3156 1562 3226 προεστώς
1585 3154 1643 3211 sive
1660 3153 1807 3226 primarius
1825 3172 1899 3226 pres

82 3232 181 3324 ww
211 3251 313 3297 sareet
326 3260 358 3296 eo
376 3243 458 3296 modo
476 3241 611 3295 ecclesiae
627 3241 705 3306 filios
723 3258 867 3311 generare.
897 3243 1043 3314 Idprohat
1067 3241 1166 3311 byter,
1195 3240 1328 3313 peculiari
1355 3241 1460 3297 ratione
1487 3242 1633 3313 episcopus
1657 3243 1761 3305 dictus,
1790 3242 1901 3297 nomine

212 3347 246 3385 ex
266 3327 388 3384 Damaso
427 3327 508 3398 epist.
538 3333 563 3383 3.
588 3327 706 3382 concilio
745 3327 921 3385 Antiocheno
951 3348 975 3385 c.
1002 3338 1042 3389 10.
1067 3328 1201 3384 ecclesiae
1231 3334 1260 3383 et
1286 3328 1370 3383 totius
1402 3328 1569 3400 presbyterii
1596 3336 1690 3384 actum
1718 3328 1900 3383 ordinationis

208 3413 357 3486 Ancyrnno
378 3431 401 3471 c.
427 3420 466 3472 12.
484 3413 640 3486 Epiphanio
657 3413 763 3469 haeres.
783 3402 1041 3486 rechimerum,
1065 3414 1137 3470 forte
1156 3414 1397 3471 administraverit.
1421 3415 1462 3472 Ut
1481 3416 1553 3469 enim
1571 3415 1743 3470 avocatione
1762 3414 1900 3468 ministro-

208 3500 399 3569 Theodoretc,
417 3500 628 3572 Theophylacto
646 3507 675 3555 et
694 3500 860 3557 Oecumenio
879 3502 907 3556 in
925 3519 949 3560 c.
968 3509 991 3560 3.
1012 3510 1041 3558 et
1066 3519 1127 3555 rum
1139 3501 1257 3566 illorum,
1266 3519 1335 3574 quos
1345 3501 1427 3556 Titus
1440 3501 1536 3556 debuit
1546 3495 1713 3556 constituere
1727 3497 1795 3554 anri
1806 3499 1899 3564 πόλιν,

134 3622 137 3628 -
208 3594 232 3643 t.
243 3590 341 3658 prioris
354 3589 390 3644 ad
402 3589 586 3658 Timotheum,
598 3587 768 3660 Hieronymo
786 3589 865 3660 epist.
887 3594 928 3646 85.
946 3589 1040 3646 Leone
1064 3603 1240 3659 nequaquam
1270 3587 1472 3644 excludendum
1502 3594 1544 3642 est
1567 3587 1698 3643 ccclesiae
1725 3586 1898 3659 suffragium,

208 3674 286 3744 epist
313 3680 353 3731 88.
382 3676 461 3730 addit
487 3680 648 3747 perpetuam
672 3675 805 3730 ecclesiae
834 3677 946 3747 praxin,
975 3695 1037 3732 cum
1065 3673 1106 3728 ita
1123 3690 1234 3745 quoque
1253 3673 1290 3729 ab
1310 3675 1483 3729 ordinatione
1502 3675 1652 3730 eorundem
1671 3690 1726 3728 non
1744 3680 1786 3728 est
1805 3674 1897 3730 exclu-

207 3776 350 3830 nnnqaem
368 3762 497 3817 auditum
515 3764 567 3830 sit,
594 3764 672 3831 quod
683 3762 845 3831 presbyteri
858 3765 1038 3836 prmhyteros
1064 3761 1156 3816 denda
1175 3761 1340 3832 presbyterii
1358 3767 1529 3835 χειροθεσία.
1565 3767 1588 3816 4.
1608 3760 1678 3815 Cum
1701 3760 1845 3816 Barnabas
1870 3770 1897 3819 et

205 3855 256 3899 ant
274 3846 418 3916 dianeos,
438 3849 540 3901 nedum
558 3849 704 3917 episcopos
721 3850 922 3902 ordinaverint.
958 3849 1038 3914 Quod
1065 3846 1169 3901 Paulus
1189 3846 1422 3918 sspiritum
1445 3847 1612 3917 peculiarem
1635 3847 1757 3918 aliquam
1775 3848 1896 3904 ministe-

205 3939 300 3988 antsm
316 3930 354 3988 sit
370 3949 402 3989 ex
415 3933 478 4003 jure
500 3933 601 4001 divino,
617 3940 649 3988 ut
667 3934 789 4005 episcopi
808 3936 944 4005 ordinent,
973 3937 1038 3993 inde
1064 3932 1097 3986 rii
1127 3932 1306 3989 ecclesiastici
1337 3932 1506 3988 functionem
1538 3938 1762 4003 segregarentur,
1796 3934 1897 4007 reliqui

206 4018 320 4090 colligit,
338 4020 406 4088 quia
425 4019 561 4073 hahentur
578 4020 698 4087 irritum,
718 4023 833 4091 siquid
851 4023 881 4076 in
893 4040 926 4078 ea
946 4041 979 4077 re
988 4026 1037 4092 se·
1064 4018 1198 4074 ecclesiae
1216 4018 1406 4074 Antiochense
1425 4018 1549 4074 doctores
1574 4020 1649 4088 ipsis,
1672 4019 1835 4090 priusquam
1858 4021 1899 4074 di·

206 4106 316 4168 cissent,
332 4105 383 4174 qui
395 4106 554 4174 presbyteri
570 4123 626 4159 non
646 4115 739 4172 mant,
758 4107 806 4162 ubi
824 4108 940 4165 adducit
958 4110 1038 4181 epist.
1066 4107 1247 4175 mitterentur,
1261 4107 1425 4176 jejunantes
1445 4115 1469 4160 ct
1488 4114 1599 4159 orantes
1616 4105 1772 4176 imposuere
1790 4124 1899 4173 manus,

208 4191 337 4263 Gregorii
357 4190 411 4247 111.
440 4191 476 4245 ad
494 4189 667 4246 Boniiacium
695 4198 724 4247 et
758 4193 837 4265 epist.
865 4200 889 4250 3.
913 4194 1037 4252 Damasi.
1065 4191 1127 4247 Act
1149 4197 1195 4257 13,
1213 4210 1239 4246 v.
1259 4198 1283 4247 3.
1298 4194 1358 4263 jam
1375 4208 1441 4246 vero
1457 4191 1563 4246 Paulus
1582 4194 1727 4262 apostolus
1746 4200 1774 4248 et
1795 4194 1898 4248 Barna·

210 4278 363 4349 Subjungit
387 4276 488 4332 deinde
513 4284 707 4349 argumentum
727 4297 760 4336 ex
778 4279 926 4351 hypothesi
944 4281 1038 4336 Ponti·
1066 4277 1116 4333 bas
1136 4280 1307 4348 euanpeiista
1320 4281 1385 4350 jure
1402 4279 1496 4334 divino
1520 4286 1598 4335 erant
1621 4282 1739 4350 majores
1757 4280 1812 4335 illis
1835 4297 1896 4353 pro·

195 4356 273 4422 'ficia
295 4364 459 4420 deductum:
486 4365 641 4420 Ordinatio
667 4375 707 4420 est
730 4375 949 4433 sacramentum,
978 4371 1039 4437 jam
1065 4364 1157 4435 phetis
1175 4371 1203 4420 et
1222 4366 1387 4423 doctoribus.
1418 4366 1493 4437 Ergo
1510 4383 1564 4420 non
1583 4372 1627 4422 est
1644 4365 1803 4435 absurdum,
1821 4385 1896 4438 pres·

205 4469 271 4505 uero
289 4459 466 4506 sacramenta
483 4451 577 4504 omnia
596 4468 615 4503 a
632 4453 696 4505 Deo
715 4461 779 4507 snnt
797 4453 933 4508 instituta.
959 4457 1038 4524 Erpa
1065 4451 1177 4524 byteros
1195 4452 1336 4525 imponere
1355 4470 1452 4508 manus
1471 4453 1621 4525 episcopis,
1648 4454 1696 4525 qui
1719 4469 1775 4508 non
1802 4454 1896 4508 divino

206 4540 257 4608 qui
270 4539 363 4607 major
381 4547 421 4592 est
434 4537 543 4592 ordinis
551 4545 700 4607 potestate,
721 4556 792 4609 qrscc
805 4558 861 4612 per
879 4559 1037 4596 sumamm-
1061 4541 1133 4610 jure,
1149 4535 1199 4594 sed
1217 4539 1349 4596 ecclesiae
1361 4540 1558 4596 consuetudine
1571 4541 1689 4611 majores
1703 4548 1775 4595 sunt
1807 4547 1831 4596 5.
1845 4540 1894 4597 Or·

205 4633 263 4677 arm
281 4625 470 4680 ordinationis
488 4624 640 4693 accipitur,
666 4625 691 4677 is
716 4644 823 4695 qumque
842 4628 936 4697 major
949 4629 986 4681 sit
1005 4646 1037 4682 es
1064 4626 1179 4680 diuandi
1196 4632 1362 4697 potestatem
1380 4627 1420 4682 ita
1439 4627 1524 4684 tuisse
1543 4627 1678 4698 episcopis
1698 4627 1845 4698 propriam,
1864 4635 1896 4683 ut

206 4712 304 4764 diuina
322 4713 495 4766 institutione
511 4727 621 4765 necesse
643 4718 694 4766 cst.
728 4713 856 4782 Denique
880 4731 912 4767 cc
936 4717 1035 4781 contir—
1063 4730 1099 4768 ne
1111 4713 1222 4783 quidem
1233 4719 1351 4784 urgente
1362 4714 1532 4769 necessitatis
1549 4732 1615 4769 casu
1630 4714 1797 4786 presbyteris
1810 4713 1895 4770 fucrit

205 4797 325 4851 motione
344 4800 546 4868 baptisatorum
564 4805 590 4851 et
608 4797 773 4869 templorum
799 4807 882 4868 atque
902 4801 1037 4855 adamum
1064 4799 1159 4854 relicta
1178 4805 1262 4870 atque
1286 4805 1317 4853 ut
1343 4801 1426 4870 plane
1445 4800 1595 4856 haberetur
1613 4802 1735 4869 irritum,
1763 4801 1839 4873 quod
1857 4801 1893 4856 ab

205 4885 428 4949 emanatione,
454 4901 526 4953 qnae
551 4886 592 4937 ad
618 4885 693 4938 salos
718 4885 863 4954 episcopos
885 4888 1036 4955 pertineat,
1063 4885 1129 4957 ipsis
1147 4886 1176 4940 in
1195 4902 1262 4940 casu
1275 4886 1449 4941 necessitatis
1467 4887 1681 4943 extraordinarie
1700 4887 1812 4956 factum,
1831 4905 1893 4959 gra·

205 4970 278 5025 hanc
300 4969 389 5025 thesin
414 4987 491 5024 suam
520 4969 638 5040 probare
662 4969 771 5041 satagit.
811 4969 1035 5041 Respondemus:
1063 4972 1099 5026 tis
1119 4971 1227 5034 dicitur,
1247 4978 1358 5042 praesto
1372 4974 1443 5030 enim
1456 4980 1522 5030 sunt
1534 4973 1660 5045 exempla
1671 4974 1701 5027 in
1716 4976 1892 5040 contrarium,

208 5065 229 5114 1.
248 5056 380 5112 Probatio
399 5054 560 5111 Bellarmini
577 5074 633 5111 non
649 5062 692 5112 eet
710 5057 919 5112 accommodata
944 5059 1036 5129 adid,
1063 5075 1134 5130 quae
1153 5057 1318 5113 adduximus
1341 5059 1371 5114 in
1390 5065 1470 5116 tract.
1491 5062 1526 5117 de
1549 5061 1646 5116 eccles.
1665 5056 1693 5131 ᾖ.
1712 5066 1771 5118 tut.
1793 5067 1821 5118 et
1840 5061 1892 5118 hoc

205 5144 280 5216 quod
300 5149 341 5199 eet
359 5142 388 5196 in
407 5143 574 5213 quaestione.
614 5143 744 5210 Quaestio
767 5149 824 5211 est,
851 5160 887 5197 an
913 5151 1037 5214 potestas
1063 5145 1123 5215 ipso
1141 5149 1221 5200 tract.
1242 5140 1271 5218 ξ
1292 5151 1348 5202 154.
1378 5148 1541 5202 Ambrosius
1557 5146 1586 5200 in
1604 5163 1628 5203 c.
1648 5153 1672 5203 1.
1694 5147 1779 5218 Eph.:
1805 5152 1895 5219 Apud

205 5229 352 5285 ordinandi
361 5231 431 5299 jure
452 5230 547 5283 diuino
566 5230 602 5285 ad
626 5231 698 5286 solos
717 5230 860 5302 episcopos
879 5230 1035 5300 pertineat?
1062 5233 1218 5300 Aeppptum
1231 5232 1391 5300 presbyteri
1408 5233 1581 5300 consignant,
1596 5233 1623 5285 si
1634 5251 1839 5303 praescnsnon
1856 5235 1893 5289 sit

205 5315 389 5371 Bellarminns
412 5314 440 5370 id
466 5314 568 5386 probat
602 5332 635 5370 ex
664 5316 797 5374 ecclesiae
826 5317 1033 5374 consuetudine.
1061 5320 1216 5391 spiscopus.
1251 5318 1426 5391 Augustinus
1444 5324 1550 5390 quaest.
1577 5336 1609 5374 ex
1638 5327 1755 5390 utroque
1778 5329 1841 5378 test.
1866 5341 1892 5394 q.

205 5401 293 5474 Atqui
317 5401 489 5472 probandum
517 5409 594 5473 erat,
627 5420 659 5457 es
683 5406 839 5458 Dominica
861 5404 1034 5459 institutione
1063 5409 1127 5461 101:
1144 5405 1181 5458 In
1198 5406 1379 5460 Alexandria
1390 5413 1480 5472 etper
1496 5410 1582 5457 totum
1598 5412 1756 5475 Aegyptum,
1774 5409 1802 5461 si
1819 5410 1892 5463 desit

204 5489 279 5546 illud·
296 5489 469 5548 descendere.
507 5496 532 5547 2.
555 5489 586 5547 Si
608 5490 653 5546 vel
676 5491 794 5547 mamma
816 5491 1032 5548 demonstratum
1060 5493 1222 5562 episcmus,
1252 5497 1394 5548 cumomni
1422 5489 1579 5558 masmar.
1628 5498 1652 5547 θ.
1684 5492 1894 5550 ordinationem
