<?xml version="1.0" encoding="UTF-8"?>
<!DOCTYPE html PUBLIC "-//W3C//DTD XHTML 1.0 Transitional//EN"
    "http://www.w3.org/TR/xhtml1/DTD/xhtml1-transitional.dtd">
<html xmlns="http://www.w3.org/1999/xhtml" xml:lang="en" lang="en">
 <head>
  <title>
</title>
<meta http-equiv="Content-Type" content="text/html;charset=utf-8" />
  <meta name='ocr-system' content='tesseract 3.04.00' />
  <meta name='ocr-capabilities' content='ocr_page ocr_carea ocr_par ocr_line ocrx_word'/>
</head>
<body>
  <div class='ocr_page' id='page_1' title='image "./locitheologicic01gerhgoog/locitheologicic01gerhgoog_0340.png"; bbox 0 0 4020 6014; ppageno 0'>
   <div class='ocr_carea' id='block_1_1' title="bbox 692 373 1798 438">
    <p class='ocr_par' dir='ltr' id='par_1_1' title="bbox 692 373 1798 438">
     <span class='ocr_line' id='line_1_1' title="bbox 692 373 1798 438; baseline 0.006 -8"><span class='ocrx_word' id='word_1_1' title='bbox 692 374 743 430; x_wconf 84' lang='lat' dir='ltr'><strong>DE</strong></span> <span class='ocrx_word' id='word_1_2' title='bbox 762 373 1015 432; x_wconf 78' lang='lat' dir='ltr'>MAGISTRATU</span> <span class='ocrx_word' id='word_1_3' title='bbox 1033 375 1220 432; x_wconf 78' lang='lat' dir='ltr'><strong>POLlTIOO.</strong></span> <span class='ocrx_word' id='word_1_4' title='bbox 1740 380 1798 438; x_wconf 74' lang='lat' dir='ltr'><strong>tel</strong></span> 
     </span>
    </p>
   </div>
   <div class='ocr_carea' id='block_1_2' title="bbox 10 524 1929 5659">
    <p class='ocr_par' dir='ltr' id='par_1_2' title="bbox 10 524 1929 5659">
     <span class='ocr_line' id='line_1_2' title="bbox 101 524 1801 598; baseline 0 -18"><span class='ocrx_word' id='word_1_5' title='bbox 101 527 200 580; x_wconf 89' lang='lat' dir='ltr'><strong>blicam</strong></span> <span class='ocrx_word' id='word_1_6' title='bbox 217 543 235 580; x_wconf 95' lang='lat' dir='ltr'><strong>a</strong></span> <span class='ocrx_word' id='word_1_7' title='bbox 251 526 355 594; x_wconf 89' lang='lat' dir='ltr'><strong>pietate</strong></span> <span class='ocrx_word' id='word_1_8' title='bbox 372 527 504 597; x_wconf 87' lang='lat' dir='ltr'><strong>principis</strong></span> <span class='ocrx_word' id='word_1_9' title='bbox 525 528 683 582; x_wconf 89' lang='lat' dir='ltr'><strong>redundant</strong></span> <span class='ocrx_word' id='word_1_10' title='bbox 703 528 846 583; x_wconf 78' lang='lat' dir='ltr'><strong>utilitates.</strong></span> <span class='ocrx_word' id='word_1_11' title='bbox 888 527 937 580; x_wconf 86' lang='grc'>1191</span> <span class='ocrx_word' id='word_1_12' title='bbox 950 548 952 584; x_wconf 71' lang='grc'><em>;</em></span> <span class='ocrx_word' id='word_1_13' title='bbox 966 524 1072 583; x_wconf 86' lang='lat' dir='ltr'><strong>litatem</strong></span> <span class='ocrx_word' id='word_1_14' title='bbox 1105 528 1264 598; x_wconf 78' lang='lat' dir='ltr'><strong>scripturae</strong></span> <span class='ocrx_word' id='word_1_15' title='bbox 1292 529 1374 583; x_wconf 86' lang='lat' dir='ltr'><strong>lectio</strong></span> <span class='ocrx_word' id='word_1_16' title='bbox 1403 528 1524 598; x_wconf 81' lang='lat' dir='ltr'><strong>principi</strong></span> <span class='ocrx_word' id='word_1_17' title='bbox 1553 532 1692 597; x_wconf 86' lang='lat' dir='ltr'><strong>praestat,</strong></span> <span class='ocrx_word' id='word_1_18' title='bbox 1725 525 1801 595; x_wconf 88' lang='lat' dir='ltr'><strong>quod</strong></span> 
     </span>
     <span class='ocr_line' id='line_1_3' title="bbox 101 612 1801 685; baseline 0 -19"><span class='ocrx_word' id='word_1_19' title='bbox 101 613 173 666; x_wconf 89' lang='lat' dir='ltr'><strong>enim</strong></span> <span class='ocrx_word' id='word_1_20' title='bbox 191 612 323 681; x_wconf 88' lang='lat' dir='ltr'><strong>principis</strong></span> <span class='ocrx_word' id='word_1_21' title='bbox 342 612 400 667; x_wconf 86' lang='lat' dir='ltr'><strong>vita</strong></span> <span class='ocrx_word' id='word_1_22' title='bbox 417 615 567 682; x_wconf 78' lang='lat' dir='ltr'><strong>apamiam,</strong></span> <span class='ocrx_word' id='word_1_23' title='bbox 586 615 614 668; x_wconf 93' lang='lat' dir='ltr'><strong>in</strong></span> <span class='ocrx_word' id='word_1_24' title='bbox 628 633 684 685; x_wconf 91' lang='lat' dir='ltr'><strong>quo</strong></span> <span class='ocrx_word' id='word_1_25' title='bbox 702 632 732 668; x_wconf 89' lang='lat' dir='ltr'><strong>se</strong></span> <span class='ocrx_word' id='word_1_26' title='bbox 750 617 938 685; x_wconf 76' lang='lat' dir='ltr'><strong>contemplari·</strong></span> <span class='ocrx_word' id='word_1_27' title='bbox 951 651 952 679; x_wconf 81' lang='grc'>,</span> <span class='ocrx_word' id='word_1_28' title='bbox 965 630 1058 668; x_wconf 89' lang='lat' dir='ltr'><strong>veram</strong></span> <span class='ocrx_word' id='word_1_29' title='bbox 1082 622 1111 668; x_wconf 89' lang='lat' dir='ltr'><strong>et</strong></span> <span class='ocrx_word' id='word_1_30' title='bbox 1139 614 1288 668; x_wconf 87' lang='lat' dir='ltr'><strong>salutarem</strong></span> <span class='ocrx_word' id='word_1_31' title='bbox 1311 614 1366 669; x_wconf 91' lang='lat' dir='ltr'><strong>Dei</strong></span> <span class='ocrx_word' id='word_1_32' title='bbox 1384 614 1555 685; x_wconf 69' lang='lat' dir='ltr'><strong>agnitionem</strong></span> <span class='ocrx_word' id='word_1_33' title='bbox 1583 631 1616 667; x_wconf 88' lang='lat' dir='ltr'><strong>ex</strong></span> <span class='ocrx_word' id='word_1_34' title='bbox 1644 629 1677 667; x_wconf 88' lang='lat' dir='ltr'><strong>ea</strong></span> <span class='ocrx_word' id='word_1_35' title='bbox 1695 613 1801 667; x_wconf 87' lang='lat' dir='ltr'><strong>discere</strong></span> 
     </span>
     <span class='ocr_line' id='line_1_4' title="bbox 102 682 1801 771; baseline 0.001 -21"><span class='ocrx_word' id='word_1_36' title='bbox 102 703 147 751; x_wconf 92' lang='lat' dir='ltr'><strong>tur</strong></span> <span class='ocrx_word' id='word_1_37' title='bbox 167 696 285 762; x_wconf 90' lang='lat' dir='ltr'><strong>subditi,</strong></span> <span class='ocrx_word' id='word_1_38' title='bbox 317 707 359 752; x_wconf 88' lang='lat' dir='ltr'><strong>est</strong></span> <span class='ocrx_word' id='word_1_39' title='bbox 377 700 535 768; x_wconf 80' lang='grc'>9999999199,</span> <span class='ocrx_word' id='word_1_40' title='bbox 564 701 599 753; x_wconf 87' lang='lat' dir='ltr'><strong>ad</strong></span> <span class='ocrx_word' id='word_1_41' title='bbox 626 700 701 771; x_wconf 92' lang='lat' dir='ltr'><strong>quod</strong></span> <span class='ocrx_word' id='word_1_42' title='bbox 725 700 811 754; x_wconf 80' lang='lat' dir='ltr'><strong>vitam</strong></span> <span class='ocrx_word' id='word_1_43' title='bbox 830 701 937 754; x_wconf 87' lang='lat' dir='ltr'><strong>confor-</strong></span> <span class='ocrx_word' id='word_1_44' title='bbox 951 682 952 706; x_wconf 53' lang='lat'>¹</span> <span class='ocrx_word' id='word_1_45' title='bbox 965 705 1065 768; x_wconf 77' lang='lat' dir='ltr'><strong>potest,</strong></span> <span class='ocrx_word' id='word_1_46' title='bbox 1084 700 1133 754; x_wconf 90' lang='lat' dir='ltr'><strong>sed</strong></span> <span class='ocrx_word' id='word_1_47' title='bbox 1152 701 1235 754; x_wconf 86' lang='lat' dir='ltr'><strong>etiam</strong></span> <span class='ocrx_word' id='word_1_48' title='bbox 1252 699 1287 754; x_wconf 88' lang='lat' dir='ltr'><strong>de</strong></span> <span class='ocrx_word' id='word_1_49' title='bbox 1305 699 1421 769; x_wconf 90' lang='lat' dir='ltr'><strong>imperio</strong></span> <span class='ocrx_word' id='word_1_50' title='bbox 1439 705 1515 755; x_wconf 90' lang='lat' dir='ltr'><strong>recte</strong></span> <span class='ocrx_word' id='word_1_51' title='bbox 1527 698 1650 770; x_wconf 89' lang='lat' dir='ltr'><strong>gerendo</strong></span> <span class='ocrx_word' id='word_1_52' title='bbox 1667 696 1801 754; x_wconf 84' lang='lat' dir='ltr'><strong>salutaris</strong></span> 
     </span>
     <span class='ocr_line' id='line_1_5' title="bbox 102 783 1801 856; baseline 0.001 -21"><span class='ocrx_word' id='word_1_53' title='bbox 102 787 193 843; x_wconf 85' lang='lat' dir='ltr'><strong>nant,</strong></span> <span class='ocrx_word' id='word_1_54' title='bbox 218 800 317 836; x_wconf 77' lang='grc'>999999</span> <span class='ocrx_word' id='word_1_55' title='bbox 334 788 389 850; x_wconf 88' lang='grc'>991,</span> <span class='ocrx_word' id='word_1_56' title='bbox 414 784 567 838; x_wconf 86' lang='lat' dir='ltr'><strong>secundum</strong></span> <span class='ocrx_word' id='word_1_57' title='bbox 586 799 670 853; x_wconf 88' lang='lat' dir='ltr'><strong>quam</strong></span> <span class='ocrx_word' id='word_1_58' title='bbox 697 802 786 840; x_wconf 90' lang='lat' dir='ltr'><strong>mores</strong></span> <span class='ocrx_word' id='word_1_59' title='bbox 805 786 937 856; x_wconf 89' lang='lat' dir='ltr'><strong>dirigunt,</strong></span> <span class='ocrx_word' id='word_1_60' title='bbox 965 790 1116 855; x_wconf 88' lang='lat' dir='ltr'><strong>praecepta</strong></span> <span class='ocrx_word' id='word_1_61' title='bbox 1135 792 1163 840; x_wconf 92' lang='lat' dir='ltr'><strong>et</strong></span> <span class='ocrx_word' id='word_1_62' title='bbox 1180 785 1308 854; x_wconf 89' lang='lat' dir='ltr'><strong>exempla</strong></span> <span class='ocrx_word' id='word_1_63' title='bbox 1329 802 1362 839; x_wconf 82' lang='lat' dir='ltr'><strong>ex</strong></span> <span class='ocrx_word' id='word_1_64' title='bbox 1381 784 1478 839; x_wconf 91' lang='lat' dir='ltr'><strong>eadem</strong></span> <span class='ocrx_word' id='word_1_65' title='bbox 1496 785 1554 854; x_wconf 92' lang='lat' dir='ltr'><strong>peti</strong></span> <span class='ocrx_word' id='word_1_66' title='bbox 1571 790 1700 854; x_wconf 87' lang='lat' dir='ltr'><strong>possunt,</strong></span> <span class='ocrx_word' id='word_1_67' title='bbox 1726 783 1801 838; x_wconf 92' lang='lat' dir='ltr'><strong>unde</strong></span> 
     </span>
     <span class='ocr_line' id='line_1_6' title="bbox 102 869 1799 942; baseline -0.001 -20"><span class='ocrx_word' id='word_1_68' title='bbox 102 874 134 922; x_wconf 94' lang='lat' dir='ltr'><strong>ut</strong></span> <span class='ocrx_word' id='word_1_69' title='bbox 157 885 212 922; x_wconf 90' lang='lat' dir='ltr'><strong>non</strong></span> <span class='ocrx_word' id='word_1_70' title='bbox 238 877 296 921; x_wconf 90' lang='lat' dir='ltr'><strong>tam</strong></span> <span class='ocrx_word' id='word_1_71' title='bbox 322 870 442 939; x_wconf 85' lang='lat' dir='ltr'><strong>imperio</strong></span> <span class='ocrx_word' id='word_1_72' title='bbox 463 870 534 939; x_wconf 78' lang='grc'>19919</span> <span class='ocrx_word' id='word_1_73' title='bbox 556 871 593 923; x_wconf 84' lang='grc'><strong>911</strong></span> <span class='ocrx_word' id='word_1_74' title='bbox 613 889 683 942; x_wconf 86' lang='lat' dir='ltr'><strong>opus</strong></span> <span class='ocrx_word' id='word_1_75' title='bbox 701 887 785 939; x_wconf 86' lang='lat' dir='ltr'><strong>quam</strong></span> <span class='ocrx_word' id='word_1_76' title='bbox 804 872 937 940; x_wconf 72' lang='lat' dir='ltr'><strong>exemplo,</strong></span> <span class='ocrx_word' id='word_1_77' title='bbox 964 870 1101 940; x_wconf 88' lang='lat' dir='ltr'><strong>propheta</strong></span> <span class='ocrx_word' id='word_1_78' title='bbox 1121 870 1214 940; x_wconf 90' lang='lat' dir='ltr'><strong>regius</strong></span> <span class='ocrx_word' id='word_1_79' title='bbox 1235 869 1338 925; x_wconf 88' lang='lat' dir='ltr'><strong>Psalm.</strong></span> <span class='ocrx_word' id='word_1_80' title='bbox 1360 877 1417 938; x_wconf 85' lang='lat'><strong>119,</strong></span> <span class='ocrx_word' id='word_1_81' title='bbox 1448 888 1475 924; x_wconf 83' lang='lat' dir='ltr'><strong>v.</strong></span> <span class='ocrx_word' id='word_1_82' title='bbox 1494 876 1536 925; x_wconf 80' lang='grc'><strong>11.</strong></span> <span class='ocrx_word' id='word_1_83' title='bbox 1555 870 1639 925; x_wconf 85' lang='grc'>(11911;</span> <span class='ocrx_word' id='word_1_84' title='bbox 1668 870 1799 923; x_wconf 75' lang='lat' dir='ltr'><strong>Testimo-</strong></span> 
     </span>
     <span class='ocr_line' id='line_1_7' title="bbox 101 952 1800 1026; baseline 0.001 -20"><span class='ocrx_word' id='word_1_85' title='bbox 101 952 208 1007; x_wconf 80' lang='lat' dir='ltr'><strong>Plinius</strong></span> <span class='ocrx_word' id='word_1_86' title='bbox 240 954 268 1007; x_wconf 92' lang='lat' dir='ltr'><strong>in</strong></span> <span class='ocrx_word' id='word_1_87' title='bbox 296 971 430 1026; x_wconf 85' lang='lat' dir='ltr'><strong>panegyr.</strong></span> <span class='ocrx_word' id='word_1_88' title='bbox 460 955 585 1024; x_wconf 85' lang='lat' dir='ltr'><strong>Trajani.</strong></span> <span class='ocrx_word' id='word_1_89' title='bbox 638 956 744 1010; x_wconf 85' lang='lat' dir='ltr'><strong>Eccles.</strong></span> <span class='ocrx_word' id='word_1_90' title='bbox 777 962 816 1017; x_wconf 88' lang='grc'><strong>10,</strong></span> <span class='ocrx_word' id='word_1_91' title='bbox 849 975 875 1011; x_wconf 87' lang='lat' dir='ltr'><strong>v.</strong></span> <span class='ocrx_word' id='word_1_92' title='bbox 908 962 937 1011; x_wconf 83' lang='lat' dir='ltr'><strong>t:</strong></span> <span class='ocrx_word' id='word_1_93' title='bbox 963 956 1014 1007; x_wconf 89' lang='lat' dir='ltr'><strong>nia</strong></span> <span class='ocrx_word' id='word_1_94' title='bbox 1033 964 1083 1009; x_wconf 88' lang='lat' dir='ltr'><strong>tua</strong></span> <span class='ocrx_word' id='word_1_95' title='bbox 1100 964 1165 1009; x_wconf 85' lang='lat' dir='ltr'><strong>sunt</strong></span> <span class='ocrx_word' id='word_1_96' title='bbox 1182 956 1317 1022; x_wconf 72' lang='lat' dir='ltr'><strong>gaudium</strong></span> <span class='ocrx_word' id='word_1_97' title='bbox 1334 972 1424 1008; x_wconf 88' lang='lat' dir='ltr'><strong>meum</strong></span> <span class='ocrx_word' id='word_1_98' title='bbox 1441 962 1468 1008; x_wconf 89' lang='grc'><strong>91</strong></span> <span class='ocrx_word' id='word_1_99' title='bbox 1486 955 1649 1009; x_wconf 74' lang='lat' dir='ltr'><strong>consiliarii</strong></span> <span class='ocrx_word' id='word_1_100' title='bbox 1664 955 1721 1007; x_wconf 86' lang='lat' dir='ltr'><strong>mei</strong></span> <span class='ocrx_word' id='word_1_101' title='bbox 1737 963 1800 1008; x_wconf 86' lang='lat' dir='ltr'><strong>sunt</strong></span> 
     </span>
     <span class='ocr_line' id='line_1_8' title="bbox 105 1038 1801 1111; baseline 0.001 -20"><span class='ocrx_word' id='word_1_102' title='bbox 105 1038 205 1100; x_wconf 83' lang='lat' dir='ltr'><strong>Qualis</strong></span> <span class='ocrx_word' id='word_1_103' title='bbox 224 1048 264 1092; x_wconf 81' lang='grc'><strong>991</strong></span> <span class='ocrx_word' id='word_1_104' title='bbox 284 1048 377 1093; x_wconf 83' lang='lat' dir='ltr'><strong>rector</strong></span> <span class='ocrx_word' id='word_1_105' title='bbox 393 1042 523 1109; x_wconf 79' lang='lat' dir='ltr'><strong>ciuitatis,</strong></span> <span class='ocrx_word' id='word_1_106' title='bbox 542 1042 612 1095; x_wconf 84' lang='grc'>19199</span> <span class='ocrx_word' id='word_1_107' title='bbox 630 1043 715 1095; x_wconf 86' lang='lat' dir='ltr'><strong>etiam</strong></span> <span class='ocrx_word' id='word_1_108' title='bbox 732 1042 890 1095; x_wconf 78' lang='lat' dir='ltr'><strong>habitantes</strong></span> <span class='ocrx_word' id='word_1_109' title='bbox 907 1043 938 1094; x_wconf 87' lang='lat' dir='ltr'><strong>in</strong></span> <span class='ocrx_word' id='word_1_110' title='bbox 958 1040 1178 1108; x_wconf 72' lang='lat' dir='ltr'><strong>justificationes</strong></span> <span class='ocrx_word' id='word_1_111' title='bbox 1200 1050 1274 1094; x_wconf 84' lang='grc'>1999.</span> <span class='ocrx_word' id='word_1_112' title='bbox 1312 1039 1383 1095; x_wconf 82' lang='lat' dir='ltr'><strong>Cum</strong></span> <span class='ocrx_word' id='word_1_113' title='bbox 1404 1039 1497 1095; x_wconf 90' lang='lat' dir='ltr'><strong>omnia</strong></span> <span class='ocrx_word' id='word_1_114' title='bbox 1519 1040 1631 1096; x_wconf 90' lang='lat' dir='ltr'><strong>abunde</strong></span> <span class='ocrx_word' id='word_1_115' title='bbox 1649 1045 1801 1111; x_wconf 89' lang='lat' dir='ltr'><strong>suppetant</strong></span> 
     </span>
     <span class='ocr_line' id='line_1_9' title="bbox 102 1123 1800 1198; baseline 0.002 -21"><span class='ocrx_word' id='word_1_116' title='bbox 102 1142 146 1179; x_wconf 89' lang='grc'><strong>99,</strong></span> <span class='ocrx_word' id='word_1_117' title='bbox 188 1123 342 1178; x_wconf 89' lang='lat' dir='ltr'><strong>Plurimum</strong></span> <span class='ocrx_word' id='word_1_118' title='bbox 373 1125 459 1196; x_wconf 90' lang='lat' dir='ltr'><strong>igitur</strong></span> <span class='ocrx_word' id='word_1_119' title='bbox 484 1126 663 1197; x_wconf 75' lang='lat' dir='ltr'><strong>magistratus</strong></span> <span class='ocrx_word' id='word_1_120' title='bbox 689 1129 778 1197; x_wconf 86' lang='lat' dir='ltr'><strong>pietas</strong></span> <span class='ocrx_word' id='word_1_121' title='bbox 803 1126 877 1181; x_wconf 86' lang='lat' dir='ltr'><strong>valet</strong></span> <span class='ocrx_word' id='word_1_122' title='bbox 900 1127 937 1180; x_wconf 90' lang='lat' dir='ltr'><strong>ad</strong></span> <span class='ocrx_word' id='word_1_123' title='bbox 964 1126 1155 1197; x_wconf 90' lang='lat' dir='ltr'><strong>principibus,</strong></span> <span class='ocrx_word' id='word_1_124' title='bbox 1182 1144 1266 1195; x_wconf 88' lang='lat' dir='ltr'><strong>saepe</strong></span> <span class='ocrx_word' id='word_1_125' title='bbox 1292 1133 1385 1182; x_wconf 90' lang='lat' dir='ltr'><strong>tamen</strong></span> <span class='ocrx_word' id='word_1_126' title='bbox 1406 1126 1534 1198; x_wconf 87' lang='lat' dir='ltr'><strong>indigent</strong></span> <span class='ocrx_word' id='word_1_127' title='bbox 1556 1126 1627 1194; x_wconf 90' lang='lat' dir='ltr'><strong>illis,</strong></span> <span class='ocrx_word' id='word_1_128' title='bbox 1658 1143 1675 1181; x_wconf 92' lang='lat' dir='ltr'><strong>a</strong></span> <span class='ocrx_word' id='word_1_129' title='bbox 1699 1125 1800 1196; x_wconf 88' lang='lat' dir='ltr'><strong>quibus</strong></span> 
     </span>
     <span class='ocr_line' id='line_1_10' title="bbox 103 1210 1801 1283; baseline 0.001 -20"><span class='ocrx_word' id='word_1_130' title='bbox 103 1210 279 1264; x_wconf 87' lang='lat' dir='ltr'><strong>inserendam</strong></span> <span class='ocrx_word' id='word_1_131' title='bbox 298 1210 474 1265; x_wconf 88' lang='lat' dir='ltr'><strong>subditorum</strong></span> <span class='ocrx_word' id='word_1_132' title='bbox 494 1212 593 1266; x_wconf 88' lang='lat' dir='ltr'><strong>animis</strong></span> <span class='ocrx_word' id='word_1_133' title='bbox 611 1213 757 1283; x_wconf 85' lang='lat' dir='ltr'><strong>pietatem,</strong></span> <span class='ocrx_word' id='word_1_134' title='bbox 783 1230 817 1267; x_wconf 87' lang='lat' dir='ltr'><strong>ex</strong></span> <span class='ocrx_word' id='word_1_135' title='bbox 834 1213 938 1281; x_wconf 84' lang='lat' dir='ltr'><strong>pietate</strong></span> <span class='ocrx_word' id='word_1_136' title='bbox 964 1213 1110 1268; x_wconf 81' lang='lat' dir='ltr'><strong>veritatem</strong></span> <span class='ocrx_word' id='word_1_137' title='bbox 1138 1221 1166 1270; x_wconf 89' lang='lat' dir='ltr'><strong>et</strong></span> <span class='ocrx_word' id='word_1_138' title='bbox 1194 1230 1262 1267; x_wconf 90' lang='lat' dir='ltr'><strong>sana</strong></span> <span class='ocrx_word' id='word_1_139' title='bbox 1289 1211 1406 1267; x_wconf 88' lang='lat' dir='ltr'><strong>consilis</strong></span> <span class='ocrx_word' id='word_1_140' title='bbox 1435 1212 1568 1275; x_wconf 88' lang='lat' dir='ltr'><strong>audiant,</strong></span> <span class='ocrx_word' id='word_1_141' title='bbox 1599 1229 1632 1266; x_wconf 91' lang='lat' dir='ltr'><strong>ac</strong></span> <span class='ocrx_word' id='word_1_142' title='bbox 1651 1211 1801 1266; x_wconf 88' lang='lat' dir='ltr'><strong>consiliarii</strong></span> 
     </span>
     <span class='ocr_line' id='line_1_11' title="bbox 102 1295 1800 1369; baseline 0.002 -22"><span class='ocrx_word' id='word_1_143' title='bbox 102 1312 168 1350; x_wconf 88' lang='lat' dir='ltr'><strong>vero</strong></span> <span class='ocrx_word' id='word_1_144' title='bbox 193 1295 294 1349; x_wconf 82' lang='lat' dir='ltr'><strong>civium</strong></span> <span class='ocrx_word' id='word_1_145' title='bbox 320 1296 348 1350; x_wconf 91' lang='lat' dir='ltr'><strong>in</strong></span> <span class='ocrx_word' id='word_1_146' title='bbox 366 1296 509 1367; x_wconf 74' lang='lat' dir='ltr'><strong>republica</strong></span> <span class='ocrx_word' id='word_1_147' title='bbox 528 1299 616 1352; x_wconf 90' lang='lat' dir='ltr'><strong>omnis</strong></span> <span class='ocrx_word' id='word_1_148' title='bbox 641 1297 810 1369; x_wconf 87' lang='lat' dir='ltr'><strong>prosperitas</strong></span> <span class='ocrx_word' id='word_1_149' title='bbox 830 1303 859 1351; x_wconf 91' lang='lat' dir='ltr'><strong>et</strong></span> <span class='ocrx_word' id='word_1_150' title='bbox 876 1296 937 1352; x_wconf 87' lang='lat' dir='ltr'><strong>feli·</strong></span> <span class='ocrx_word' id='word_1_151' title='bbox 967 1299 1133 1368; x_wconf 89' lang='lat' dir='ltr'><strong>quandoque</strong></span> <span class='ocrx_word' id='word_1_152' title='bbox 1155 1304 1230 1352; x_wconf 90' lang='lat' dir='ltr'><strong>metu</strong></span> <span class='ocrx_word' id='word_1_153' title='bbox 1262 1315 1292 1352; x_wconf 89' lang='lat' dir='ltr'><strong>se</strong></span> <span class='ocrx_word' id='word_1_154' title='bbox 1314 1297 1443 1367; x_wconf 91' lang='lat' dir='ltr'><strong>impediri</strong></span> <span class='ocrx_word' id='word_1_155' title='bbox 1468 1297 1628 1367; x_wconf 86' lang='lat' dir='ltr'><strong>patiuntur,</strong></span> <span class='ocrx_word' id='word_1_156' title='bbox 1653 1298 1800 1368; x_wconf 80' lang='lat' dir='ltr'><strong>quominus</strong></span> 
     </span>
     <span class='ocr_line' id='line_1_12' title="bbox 103 1380 1800 1452; baseline 0.002 -17"><span class='ocrx_word' id='word_1_157' title='bbox 103 1380 172 1435; x_wconf 90' lang='lat' dir='ltr'><strong>citas</strong></span> <span class='ocrx_word' id='word_1_158' title='bbox 195 1381 294 1448; x_wconf 91' lang='lat' dir='ltr'><strong>oritur,</strong></span> <span class='ocrx_word' id='word_1_159' title='bbox 319 1398 382 1435; x_wconf 89' lang='lat' dir='ltr'><strong>cum</strong></span> <span class='ocrx_word' id='word_1_160' title='bbox 406 1382 496 1451; x_wconf 86' lang='lat' dir='ltr'><strong>pietas</strong></span> <span class='ocrx_word' id='word_1_161' title='bbox 516 1391 542 1435; x_wconf 90' lang='grc'><strong>91</strong></span> <span class='ocrx_word' id='word_1_162' title='bbox 567 1385 659 1452; x_wconf 71' lang='lat' dir='ltr'><strong>taujais,</strong></span> <span class='ocrx_word' id='word_1_163' title='bbox 685 1392 710 1437; x_wconf 87' lang='grc'><strong>91</strong></span> <span class='ocrx_word' id='word_1_164' title='bbox 728 1385 844 1446; x_wconf 79' lang='lat' dir='ltr'><strong>suturae</strong></span> <span class='ocrx_word' id='word_1_165' title='bbox 864 1383 938 1436; x_wconf 83' lang='lat' dir='ltr'><strong>uitae</strong></span> <span class='ocrx_word' id='word_1_166' title='bbox 964 1382 1050 1437; x_wconf 90' lang='lat' dir='ltr'><strong>libere</strong></span> <span class='ocrx_word' id='word_1_167' title='bbox 1077 1400 1155 1438; x_wconf 89' lang='lat' dir='ltr'><strong>suam</strong></span> <span class='ocrx_word' id='word_1_168' title='bbox 1181 1384 1323 1452; x_wconf 83' lang='lat' dir='ltr'><strong>proferant</strong></span> <span class='ocrx_word' id='word_1_169' title='bbox 1350 1383 1531 1449; x_wconf 88' lang='lat' dir='ltr'><strong>sententiam,</strong></span> <span class='ocrx_word' id='word_1_170' title='bbox 1559 1383 1608 1438; x_wconf 91' lang='lat' dir='ltr'><strong>sed</strong></span> <span class='ocrx_word' id='word_1_171' title='bbox 1640 1382 1800 1452; x_wconf 73' lang='lat' dir='ltr'><strong>Scripturas</strong></span> 
     </span>
     <span class='ocr_line' id='line_1_13' title="bbox 103 1468 1800 1539; baseline 0 -17"><span class='ocrx_word' id='word_1_172' title='bbox 103 1469 310 1537; x_wconf 86' lang='lat' dir='ltr'><strong>promissionem</strong></span> <span class='ocrx_word' id='word_1_173' title='bbox 329 1468 431 1522; x_wconf 87' lang='lat' dir='ltr'><strong>habeat</strong></span> <span class='ocrx_word' id='word_1_174' title='bbox 452 1475 472 1524; x_wconf 94' lang='grc'><strong>1.</strong></span> <span class='ocrx_word' id='word_1_175' title='bbox 494 1469 566 1525; x_wconf 90' lang='lat' dir='ltr'><strong>Tim.</strong></span> <span class='ocrx_word' id='word_1_176' title='bbox 585 1477 617 1536; x_wconf 80' lang='grc'><strong>1,</strong></span> <span class='ocrx_word' id='word_1_177' title='bbox 635 1489 660 1522; x_wconf 86' lang='lat' dir='ltr'><strong>v.</strong></span> <span class='ocrx_word' id='word_1_178' title='bbox 681 1477 704 1525; x_wconf 85' lang='lat'><strong>8.</strong></span> <span class='ocrx_word' id='word_1_179' title='bbox 741 1470 824 1522; x_wconf 78' lang='lat' dir='ltr'><strong>Felix</strong></span> <span class='ocrx_word' id='word_1_180' title='bbox 842 1485 938 1538; x_wconf 68' lang='lat' dir='ltr'><strong>reapse</strong></span> <span class='ocrx_word' id='word_1_181' title='bbox 965 1485 1060 1522; x_wconf 87' lang='lat' dir='ltr'><strong>sacrae</strong></span> <span class='ocrx_word' id='word_1_182' title='bbox 1079 1468 1142 1525; x_wconf 89' lang='lat' dir='ltr'><strong>libri</strong></span> <span class='ocrx_word' id='word_1_183' title='bbox 1168 1469 1246 1523; x_wconf 92' lang='lat' dir='ltr'><strong>nullo</strong></span> <span class='ocrx_word' id='word_1_184' title='bbox 1269 1485 1449 1539; x_wconf 88' lang='lat' dir='ltr'><strong>personarum</strong></span> <span class='ocrx_word' id='word_1_185' title='bbox 1477 1475 1604 1537; x_wconf 86' lang='lat' dir='ltr'><strong>respectu</strong></span> <span class='ocrx_word' id='word_1_186' title='bbox 1627 1468 1723 1523; x_wconf 91' lang='lat' dir='ltr'><strong>habito</strong></span> <span class='ocrx_word' id='word_1_187' title='bbox 1742 1473 1800 1522; x_wconf 92' lang='lat' dir='ltr'><strong>tam</strong></span> 
     </span>
     <span class='ocr_line' id='line_1_14' title="bbox 104 1553 1800 1625; baseline 0.001 -19"><span class='ocrx_word' id='word_1_188' title='bbox 104 1555 192 1617; x_wconf 83' lang='grc'>11199,</span> <span class='ocrx_word' id='word_1_189' title='bbox 226 1555 318 1624; x_wconf 91' lang='lat' dir='ltr'><strong>inquit</strong></span> <span class='ocrx_word' id='word_1_190' title='bbox 343 1553 507 1609; x_wconf 84' lang='lat' dir='ltr'><strong>Geminaeus</strong></span> <span class='ocrx_word' id='word_1_191' title='bbox 533 1560 604 1624; x_wconf 86' lang='lat' dir='ltr'><strong>part.</strong></span> <span class='ocrx_word' id='word_1_192' title='bbox 643 1562 667 1610; x_wconf 82' lang='lat'><strong>2.</strong></span> <span class='ocrx_word' id='word_1_193' title='bbox 694 1573 718 1609; x_wconf 88' lang='lat' dir='ltr'><strong>c.</strong></span> <span class='ocrx_word' id='word_1_194' title='bbox 751 1561 794 1610; x_wconf 83' lang='lat'><strong>49.</strong></span> <span class='ocrx_word' id='word_1_195' title='bbox 822 1557 852 1608; x_wconf 89' lang='lat' dir='ltr'><strong>in</strong></span> <span class='ocrx_word' id='word_1_196' title='bbox 882 1573 937 1624; x_wconf 84' lang='lat' dir='ltr'><strong>qua</strong></span> <span class='ocrx_word' id='word_1_197' title='bbox 963 1555 1150 1623; x_wconf 80' lang='lat' dir='ltr'><strong>magistratus,</strong></span> <span class='ocrx_word' id='word_1_198' title='bbox 1183 1571 1267 1624; x_wconf 91' lang='lat' dir='ltr'><strong>quam</strong></span> <span class='ocrx_word' id='word_1_199' title='bbox 1291 1555 1460 1625; x_wconf 81' lang='lat' dir='ltr'><strong>privatorum</strong></span> <span class='ocrx_word' id='word_1_200' title='bbox 1488 1560 1603 1624; x_wconf 87' lang='lat' dir='ltr'><strong>peccata</strong></span> <span class='ocrx_word' id='word_1_201' title='bbox 1627 1561 1749 1624; x_wconf 86' lang='lat' dir='ltr'><strong>arguunt</strong></span> <span class='ocrx_word' id='word_1_202' title='bbox 1772 1560 1800 1608; x_wconf 92' lang='lat' dir='ltr'><strong>et</strong></span> 
     </span>
     <span class='ocr_line' id='line_1_15' title="bbox 103 1639 1632 1712; baseline 0 -19"><span class='ocrx_word' id='word_1_203' title='bbox 103 1641 154 1709; x_wconf 81' lang='lat' dir='ltr'><strong>qui</strong></span> <span class='ocrx_word' id='word_1_204' title='bbox 176 1642 297 1709; x_wconf 71' lang='grc'>19999991</span> <span class='ocrx_word' id='word_1_205' title='bbox 319 1641 461 1709; x_wconf 79' lang='lat' dir='ltr'><strong>princeps,</strong></span> <span class='ocrx_word' id='word_1_206' title='bbox 489 1642 580 1693; x_wconf 87' lang='lat' dir='ltr'><strong>Deum</strong></span> <span class='ocrx_word' id='word_1_207' title='bbox 607 1642 691 1696; x_wconf 87' lang='lat' dir='ltr'><strong>timet.</strong></span> <span class='ocrx_word' id='word_1_208' title='bbox 730 1645 754 1694; x_wconf 82' lang='grc'><strong>1.</strong></span> <span class='ocrx_word' id='word_1_209' title='bbox 778 1642 938 1709; x_wconf 82' lang='lat' dir='ltr'><strong>Impietatis</strong></span> <span class='ocrx_word' id='word_1_210' title='bbox 964 1640 1097 1694; x_wconf 86' lang='lat' dir='ltr'><strong>salutaria</strong></span> <span class='ocrx_word' id='word_1_211' title='bbox 1115 1641 1232 1696; x_wconf 87' lang='lat' dir='ltr'><strong>consilia</strong></span> <span class='ocrx_word' id='word_1_212' title='bbox 1252 1640 1426 1712; x_wconf 90' lang='lat' dir='ltr'><strong>principibus</strong></span> <span class='ocrx_word' id='word_1_213' title='bbox 1445 1639 1632 1711; x_wconf 83' lang='lat' dir='ltr'><strong>suppeditant</strong></span> 
     </span>
     <span class='ocr_line' id='line_1_16' title="bbox 99 1724 1922 1821; baseline 0 -42"><span class='ocrx_word' id='word_1_214' title='bbox 99 1727 248 1796; x_wconf 83' lang='lat' dir='ltr'><strong>pernicies.</strong></span> <span class='ocrx_word' id='word_1_215' title='bbox 286 1725 356 1779; x_wconf 83' lang='lat' dir='ltr'><strong>Onm</strong></span> <span class='ocrx_word' id='word_1_216' title='bbox 384 1725 473 1794; x_wconf 87' lang='lat' dir='ltr'><strong>pietas</strong></span> <span class='ocrx_word' id='word_1_217' title='bbox 499 1730 528 1780; x_wconf 89' lang='lat' dir='ltr'><strong>et</strong></span> <span class='ocrx_word' id='word_1_218' title='bbox 553 1725 607 1781; x_wconf 93' lang='lat' dir='ltr'><strong>Dei</strong></span> <span class='ocrx_word' id='word_1_219' title='bbox 631 1726 713 1780; x_wconf 90' lang='lat' dir='ltr'><strong>timor</strong></span> <span class='ocrx_word' id='word_1_220' title='bbox 736 1726 772 1781; x_wconf 90' lang='lat' dir='ltr'><strong>sit</strong></span> <span class='ocrx_word' id='word_1_221' title='bbox 797 1726 937 1796; x_wconf 86' lang='lat' dir='ltr'><strong>quoddam</strong></span> <span class='ocrx_word' id='word_1_222' title='bbox 1001 1731 1056 1780; x_wconf 84' lang='grc'>144.</span> <span class='ocrx_word' id='word_1_223' title='bbox 1094 1726 1242 1793; x_wconf 79' lang='grc'>1199919119</span> <span class='ocrx_word' id='word_1_224' title='bbox 1262 1734 1398 1794; x_wconf 77' lang='grc'>91999199</span> <span class='ocrx_word' id='word_1_225' title='bbox 1417 1725 1498 1790; x_wconf 92' lang='lat' dir='ltr'><strong>illius,</strong></span> <span class='ocrx_word' id='word_1_226' title='bbox 1520 1743 1602 1796; x_wconf 88' lang='lat' dir='ltr'><strong>quam</strong></span> <span class='ocrx_word' id='word_1_227' title='bbox 1621 1725 1799 1796; x_wconf 85' lang='lat' dir='ltr'><strong>magistratus</strong></span> <span class='ocrx_word' id='word_1_228' title='bbox 1812 1724 1922 1821; x_wconf 45' lang='lat' dir='ltr'><strong>{elgffl</strong></span> 
     </span>
     <span class='ocr_line' id='line_1_17' title="bbox 106 1801 1929 1882; baseline -0.001 -17"><span class='ocrx_word' id='word_1_229' title='bbox 106 1813 185 1882; x_wconf 86' lang='lat' dir='ltr'><strong>quasi</strong></span> <span class='ocrx_word' id='word_1_230' title='bbox 204 1812 311 1866; x_wconf 84' lang='lat' dir='ltr'><strong>frenum</strong></span> <span class='ocrx_word' id='word_1_231' title='bbox 331 1828 364 1865; x_wconf 86' lang='lat' dir='ltr'><strong>ac</strong></span> <span class='ocrx_word' id='word_1_232' title='bbox 382 1811 563 1882; x_wconf 85' lang='lat' dir='ltr'><strong>repagulum,</strong></span> <span class='ocrx_word' id='word_1_233' title='bbox 582 1828 638 1881; x_wconf 92' lang='lat' dir='ltr'><strong>quo</strong></span> <span class='ocrx_word' id='word_1_234' title='bbox 658 1811 797 1867; x_wconf 78' lang='lat' dir='ltr'><strong>insiticio</strong></span> <span class='ocrx_word' id='word_1_235' title='bbox 816 1813 937 1867; x_wconf 86' lang='lat' dir='ltr'><strong>contina·</strong></span> <span class='ocrx_word' id='word_1_236' title='bbox 963 1810 1024 1865; x_wconf 93' lang='lat' dir='ltr'><strong>Deo</strong></span> <span class='ocrx_word' id='word_1_237' title='bbox 1037 1811 1128 1873; x_wconf 88' lang='lat' dir='ltr'><strong>debet,</strong></span> <span class='ocrx_word' id='word_1_238' title='bbox 1144 1812 1257 1881; x_wconf 86' lang='lat' dir='ltr'><strong>pietatis</strong></span> <span class='ocrx_word' id='word_1_239' title='bbox 1268 1817 1346 1866; x_wconf 89' lang='lat' dir='ltr'><strong>sunt:</strong></span> <span class='ocrx_word' id='word_1_240' title='bbox 1367 1816 1390 1868; x_wconf 86' lang='lat'><strong>1.</strong></span> <span class='ocrx_word' id='word_1_241' title='bbox 1405 1814 1525 1866; x_wconf 84' lang='lat' dir='ltr'><strong>Precum</strong></span> <span class='ocrx_word' id='word_1_242' title='bbox 1537 1813 1698 1865; x_wconf 78' lang='lat' dir='ltr'><strong>assiduitas.</strong></span> <span class='ocrx_word' id='word_1_243' title='bbox 1729 1811 1799 1864; x_wconf 86' lang='lat' dir='ltr'><strong>Cum</strong></span> <span class='ocrx_word' id='word_1_244' title='bbox 1924 1801 1929 1812; x_wconf 82' lang='lat'>&#39;</span> 
     </span>
     <span class='ocr_line' id='line_1_18' title="bbox 103 1895 1798 1969; baseline -0.001 -16"><span class='ocrx_word' id='word_1_245' title='bbox 103 1905 149 1953; x_wconf 90' lang='lat' dir='ltr'><strong>tur</strong></span> <span class='ocrx_word' id='word_1_246' title='bbox 167 1898 359 1969; x_wconf 79' lang='lat' dir='ltr'><strong>magistratus,</strong></span> <span class='ocrx_word' id='word_1_247' title='bbox 386 1897 548 1966; x_wconf 86' lang='lat' dir='ltr'><strong>praesertim</strong></span> <span class='ocrx_word' id='word_1_248' title='bbox 568 1915 703 1965; x_wconf 89' lang='lat' dir='ltr'><strong>summus,</strong></span> <span class='ocrx_word' id='word_1_249' title='bbox 729 1897 789 1952; x_wconf 86' lang='lat' dir='ltr'><strong>fieri</strong></span> <span class='ocrx_word' id='word_1_250' title='bbox 809 1898 874 1951; x_wconf 92' lang='lat' dir='ltr'><strong>inde</strong></span> <span class='ocrx_word' id='word_1_251' title='bbox 892 1914 938 1950; x_wconf 89' lang='lat' dir='ltr'><strong>ne·</strong></span> <span class='ocrx_word' id='word_1_252' title='bbox 964 1896 1036 1952; x_wconf 90' lang='lat' dir='ltr'><strong>enim</strong></span> <span class='ocrx_word' id='word_1_253' title='bbox 1057 1914 1102 1951; x_wconf 90' lang='lat' dir='ltr'><strong>ars</strong></span> <span class='ocrx_word' id='word_1_254' title='bbox 1128 1897 1282 1967; x_wconf 87' lang='lat' dir='ltr'><strong>imperandi</strong></span> <span class='ocrx_word' id='word_1_255' title='bbox 1307 1899 1343 1952; x_wconf 86' lang='lat' dir='ltr'><strong>sit</strong></span> <span class='ocrx_word' id='word_1_256' title='bbox 1360 1898 1482 1953; x_wconf 90' lang='lat' dir='ltr'><strong>omnium</strong></span> <span class='ocrx_word' id='word_1_257' title='bbox 1508 1899 1627 1952; x_wconf 87' lang='lat' dir='ltr'><strong>maxima</strong></span> <span class='ocrx_word' id='word_1_258' title='bbox 1644 1904 1673 1952; x_wconf 91' lang='lat' dir='ltr'><strong>et</strong></span> <span class='ocrx_word' id='word_1_259' title='bbox 1690 1895 1798 1951; x_wconf 85' lang='lat' dir='ltr'><strong>difficil-</strong></span> 
     </span>
     <span class='ocr_line' id='line_1_19' title="bbox 104 1982 1798 2055; baseline -0.002 -17"><span class='ocrx_word' id='word_1_260' title='bbox 104 1984 174 2055; x_wconf 83' lang='lat' dir='ltr'><strong>quit.</strong></span> <span class='ocrx_word' id='word_1_261' title='bbox 194 1983 261 2051; x_wconf 90' lang='lat' dir='ltr'><strong>quin</strong></span> <span class='ocrx_word' id='word_1_262' title='bbox 279 1989 384 2037; x_wconf 87' lang='lat' dir='ltr'><strong>remota</strong></span> <span class='ocrx_word' id='word_1_263' title='bbox 411 2000 444 2037; x_wconf 87' lang='lat' dir='ltr'><strong>ex</strong></span> <span class='ocrx_word' id='word_1_264' title='bbox 466 1983 680 2052; x_wconf 86' lang='lat' dir='ltr'><strong>magistratuum</strong></span> <span class='ocrx_word' id='word_1_265' title='bbox 707 1983 806 2037; x_wconf 89' lang='lat' dir='ltr'><strong>animis</strong></span> <span class='ocrx_word' id='word_1_266' title='bbox 824 1983 938 2052; x_wconf 90' lang='lat' dir='ltr'><strong>pietate,</strong></span> <span class='ocrx_word' id='word_1_267' title='bbox 963 1984 1038 2046; x_wconf 84' lang='lat' dir='ltr'><strong>lima,</strong></span> <span class='ocrx_word' id='word_1_268' title='bbox 1056 1983 1094 2037; x_wconf 88' lang='lat' dir='ltr'><strong>ad</strong></span> <span class='ocrx_word' id='word_1_269' title='bbox 1111 1999 1195 2053; x_wconf 93' lang='lat' dir='ltr'><strong>quam</strong></span> <span class='ocrx_word' id='word_1_270' title='bbox 1208 1983 1303 2037; x_wconf 82' lang='lat' dir='ltr'><strong>divina</strong></span> <span class='ocrx_word' id='word_1_271' title='bbox 1318 1984 1455 2053; x_wconf 83' lang='lat' dir='ltr'><strong>quaedam</strong></span> <span class='ocrx_word' id='word_1_272' title='bbox 1473 1985 1623 2055; x_wconf 87' lang='lat' dir='ltr'><strong>prudentia</strong></span> <span class='ocrx_word' id='word_1_273' title='bbox 1640 1982 1798 2054; x_wconf 83' lang='lat' dir='ltr'><strong>requiritur,</strong></span> 
     </span>
     <span class='ocr_line' id='line_1_20' title="bbox 103 2067 1798 2141; baseline 0 -17"><span class='ocrx_word' id='word_1_274' title='bbox 103 2071 207 2125; x_wconf 89' lang='lat' dir='ltr'><strong>abusus</strong></span> <span class='ocrx_word' id='word_1_275' title='bbox 225 2069 369 2138; x_wconf 88' lang='lat' dir='ltr'><strong>potestatis</strong></span> <span class='ocrx_word' id='word_1_276' title='bbox 386 2069 563 2138; x_wconf 89' lang='lat' dir='ltr'><strong>turpissimus</strong></span> <span class='ocrx_word' id='word_1_277' title='bbox 577 2075 771 2138; x_wconf 83' lang='lat' dir='ltr'><strong>consequatur.</strong></span> <span class='ocrx_word' id='word_1_278' title='bbox 806 2069 848 2123; x_wconf 83' lang='lat' dir='ltr'><strong>Ac</strong></span> <span class='ocrx_word' id='word_1_279' title='bbox 863 2067 940 2122; x_wconf 88' lang='lat' dir='ltr'><strong>velut</strong></span> <span class='ocrx_word' id='word_1_280' title='bbox 965 2086 1028 2125; x_wconf 88' lang='lat' dir='ltr'><strong>eum</strong></span> <span class='ocrx_word' id='word_1_281' title='bbox 1048 2069 1227 2141; x_wconf 88' lang='lat' dir='ltr'><strong>magistratus</strong></span> <span class='ocrx_word' id='word_1_282' title='bbox 1251 2070 1401 2125; x_wconf 91' lang='lat' dir='ltr'><strong>multorum</strong></span> <span class='ocrx_word' id='word_1_283' title='bbox 1428 2070 1499 2126; x_wconf 90' lang='lat' dir='ltr'><strong>odiis</strong></span> <span class='ocrx_word' id='word_1_284' title='bbox 1525 2077 1554 2125; x_wconf 89' lang='lat' dir='ltr'><strong>et</strong></span> <span class='ocrx_word' id='word_1_285' title='bbox 1572 2069 1679 2125; x_wconf 87' lang='lat' dir='ltr'><strong>insidiis</strong></span> <span class='ocrx_word' id='word_1_286' title='bbox 1699 2069 1736 2122; x_wconf 90' lang='lat' dir='ltr'><strong>sit</strong></span> <span class='ocrx_word' id='word_1_287' title='bbox 1754 2086 1798 2124; x_wconf 81' lang='lat' dir='ltr'><strong>ex-</strong></span> 
     </span>
     <span class='ocr_line' id='line_1_21' title="bbox 103 2153 1799 2227; baseline 0.001 -19"><span class='ocrx_word' id='word_1_288' title='bbox 103 2172 238 2210; x_wconf 86' lang='lat' dir='ltr'><strong>venenum</strong></span> <span class='ocrx_word' id='word_1_289' title='bbox 257 2154 326 2209; x_wconf 88' lang='lat' dir='ltr'><strong>fonti</strong></span> <span class='ocrx_word' id='word_1_290' title='bbox 354 2153 477 2207; x_wconf 87' lang='lat' dir='ltr'><strong>infusum</strong></span> <span class='ocrx_word' id='word_1_291' title='bbox 500 2170 594 2207; x_wconf 89' lang='lat' dir='ltr'><strong>omnes</strong></span> <span class='ocrx_word' id='word_1_292' title='bbox 614 2153 702 2208; x_wconf 89' lang='lat' dir='ltr'><strong>inficit</strong></span> <span class='ocrx_word' id='word_1_293' title='bbox 720 2155 835 2220; x_wconf 83' lang='lat' dir='ltr'><strong>rivulos,</strong></span> <span class='ocrx_word' id='word_1_294' title='bbox 862 2154 902 2208; x_wconf 89' lang='lat' dir='ltr'><strong>sic</strong></span> <span class='ocrx_word' id='word_1_295' title='bbox 921 2170 939 2208; x_wconf 91' lang='lat' dir='ltr'><strong>a</strong></span> <span class='ocrx_word' id='word_1_296' title='bbox 965 2156 1082 2227; x_wconf 89' lang='lat' dir='ltr'><strong>positus,</strong></span> <span class='ocrx_word' id='word_1_297' title='bbox 1100 2172 1164 2210; x_wconf 89' lang='lat' dir='ltr'><strong>cum</strong></span> <span class='ocrx_word' id='word_1_298' title='bbox 1182 2156 1211 2210; x_wconf 90' lang='lat' dir='ltr'><strong>iu</strong></span> <span class='ocrx_word' id='word_1_299' title='bbox 1230 2155 1348 2226; x_wconf 85' lang='lat' dir='ltr'><strong>proclivi</strong></span> <span class='ocrx_word' id='word_1_300' title='bbox 1366 2157 1403 2210; x_wconf 89' lang='lat' dir='ltr'><strong>sit</strong></span> <span class='ocrx_word' id='word_1_301' title='bbox 1421 2173 1438 2212; x_wconf 84' lang='lat' dir='ltr'><strong>a</strong></span> <span class='ocrx_word' id='word_1_302' title='bbox 1453 2156 1580 2226; x_wconf 87' lang='lat' dir='ltr'><strong>justitiae</strong></span> <span class='ocrx_word' id='word_1_303' title='bbox 1592 2157 1702 2210; x_wconf 82' lang='lat' dir='ltr'><strong>tramite</strong></span> <span class='ocrx_word' id='word_1_304' title='bbox 1721 2154 1799 2210; x_wconf 87' lang='lat' dir='ltr'><strong>aber·</strong></span> 
     </span>
     <span class='ocr_line' id='line_1_22' title="bbox 103 2239 1800 2312; baseline -0.001 -16"><span class='ocrx_word' id='word_1_305' title='bbox 103 2241 228 2312; x_wconf 89' lang='lat' dir='ltr'><strong>principe</strong></span> <span class='ocrx_word' id='word_1_306' title='bbox 246 2240 280 2293; x_wconf 91' lang='lat' dir='ltr'><strong>ad</strong></span> <span class='ocrx_word' id='word_1_307' title='bbox 300 2256 394 2295; x_wconf 90' lang='lat' dir='ltr'><strong>omues</strong></span> <span class='ocrx_word' id='word_1_308' title='bbox 413 2239 540 2294; x_wconf 88' lang='lat' dir='ltr'><strong>subditos</strong></span> <span class='ocrx_word' id='word_1_309' title='bbox 561 2240 689 2309; x_wconf 88' lang='lat' dir='ltr'><strong>impietas</strong></span> <span class='ocrx_word' id='word_1_310' title='bbox 712 2257 773 2295; x_wconf 86' lang='lat' dir='ltr'><strong>sese</strong></span> <span class='ocrx_word' id='word_1_311' title='bbox 797 2240 938 2305; x_wconf 87' lang='lat' dir='ltr'><strong>diffundit,</strong></span> <span class='ocrx_word' id='word_1_312' title='bbox 964 2259 1026 2296; x_wconf 90' lang='lat' dir='ltr'><strong>rare</strong></span> <span class='ocrx_word' id='word_1_313' title='bbox 1052 2248 1081 2296; x_wconf 90' lang='lat' dir='ltr'><strong>et</strong></span> <span class='ocrx_word' id='word_1_314' title='bbox 1104 2241 1131 2294; x_wconf 92' lang='lat' dir='ltr'><strong>in</strong></span> <span class='ocrx_word' id='word_1_315' title='bbox 1162 2240 1276 2312; x_wconf 83' lang='lat' dir='ltr'><strong>fastigio</strong></span> <span class='ocrx_word' id='word_1_316' title='bbox 1304 2242 1447 2311; x_wconf 86' lang='lat' dir='ltr'><strong>dignitatis</strong></span> <span class='ocrx_word' id='word_1_317' title='bbox 1469 2242 1590 2312; x_wconf 87' lang='lat' dir='ltr'><strong>positum</strong></span> <span class='ocrx_word' id='word_1_318' title='bbox 1623 2259 1707 2312; x_wconf 89' lang='lat' dir='ltr'><strong>super</strong></span> <span class='ocrx_word' id='word_1_319' title='bbox 1730 2240 1800 2295; x_wconf 91' lang='lat' dir='ltr'><strong>alios</strong></span> 
     </span>
     <span class='ocr_line' id='line_1_23' title="bbox 104 2325 1799 2398; baseline 0 -17"><span class='ocrx_word' id='word_1_320' title='bbox 104 2345 136 2382; x_wconf 85' lang='lat' dir='ltr'><strong>ex</strong></span> <span class='ocrx_word' id='word_1_321' title='bbox 157 2344 213 2396; x_wconf 88' lang='lat' dir='ltr'><strong>quo</strong></span> <span class='ocrx_word' id='word_1_322' title='bbox 232 2327 345 2380; x_wconf 87' lang='lat' dir='ltr'><strong>tandem</strong></span> <span class='ocrx_word' id='word_1_323' title='bbox 364 2325 532 2379; x_wconf 86' lang='lat' dir='ltr'><strong>eversionem</strong></span> <span class='ocrx_word' id='word_1_324' title='bbox 552 2325 721 2393; x_wconf 87' lang='lat' dir='ltr'><strong>reipublicae</strong></span> <span class='ocrx_word' id='word_1_325' title='bbox 739 2327 872 2397; x_wconf 89' lang='lat' dir='ltr'><strong>consequi</strong></span> <span class='ocrx_word' id='word_1_326' title='bbox 890 2342 937 2381; x_wconf 89' lang='lat' dir='ltr'><strong>ne·</strong></span> <span class='ocrx_word' id='word_1_327' title='bbox 965 2325 1057 2382; x_wconf 86' lang='lat' dir='ltr'><strong>efferri</strong></span> <span class='ocrx_word' id='word_1_328' title='bbox 1076 2343 1110 2381; x_wconf 90' lang='lat' dir='ltr'><strong>ac</strong></span> <span class='ocrx_word' id='word_1_329' title='bbox 1127 2333 1266 2396; x_wconf 87' lang='lat' dir='ltr'><strong>potestate</strong></span> <span class='ocrx_word' id='word_1_330' title='bbox 1283 2343 1335 2381; x_wconf 89' lang='lat' dir='ltr'><strong>sua</strong></span> <span class='ocrx_word' id='word_1_331' title='bbox 1352 2327 1438 2391; x_wconf 90' lang='lat' dir='ltr'><strong>abuti,</strong></span> <span class='ocrx_word' id='word_1_332' title='bbox 1462 2328 1526 2381; x_wconf 89' lang='lat' dir='ltr'><strong>ideo</strong></span> <span class='ocrx_word' id='word_1_333' title='bbox 1544 2326 1720 2398; x_wconf 88' lang='lat' dir='ltr'><strong>magistratui</strong></span> <span class='ocrx_word' id='word_1_334' title='bbox 1738 2342 1799 2396; x_wconf 91' lang='lat' dir='ltr'><strong>pre·</strong></span> 
     </span>
     <span class='ocr_line' id='line_1_24' title="bbox 105 2411 1800 2483; baseline -0.001 -15"><span class='ocrx_word' id='word_1_335' title='bbox 105 2431 181 2468; x_wconf 88' lang='grc'>99999</span> <span class='ocrx_word' id='word_1_336' title='bbox 194 2419 243 2468; x_wconf 91' lang='lat' dir='ltr'><strong>est.</strong></span> <span class='ocrx_word' id='word_1_337' title='bbox 268 2412 415 2466; x_wconf 90' lang='lat' dir='ltr'><strong>Persarum</strong></span> <span class='ocrx_word' id='word_1_338' title='bbox 433 2428 549 2483; x_wconf 87' lang='lat' dir='ltr'><strong>regnum</strong></span> <span class='ocrx_word' id='word_1_339' title='bbox 565 2411 691 2480; x_wconf 83' lang='lat' dir='ltr'><strong>quamvis</strong></span> <span class='ocrx_word' id='word_1_340' title='bbox 703 2412 868 2467; x_wconf 90' lang='lat' dir='ltr'><strong>ditissimum</strong></span> <span class='ocrx_word' id='word_1_341' title='bbox 888 2413 937 2466; x_wconf 92' lang='lat' dir='ltr'><strong>im·</strong></span> <span class='ocrx_word' id='word_1_342' title='bbox 964 2430 1009 2467; x_wconf 89' lang='lat' dir='ltr'><strong>css</strong></span> <span class='ocrx_word' id='word_1_343' title='bbox 1030 2412 1203 2468; x_wconf 85' lang='lat' dir='ltr'><strong>necessariae</strong></span> <span class='ocrx_word' id='word_1_344' title='bbox 1223 2418 1288 2466; x_wconf 88' lang='lat' dir='ltr'><strong>sunt</strong></span> <span class='ocrx_word' id='word_1_345' title='bbox 1306 2413 1350 2465; x_wconf 85' lang='lat' dir='ltr'><strong>vel</strong></span> <span class='ocrx_word' id='word_1_346' title='bbox 1368 2413 1496 2481; x_wconf 82' lang='lat' dir='ltr'><strong>maxime,</strong></span> <span class='ocrx_word' id='word_1_347' title='bbox 1514 2412 1615 2483; x_wconf 88' lang='lat' dir='ltr'><strong>quibus</strong></span> <span class='ocrx_word' id='word_1_348' title='bbox 1633 2419 1662 2467; x_wconf 92' lang='lat' dir='ltr'><strong>et</strong></span> <span class='ocrx_word' id='word_1_349' title='bbox 1679 2412 1800 2482; x_wconf 89' lang='lat' dir='ltr'><strong>pruden-</strong></span> 
     </span>
     <span class='ocr_line' id='line_1_25' title="bbox 104 2497 1801 2570; baseline 0 -16"><span class='ocrx_word' id='word_1_350' title='bbox 104 2500 193 2570; x_wconf 89' lang='lat' dir='ltr'><strong>pietas</strong></span> <span class='ocrx_word' id='word_1_351' title='bbox 216 2497 351 2568; x_wconf 90' lang='lat' dir='ltr'><strong>perdidit,</strong></span> <span class='ocrx_word' id='word_1_352' title='bbox 374 2497 501 2551; x_wconf 90' lang='lat' dir='ltr'><strong>subditos</strong></span> <span class='ocrx_word' id='word_1_353' title='bbox 527 2513 621 2551; x_wconf 90' lang='lat' dir='ltr'><strong>eorum</strong></span> <span class='ocrx_word' id='word_1_354' title='bbox 646 2513 740 2552; x_wconf 92' lang='lat' dir='ltr'><strong>omnes</strong></span> <span class='ocrx_word' id='word_1_355' title='bbox 764 2498 889 2568; x_wconf 84' lang='lat' dir='ltr'><strong>corrupit</strong></span> <span class='ocrx_word' id='word_1_356' title='bbox 905 2514 938 2553; x_wconf 84' lang='lat' dir='ltr'><strong>ac</strong></span> <span class='ocrx_word' id='word_1_357' title='bbox 962 2499 1030 2553; x_wconf 91' lang='lat' dir='ltr'><strong>tiam</strong></span> <span class='ocrx_word' id='word_1_358' title='bbox 1059 2506 1087 2553; x_wconf 88' lang='lat' dir='ltr'><strong>et</strong></span> <span class='ocrx_word' id='word_1_359' title='bbox 1114 2498 1170 2553; x_wconf 87' lang='lat' dir='ltr'><strong>alia</strong></span> <span class='ocrx_word' id='word_1_360' title='bbox 1197 2498 1233 2553; x_wconf 92' lang='lat' dir='ltr'><strong>ad</strong></span> <span class='ocrx_word' id='word_1_361' title='bbox 1260 2498 1392 2570; x_wconf 77' lang='grc' dir='ltr'><strong>εὐαρχίαν</strong></span> <span class='ocrx_word' id='word_1_362' title='bbox 1419 2498 1577 2554; x_wconf 86' lang='lat' dir='ltr'><strong>necessaria</strong></span> <span class='ocrx_word' id='word_1_363' title='bbox 1603 2498 1677 2553; x_wconf 89' lang='lat' dir='ltr'><strong>dona</strong></span> <span class='ocrx_word' id='word_1_364' title='bbox 1703 2499 1801 2554; x_wconf 90' lang='lat' dir='ltr'><strong>aDeo</strong></span> 
     </span>
     <span class='ocr_line' id='line_1_26' title="bbox 105 2582 1799 2656; baseline 0.001 -17"><span class='ocrx_word' id='word_1_365' title='bbox 105 2586 204 2640; x_wconf 90' lang='lat' dir='ltr'><strong>Persas</strong></span> <span class='ocrx_word' id='word_1_366' title='bbox 228 2582 357 2638; x_wconf 91' lang='lat' dir='ltr'><strong>omnibus</strong></span> <span class='ocrx_word' id='word_1_367' title='bbox 383 2583 547 2638; x_wconf 87' lang='lat' dir='ltr'><strong>mortalibus</strong></span> <span class='ocrx_word' id='word_1_368' title='bbox 570 2598 667 2637; x_wconf 83' lang='lat' dir='ltr'><strong>exosos</strong></span> <span class='ocrx_word' id='word_1_369' title='bbox 692 2583 823 2651; x_wconf 70' lang='lat' dir='ltr'><strong>reddidit,</strong></span> <span class='ocrx_word' id='word_1_370' title='bbox 845 2583 938 2638; x_wconf 90' lang='lat' dir='ltr'><strong>Xeno·</strong></span> <span class='ocrx_word' id='word_1_371' title='bbox 964 2585 1094 2654; x_wconf 92' lang='lat' dir='ltr'><strong>impetret</strong></span> <span class='ocrx_word' id='word_1_372' title='bbox 1114 2590 1199 2655; x_wconf 88' lang='lat' dir='ltr'><strong>atque</strong></span> <span class='ocrx_word' id='word_1_373' title='bbox 1216 2584 1348 2640; x_wconf 87' lang='lat' dir='ltr'><strong>adversus</strong></span> <span class='ocrx_word' id='word_1_374' title='bbox 1368 2585 1471 2640; x_wconf 90' lang='lat' dir='ltr'><strong>diaboli</strong></span> <span class='ocrx_word' id='word_1_375' title='bbox 1488 2586 1681 2656; x_wconf 89' lang='lat' dir='ltr'><strong>suggestiones</strong></span> <span class='ocrx_word' id='word_1_376' title='bbox 1706 2593 1735 2641; x_wconf 92' lang='lat' dir='ltr'><strong>et</strong></span> <span class='ocrx_word' id='word_1_377' title='bbox 1751 2585 1799 2640; x_wconf 90' lang='lat' dir='ltr'><strong>ho·</strong></span> 
     </span>
     <span class='ocr_line' id='line_1_27' title="bbox 105 2669 1799 2742; baseline 0.001 -17"><span class='ocrx_word' id='word_1_378' title='bbox 105 2671 180 2742; x_wconf 77' lang='lat' dir='ltr'><strong>plion</strong></span> <span class='ocrx_word' id='word_1_379' title='bbox 201 2670 246 2725; x_wconf 91' lang='lat' dir='ltr'><strong>lib.</strong></span> <span class='ocrx_word' id='word_1_380' title='bbox 268 2675 291 2725; x_wconf 83' lang='grc'><strong>8.</strong></span> <span class='ocrx_word' id='word_1_381' title='bbox 309 2669 412 2740; x_wconf 84' lang='lat' dir='ltr'><strong>Cyrop.</strong></span> <span class='ocrx_word' id='word_1_382' title='bbox 964 2669 1048 2724; x_wconf 91' lang='lat' dir='ltr'><strong>stium</strong></span> <span class='ocrx_word' id='word_1_383' title='bbox 1065 2669 1220 2726; x_wconf 89' lang='lat' dir='ltr'><strong>molitiones</strong></span> <span class='ocrx_word' id='word_1_384' title='bbox 1240 2686 1301 2725; x_wconf 88' lang='lat' dir='ltr'><strong>sese</strong></span> <span class='ocrx_word' id='word_1_385' title='bbox 1319 2670 1440 2739; x_wconf 89' lang='lat' dir='ltr'><strong>muniat,</strong></span> <span class='ocrx_word' id='word_1_386' title='bbox 1459 2687 1515 2739; x_wconf 89' lang='lat' dir='ltr'><strong>qna</strong></span> <span class='ocrx_word' id='word_1_387' title='bbox 1532 2670 1561 2724; x_wconf 91' lang='lat' dir='ltr'><strong>in</strong></span> <span class='ocrx_word' id='word_1_388' title='bbox 1578 2676 1659 2741; x_wconf 86' lang='lat' dir='ltr'><strong>parte</strong></span> <span class='ocrx_word' id='word_1_389' title='bbox 1677 2689 1724 2727; x_wconf 90' lang='lat' dir='ltr'><strong>rex</strong></span> <span class='ocrx_word' id='word_1_390' title='bbox 1743 2671 1799 2726; x_wconf 84' lang='lat' dir='ltr'><strong>Da·</strong></span> 
     </span>
     <span class='ocr_line' id='line_1_28' title="bbox 141 2753 1799 2828; baseline -0.001 -17"><span class='ocrx_word' id='word_1_391' title='bbox 141 2763 198 2813; x_wconf 75' lang='lat'><strong>143.</strong></span> <span class='ocrx_word' id='word_1_392' title='bbox 229 2754 376 2822; x_wconf 74' lang='grc' dir='ltr'>,1119ερ9199</span> <span class='ocrx_word' id='word_1_393' title='bbox 393 2755 477 2825; x_wconf 84' lang='lat' dir='ltr'><strong>hujus</strong></span> <span class='ocrx_word' id='word_1_394' title='bbox 491 2755 520 2809; x_wconf 92' lang='lat' dir='ltr'><strong>in</strong></span> <span class='ocrx_word' id='word_1_395' title='bbox 538 2753 703 2824; x_wconf 88' lang='lat' dir='ltr'><strong>magistratu</strong></span> <span class='ocrx_word' id='word_1_396' title='bbox 721 2755 871 2825; x_wconf 88' lang='lat' dir='ltr'><strong>requisitae</strong></span> <span class='ocrx_word' id='word_1_397' title='bbox 888 2772 938 2810; x_wconf 92' lang='lat' dir='ltr'><strong>nu·</strong></span> <span class='ocrx_word' id='word_1_398' title='bbox 964 2756 1011 2810; x_wconf 83' lang='lat' dir='ltr'><strong>rid</strong></span> <span class='ocrx_word' id='word_1_399' title='bbox 1032 2771 1082 2810; x_wconf 88' lang='lat' dir='ltr'><strong>suo</strong></span> <span class='ocrx_word' id='word_1_400' title='bbox 1099 2756 1227 2810; x_wconf 89' lang='lat' dir='ltr'><strong>omnibus</strong></span> <span class='ocrx_word' id='word_1_401' title='bbox 1245 2755 1418 2828; x_wconf 88' lang='lat' dir='ltr'><strong>principibus</strong></span> <span class='ocrx_word' id='word_1_402' title='bbox 1438 2756 1582 2826; x_wconf 90' lang='lat' dir='ltr'><strong>praelucet</strong></span> <span class='ocrx_word' id='word_1_403' title='bbox 1600 2756 1734 2827; x_wconf 89' lang='lat' dir='ltr'><strong>exemplo,</strong></span> <span class='ocrx_word' id='word_1_404' title='bbox 1753 2775 1799 2812; x_wconf 89' lang='lat' dir='ltr'><strong>cu-</strong></span> 
     </span>
     <span class='ocr_line' id='line_1_29' title="bbox 32 2828 1800 2913; baseline 0.001 -16"><span class='ocrx_word' id='word_1_405' title='bbox 32 2828 55 2906; x_wconf 71' lang='lat'><strong>„⁸</strong></span> <span class='ocrx_word' id='word_1_406' title='bbox 81 2836 204 2897; x_wconf 70' lang='lat' dir='ltr'><strong>&#39;micula</strong></span> <span class='ocrx_word' id='word_1_407' title='bbox 223 2847 265 2896; x_wconf 91' lang='lat' dir='ltr'><strong>est</strong></span> <span class='ocrx_word' id='word_1_408' title='bbox 286 2843 364 2896; x_wconf 84' lang='lat' dir='ltr'><strong>verbi</strong></span> <span class='ocrx_word' id='word_1_409' title='bbox 389 2842 482 2895; x_wconf 79' lang='lat' dir='ltr'><strong>divini</strong></span> <span class='ocrx_word' id='word_1_410' title='bbox 500 2841 622 2895; x_wconf 85' lang='lat' dir='ltr'><strong>studium</strong></span> <span class='ocrx_word' id='word_1_411' title='bbox 642 2858 675 2894; x_wconf 88' lang='lat' dir='ltr'><strong>ac</strong></span> <span class='ocrx_word' id='word_1_412' title='bbox 700 2841 802 2906; x_wconf 84' lang='grc'>9991919</span> <span class='ocrx_word' id='word_1_413' title='bbox 819 2843 938 2896; x_wconf 87' lang='lat' dir='ltr'><strong>medito-</strong></span> <span class='ocrx_word' id='word_1_414' title='bbox 960 2843 1008 2912; x_wconf 76' lang='lat' dir='ltr'><strong>Jus</strong></span> <span class='ocrx_word' id='word_1_415' title='bbox 1028 2841 1141 2896; x_wconf 88' lang='lat' dir='ltr'><strong>assidua</strong></span> <span class='ocrx_word' id='word_1_416' title='bbox 1164 2841 1219 2897; x_wconf 81' lang='lat' dir='ltr'><strong>fuit</strong></span> <span class='ocrx_word' id='word_1_417' title='bbox 1245 2842 1392 2913; x_wconf 87' lang='lat' dir='ltr'><strong>occupatio</strong></span> <span class='ocrx_word' id='word_1_418' title='bbox 1417 2843 1478 2897; x_wconf 85' lang='lat' dir='ltr'><strong>Dei</strong></span> <span class='ocrx_word' id='word_1_419' title='bbox 1494 2844 1623 2896; x_wconf 77' lang='grc'>1999919119</span> <span class='ocrx_word' id='word_1_420' title='bbox 1651 2851 1677 2897; x_wconf 88' lang='grc'><strong>91</strong></span> <span class='ocrx_word' id='word_1_421' title='bbox 1694 2846 1800 2898; x_wconf 69' lang='lat' dir='ltr'><strong>ardeia</strong></span> 
     </span>
     <span class='ocr_line' id='line_1_30' title="bbox 14 2922 1800 3009; baseline 0.002 -27"><span class='ocrx_word' id='word_1_422' title='bbox 14 2922 47 3009; x_wconf 58' lang='grc' dir='ltr'><strong>ζ’·</strong></span> <span class='ocrx_word' id='word_1_423' title='bbox 105 2930 153 2984; x_wconf 87' lang='lat' dir='ltr'><strong>tio.</strong></span> <span class='ocrx_word' id='word_1_424' title='bbox 189 2928 348 2983; x_wconf 77' lang='lat' dir='ltr'><strong>cumcuim</strong></span> <span class='ocrx_word' id='word_1_425' title='bbox 369 2944 448 2982; x_wconf 90' lang='lat' dir='ltr'><strong>nemo</strong></span> <span class='ocrx_word' id='word_1_426' title='bbox 466 2926 559 2982; x_wconf 92' lang='lat' dir='ltr'><strong>Deum</strong></span> <span class='ocrx_word' id='word_1_427' title='bbox 572 2933 648 2981; x_wconf 89' lang='lat' dir='ltr'><strong>reete</strong></span> <span class='ocrx_word' id='word_1_428' title='bbox 665 2926 754 2980; x_wconf 86' lang='lat' dir='ltr'><strong>colere</strong></span> <span class='ocrx_word' id='word_1_429' title='bbox 771 2927 867 2996; x_wconf 79' lang='lat' dir='ltr'><strong>possit,</strong></span> <span class='ocrx_word' id='word_1_430' title='bbox 884 2927 939 2981; x_wconf 90' lang='lat' dir='ltr'><strong>nisi</strong></span> <span class='ocrx_word' id='word_1_431' title='bbox 965 2928 1098 2998; x_wconf 83' lang='lat' dir='ltr'><strong>precatio.</strong></span> <span class='ocrx_word' id='word_1_432' title='bbox 1136 2928 1292 2983; x_wconf 84' lang='lat' dir='ltr'><strong>Salomonis</strong></span> <span class='ocrx_word' id='word_1_433' title='bbox 1310 2944 1407 2998; x_wconf 89' lang='lat' dir='ltr'><strong>preces</strong></span> <span class='ocrx_word' id='word_1_434' title='bbox 1426 2928 1622 2984; x_wconf 87' lang='lat' dir='ltr'><strong>describuntur</strong></span> <span class='ocrx_word' id='word_1_435' title='bbox 1643 2933 1665 2983; x_wconf 90' lang='grc'><strong>1.</strong></span> <span class='ocrx_word' id='word_1_436' title='bbox 1682 2928 1753 3001; x_wconf 81' lang='lat' dir='ltr'><strong>Reg.</strong></span> <span class='ocrx_word' id='word_1_437' title='bbox 1774 2935 1800 2997; x_wconf 81' lang='grc'><strong>1,</strong></span> 
     </span>
     <span class='ocr_line' id='line_1_31' title="bbox 10 3001 1798 3087; baseline 0.001 -19"><span class='ocrx_word' id='word_1_438' title='bbox 10 3003 11 3007; x_wconf 26' lang='lat'>¹</span> <span class='ocrx_word' id='word_1_439' title='bbox 29 3001 34 3009; x_wconf 65' lang='grc'><em>’</em></span> <span class='ocrx_word' id='word_1_440' title='bbox 106 3015 197 3085; x_wconf 92' lang='lat' dir='ltr'><strong>ipsum</strong></span> <span class='ocrx_word' id='word_1_441' title='bbox 215 3019 289 3068; x_wconf 89' lang='lat' dir='ltr'><strong>recte</strong></span> <span class='ocrx_word' id='word_1_442' title='bbox 307 3018 449 3084; x_wconf 88' lang='lat' dir='ltr'><strong>agnoscat,</strong></span> <span class='ocrx_word' id='word_1_443' title='bbox 467 3028 588 3081; x_wconf 85' lang='lat' dir='ltr'><strong>cumque</strong></span> <span class='ocrx_word' id='word_1_444' title='bbox 600 3012 728 3066; x_wconf 83' lang='lat' dir='ltr'><strong>salutaris</strong></span> <span class='ocrx_word' id='word_1_445' title='bbox 740 3011 789 3066; x_wconf 84' lang='lat' dir='ltr'><strong>ills</strong></span> <span class='ocrx_word' id='word_1_446' title='bbox 803 3011 856 3066; x_wconf 89' lang='lat' dir='ltr'><strong>Dei</strong></span> <span class='ocrx_word' id='word_1_447' title='bbox 874 3030 938 3084; x_wconf 86' lang='lat' dir='ltr'><strong>cog·</strong></span> <span class='ocrx_word' id='word_1_448' title='bbox 963 3031 990 3070; x_wconf 86' lang='lat' dir='ltr'><strong>v.</strong></span> <span class='ocrx_word' id='word_1_449' title='bbox 1009 3019 1033 3068; x_wconf 88' lang='grc'><strong>6.</strong></span> <span class='ocrx_word' id='word_1_450' title='bbox 1052 3020 1080 3068; x_wconf 87' lang='grc'><strong>91</strong></span> <span class='ocrx_word' id='word_1_451' title='bbox 1097 3030 1188 3087; x_wconf 73' lang='lat' dir='ltr'><strong>seqq:</strong></span> <span class='ocrx_word' id='word_1_452' title='bbox 1220 3015 1265 3067; x_wconf 79' lang='lat' dir='ltr'><strong>Tu</strong></span> <span class='ocrx_word' id='word_1_453' title='bbox 1283 3014 1407 3068; x_wconf 85' lang='lat' dir='ltr'><strong>Domine</strong></span> <span class='ocrx_word' id='word_1_454' title='bbox 1426 3016 1507 3068; x_wconf 73' lang='lat' dir='ltr'><strong>Deris</strong></span> <span class='ocrx_word' id='word_1_455' title='bbox 1525 3031 1601 3067; x_wconf 79' lang='grc'>99999</span> <span class='ocrx_word' id='word_1_456' title='bbox 1618 3031 1739 3083; x_wconf 68' lang='lat' dir='ltr'><strong>regnare</strong></span> <span class='ocrx_word' id='word_1_457' title='bbox 1755 3017 1798 3080; x_wconf 79' lang='lat' dir='ltr'><strong>fs·</strong></span> 
     </span>
     <span class='ocr_line' id='line_1_32' title="bbox 105 3097 1800 3170; baseline 0 -16"><span class='ocrx_word' id='word_1_458' title='bbox 105 3101 174 3155; x_wconf 89' lang='lat' dir='ltr'><strong>nitio</strong></span> <span class='ocrx_word' id='word_1_459' title='bbox 198 3106 262 3170; x_wconf 91' lang='lat' dir='ltr'><strong>post</strong></span> <span class='ocrx_word' id='word_1_460' title='bbox 284 3099 392 3168; x_wconf 85' lang='lat' dir='ltr'><strong>lapsum</strong></span> <span class='ocrx_word' id='word_1_461' title='bbox 416 3115 472 3152; x_wconf 91' lang='lat' dir='ltr'><strong>non</strong></span> <span class='ocrx_word' id='word_1_462' title='bbox 495 3097 656 3151; x_wconf 88' lang='lat' dir='ltr'><strong>innascatur</strong></span> <span class='ocrx_word' id='word_1_463' title='bbox 681 3097 821 3152; x_wconf 91' lang='lat' dir='ltr'><strong>hominum</strong></span> <span class='ocrx_word' id='word_1_464' title='bbox 841 3098 937 3153; x_wconf 92' lang='lat' dir='ltr'><strong>menti·</strong></span> <span class='ocrx_word' id='word_1_465' title='bbox 964 3101 1028 3154; x_wconf 85' lang='lat' dir='ltr'><strong>cisti</strong></span> <span class='ocrx_word' id='word_1_466' title='bbox 1053 3117 1164 3154; x_wconf 80' lang='lat' dir='ltr'><strong>seruum</strong></span> <span class='ocrx_word' id='word_1_467' title='bbox 1192 3109 1270 3153; x_wconf 90' lang='lat' dir='ltr'><strong>tuum</strong></span> <span class='ocrx_word' id='word_1_468' title='bbox 1297 3106 1349 3154; x_wconf 86' lang='lat' dir='ltr'><strong>etc.</strong></span> <span class='ocrx_word' id='word_1_469' title='bbox 1379 3101 1463 3153; x_wconf 83' lang='lat' dir='ltr'><strong>dabis</strong></span> <span class='ocrx_word' id='word_1_470' title='bbox 1492 3117 1559 3168; x_wconf 77' lang='grc'>9999</span> <span class='ocrx_word' id='word_1_471' title='bbox 1581 3117 1660 3154; x_wconf 83' lang='lat' dir='ltr'><strong>seruo</strong></span> <span class='ocrx_word' id='word_1_472' title='bbox 1686 3109 1733 3156; x_wconf 86' lang='lat' dir='ltr'><strong>tuo</strong></span> <span class='ocrx_word' id='word_1_473' title='bbox 1751 3119 1800 3154; x_wconf 82' lang='lat' dir='ltr'><strong>cor</strong></span> 
     </span>
     <span class='ocr_line' id='line_1_33' title="bbox 104 3183 1799 3256; baseline -0.001 -15"><span class='ocrx_word' id='word_1_474' title='bbox 104 3186 165 3255; x_wconf 83' lang='lat' dir='ltr'><strong>bus,</strong></span> <span class='ocrx_word' id='word_1_475' title='bbox 183 3187 233 3240; x_wconf 90' lang='lat' dir='ltr'><strong>sed</strong></span> <span class='ocrx_word' id='word_1_476' title='bbox 251 3203 284 3240; x_wconf 88' lang='lat' dir='ltr'><strong>ex</strong></span> <span class='ocrx_word' id='word_1_477' title='bbox 296 3185 391 3240; x_wconf 89' lang='lat' dir='ltr'><strong>Verbo</strong></span> <span class='ocrx_word' id='word_1_478' title='bbox 409 3183 490 3238; x_wconf 91' lang='lat' dir='ltr'><strong>unice</strong></span> <span class='ocrx_word' id='word_1_479' title='bbox 509 3183 545 3237; x_wconf 90' lang='lat' dir='ltr'><strong>sit</strong></span> <span class='ocrx_word' id='word_1_480' title='bbox 564 3183 693 3253; x_wconf 86' lang='lat' dir='ltr'><strong>petenda,</strong></span> <span class='ocrx_word' id='word_1_481' title='bbox 713 3183 776 3238; x_wconf 90' lang='lat' dir='ltr'><strong>ideo</strong></span> <span class='ocrx_word' id='word_1_482' title='bbox 795 3184 831 3237; x_wconf 87' lang='lat' dir='ltr'><strong>ad</strong></span> <span class='ocrx_word' id='word_1_483' title='bbox 850 3184 937 3253; x_wconf 90' lang='lat' dir='ltr'><strong>pieta·</strong></span> <span class='ocrx_word' id='word_1_484' title='bbox 965 3187 1065 3254; x_wconf 72' lang='lat' dir='ltr'><strong>doale,</strong></span> <span class='ocrx_word' id='word_1_485' title='bbox 1086 3195 1118 3239; x_wconf 85' lang='lat' dir='ltr'><strong>ut</strong></span> <span class='ocrx_word' id='word_1_486' title='bbox 1132 3187 1270 3256; x_wconf 79' lang='lat' dir='ltr'><strong>populum</strong></span> <span class='ocrx_word' id='word_1_487' title='bbox 1289 3194 1366 3239; x_wconf 77' lang='lat' dir='ltr'><strong>turem</strong></span> <span class='ocrx_word' id='word_1_488' title='bbox 1382 3187 1516 3254; x_wconf 77' lang='lat' dir='ltr'><strong>judicare</strong></span> <span class='ocrx_word' id='word_1_489' title='bbox 1538 3186 1632 3255; x_wconf 83' lang='lat' dir='ltr'><strong>possit</strong></span> <span class='ocrx_word' id='word_1_490' title='bbox 1652 3195 1678 3241; x_wconf 89' lang='grc'><strong>91</strong></span> <span class='ocrx_word' id='word_1_491' title='bbox 1696 3189 1799 3243; x_wconf 73' lang='lat' dir='ltr'><strong>disem-</strong></span> 
     </span>
     <span class='ocr_line' id='line_1_34' title="bbox 104 3269 1799 3343; baseline 0 -16"><span class='ocrx_word' id='word_1_492' title='bbox 104 3279 158 3327; x_wconf 89' lang='lat' dir='ltr'><strong>tem</strong></span> <span class='ocrx_word' id='word_1_493' title='bbox 177 3280 205 3327; x_wconf 89' lang='lat' dir='ltr'><strong>et</strong></span> <span class='ocrx_word' id='word_1_494' title='bbox 222 3272 327 3326; x_wconf 88' lang='lat' dir='ltr'><strong>cultum</strong></span> <span class='ocrx_word' id='word_1_495' title='bbox 344 3270 398 3324; x_wconf 94' lang='lat' dir='ltr'><strong>Dei</strong></span> <span class='ocrx_word' id='word_1_496' title='bbox 418 3269 508 3340; x_wconf 91' lang='lat' dir='ltr'><strong>primo</strong></span> <span class='ocrx_word' id='word_1_497' title='bbox 528 3269 651 3323; x_wconf 89' lang='lat' dir='ltr'><strong>omnium</strong></span> <span class='ocrx_word' id='word_1_498' title='bbox 670 3269 837 3340; x_wconf 87' lang='lat' dir='ltr'><strong>requiritur,</strong></span> <span class='ocrx_word' id='word_1_499' title='bbox 855 3277 886 3324; x_wconf 93' lang='lat' dir='ltr'><strong>ut</strong></span> <span class='ocrx_word' id='word_1_500' title='bbox 904 3288 937 3325; x_wconf 88' lang='lat' dir='ltr'><strong>ex</strong></span> <span class='ocrx_word' id='word_1_501' title='bbox 964 3288 1030 3325; x_wconf 78' lang='lat' dir='ltr'><strong>nere</strong></span> <span class='ocrx_word' id='word_1_502' title='bbox 1049 3273 1122 3325; x_wconf 85' lang='lat' dir='ltr'><strong>inter</strong></span> <span class='ocrx_word' id='word_1_503' title='bbox 1137 3272 1236 3326; x_wconf 88' lang='lat' dir='ltr'><strong>bonum</strong></span> <span class='ocrx_word' id='word_1_504' title='bbox 1254 3279 1280 3324; x_wconf 87' lang='lat' dir='ltr'><strong>et</strong></span> <span class='ocrx_word' id='word_1_505' title='bbox 1300 3272 1413 3325; x_wconf 88' lang='lat' dir='ltr'><strong>malum.</strong></span> <span class='ocrx_word' id='word_1_506' title='bbox 1441 3271 1507 3343; x_wconf 87' lang='lat' dir='ltr'><strong>Sap.</strong></span> <span class='ocrx_word' id='word_1_507' title='bbox 1528 3279 1552 3328; x_wconf 80' lang='grc'><strong>9.</strong></span> <span class='ocrx_word' id='word_1_508' title='bbox 1565 3289 1615 3342; x_wconf 90' lang='lat' dir='ltr'><strong>per</strong></span> <span class='ocrx_word' id='word_1_509' title='bbox 1633 3280 1698 3329; x_wconf 79' lang='lat' dir='ltr'><strong>tot:</strong></span> <span class='ocrx_word' id='word_1_510' title='bbox 1718 3275 1799 3327; x_wconf 75' lang='lat' dir='ltr'><strong>Deru</strong></span> 
     </span>
     <span class='ocr_line' id='line_1_35' title="bbox 104 3356 1801 3429; baseline 0 -17"><span class='ocrx_word' id='word_1_511' title='bbox 104 3359 180 3414; x_wconf 86' lang='lat' dir='ltr'><strong>verbi</strong></span> <span class='ocrx_word' id='word_1_512' title='bbox 207 3358 292 3412; x_wconf 79' lang='lat' dir='ltr'><strong>divini</strong></span> <span class='ocrx_word' id='word_1_513' title='bbox 323 3357 436 3423; x_wconf 91' lang='lat' dir='ltr'><strong>auditu,</strong></span> <span class='ocrx_word' id='word_1_514' title='bbox 467 3356 586 3412; x_wconf 90' lang='lat' dir='ltr'><strong>lectione</strong></span> <span class='ocrx_word' id='word_1_515' title='bbox 602 3373 635 3410; x_wconf 91' lang='lat' dir='ltr'><strong>ac</strong></span> <span class='ocrx_word' id='word_1_516' title='bbox 655 3356 833 3411; x_wconf 86' lang='lat' dir='ltr'><strong>meditatione</strong></span> <span class='ocrx_word' id='word_1_517' title='bbox 851 3357 937 3429; x_wconf 86' lang='lat' dir='ltr'><strong>magi·</strong></span> <span class='ocrx_word' id='word_1_518' title='bbox 962 3367 1075 3428; x_wconf 78' lang='lat' dir='ltr'><strong>patrum</strong></span> <span class='ocrx_word' id='word_1_519' title='bbox 1088 3359 1383 3412; x_wconf 79' lang='lat' dir='ltr'><strong>meorumetDomine</strong></span> <span class='ocrx_word' id='word_1_520' title='bbox 1403 3359 1622 3427; x_wconf 74' lang='lat' dir='ltr'><strong>inisericordiae,</strong></span> <span class='ocrx_word' id='word_1_521' title='bbox 1638 3360 1688 3428; x_wconf 78' lang='lat' dir='ltr'><strong>qui</strong></span> <span class='ocrx_word' id='word_1_522' title='bbox 1697 3358 1801 3424; x_wconf 64' lang='lat' dir='ltr'><strong>secreti</strong></span> 
     </span>
     <span class='ocr_line' id='line_1_36' title="bbox 105 3442 1845 3524; baseline 0 -26"><span class='ocrx_word' id='word_1_523' title='bbox 105 3450 206 3498; x_wconf 88' lang='lat' dir='ltr'><strong>stratus</strong></span> <span class='ocrx_word' id='word_1_524' title='bbox 224 3444 315 3498; x_wconf 90' lang='lat' dir='ltr'><strong>Deum</strong></span> <span class='ocrx_word' id='word_1_525' title='bbox 335 3448 410 3497; x_wconf 88' lang='lat' dir='ltr'><strong>recte</strong></span> <span class='ocrx_word' id='word_1_526' title='bbox 426 3458 591 3513; x_wconf 88' lang='lat' dir='ltr'><strong>agnoscere,</strong></span> <span class='ocrx_word' id='word_1_527' title='bbox 617 3442 715 3497; x_wconf 89' lang='lat' dir='ltr'><strong>timere</strong></span> <span class='ocrx_word' id='word_1_528' title='bbox 733 3458 767 3496; x_wconf 88' lang='lat' dir='ltr'><strong>ac</strong></span> <span class='ocrx_word' id='word_1_529' title='bbox 787 3443 876 3497; x_wconf 89' lang='lat' dir='ltr'><strong>colere</strong></span> <span class='ocrx_word' id='word_1_530' title='bbox 897 3443 937 3496; x_wconf 89' lang='lat' dir='ltr'><strong>di·</strong></span> <span class='ocrx_word' id='word_1_531' title='bbox 964 3446 1060 3498; x_wconf 88' lang='lat' dir='ltr'><strong>omnia</strong></span> <span class='ocrx_word' id='word_1_532' title='bbox 1076 3445 1156 3498; x_wconf 84' lang='grc'>99919</span> <span class='ocrx_word' id='word_1_533' title='bbox 1180 3452 1229 3497; x_wconf 89' lang='lat' dir='ltr'><strong>tuo</strong></span> <span class='ocrx_word' id='word_1_534' title='bbox 1256 3452 1282 3497; x_wconf 86' lang='lat' dir='ltr'><strong>ot</strong></span> <span class='ocrx_word' id='word_1_535' title='bbox 1298 3444 1442 3512; x_wconf 81' lang='lat' dir='ltr'><strong>sapientia</strong></span> <span class='ocrx_word' id='word_1_536' title='bbox 1458 3453 1508 3498; x_wconf 89' lang='lat' dir='ltr'><strong>tua</strong></span> <span class='ocrx_word' id='word_1_537' title='bbox 1527 3446 1695 3499; x_wconf 81' lang='lat' dir='ltr'><strong>constituisti</strong></span> <span class='ocrx_word' id='word_1_538' title='bbox 1711 3445 1798 3499; x_wconf 78' lang='lat' dir='ltr'><strong>homi·</strong></span> <span class='ocrx_word' id='word_1_539' title='bbox 1840 3510 1845 3524; x_wconf 75' lang='lat'><strong>.</strong></span> 
     </span>
     <span class='ocr_line' id='line_1_37' title="bbox 104 3528 1797 3600; baseline 0 -15"><span class='ocrx_word' id='word_1_540' title='bbox 104 3538 170 3585; x_wconf 86' lang='lat' dir='ltr'><strong>scat.</strong></span> <span class='ocrx_word' id='word_1_541' title='bbox 201 3530 263 3592; x_wconf 85' lang='lat' dir='ltr'><strong>Quo</strong></span> <span class='ocrx_word' id='word_1_542' title='bbox 294 3535 401 3600; x_wconf 87' lang='lat' dir='ltr'><strong>spectat</strong></span> <span class='ocrx_word' id='word_1_543' title='bbox 432 3544 592 3598; x_wconf 86' lang='lat' dir='ltr'><strong>expressum</strong></span> <span class='ocrx_word' id='word_1_544' title='bbox 622 3528 785 3583; x_wconf 89' lang='lat' dir='ltr'><strong>mandatum</strong></span> <span class='ocrx_word' id='word_1_545' title='bbox 813 3529 937 3583; x_wconf 84' lang='lat' dir='ltr'><strong>divinum</strong></span> <span class='ocrx_word' id='word_1_546' title='bbox 964 3548 1033 3594; x_wconf 86' lang='lat' dir='ltr'><strong>nem,</strong></span> <span class='ocrx_word' id='word_1_547' title='bbox 1051 3539 1080 3582; x_wconf 87' lang='lat' dir='ltr'><strong>ut</strong></span> <span class='ocrx_word' id='word_1_548' title='bbox 1100 3529 1296 3584; x_wconf 78' lang='lat' dir='ltr'><strong>dominaretur</strong></span> <span class='ocrx_word' id='word_1_549' title='bbox 1308 3536 1465 3597; x_wconf 83' lang='lat' dir='ltr'><strong>creaturae,</strong></span> <span class='ocrx_word' id='word_1_550' title='bbox 1486 3547 1557 3599; x_wconf 79' lang='lat' dir='ltr'><strong>qrrae</strong></span> <span class='ocrx_word' id='word_1_551' title='bbox 1570 3549 1589 3582; x_wconf 91' lang='lat' dir='ltr'><strong>a</strong></span> <span class='ocrx_word' id='word_1_552' title='bbox 1608 3539 1635 3584; x_wconf 88' lang='grc'><strong>19</strong></span> <span class='ocrx_word' id='word_1_553' title='bbox 1639 3533 1728 3600; x_wconf 87' lang='lat' dir='ltr'><strong>sacta</strong></span> <span class='ocrx_word' id='word_1_554' title='bbox 1748 3541 1797 3598; x_wconf 85' lang='lat' dir='ltr'><strong>est,</strong></span> 
     </span>
     <span class='ocr_line' id='line_1_38' title="bbox 104 3614 1797 3686; baseline 0.001 -16"><span class='ocrx_word' id='word_1_555' title='bbox 104 3618 183 3671; x_wconf 90' lang='lat' dir='ltr'><strong>Deut.</strong></span> <span class='ocrx_word' id='word_1_556' title='bbox 205 3623 243 3684; x_wconf 82' lang='grc'><strong>11,</strong></span> <span class='ocrx_word' id='word_1_557' title='bbox 262 3634 287 3670; x_wconf 84' lang='lat' dir='ltr'><strong>v.</strong></span> <span class='ocrx_word' id='word_1_558' title='bbox 310 3622 355 3671; x_wconf 81' lang='lat' dir='ltr'><strong>le:</strong></span> <span class='ocrx_word' id='word_1_559' title='bbox 375 3616 527 3684; x_wconf 84' lang='lat' dir='ltr'><strong>Postquam</strong></span> <span class='ocrx_word' id='word_1_560' title='bbox 544 3632 593 3668; x_wconf 80' lang='lat' dir='ltr'><strong>rea</strong></span> <span class='ocrx_word' id='word_1_561' title='bbox 604 3615 709 3668; x_wconf 77' lang='grc'>99919911</span> <span class='ocrx_word' id='word_1_562' title='bbox 723 3615 754 3667; x_wconf 88' lang='lat' dir='ltr'><strong>in</strong></span> <span class='ocrx_word' id='word_1_563' title='bbox 765 3614 839 3668; x_wconf 85' lang='lat' dir='ltr'><strong>solio</strong></span> <span class='ocrx_word' id='word_1_564' title='bbox 857 3618 939 3686; x_wconf 79' lang='grc'>99991</span> <span class='ocrx_word' id='word_1_565' title='bbox 964 3622 1016 3673; x_wconf 82' lang='lat' dir='ltr'><strong>etc.</strong></span> <span class='ocrx_word' id='word_1_566' title='bbox 1038 3618 1077 3669; x_wconf 88' lang='lat' dir='ltr'><strong>da</strong></span> <span class='ocrx_word' id='word_1_567' title='bbox 1094 3615 1163 3669; x_wconf 77' lang='lat' dir='ltr'><strong>mibi</strong></span> <span class='ocrx_word' id='word_1_568' title='bbox 1179 3615 1288 3668; x_wconf 86' lang='lat' dir='ltr'><strong>aedium</strong></span> <span class='ocrx_word' id='word_1_569' title='bbox 1306 3623 1419 3668; x_wconf 73' lang='lat' dir='ltr'><strong>tuarum</strong></span> <span class='ocrx_word' id='word_1_570' title='bbox 1438 3615 1609 3670; x_wconf 71' lang='grc'>9991991999</span> <span class='ocrx_word' id='word_1_571' title='bbox 1626 3618 1797 3686; x_wconf 80' lang='lat' dir='ltr'><strong>sapientium</strong></span> 
     </span>
     <span class='ocr_line' id='line_1_39' title="bbox 103 3700 1798 3772; baseline 0.002 -17"><span class='ocrx_word' id='word_1_572' title='bbox 103 3705 155 3770; x_wconf 83' lang='lat' dir='ltr'><strong>sui,</strong></span> <span class='ocrx_word' id='word_1_573' title='bbox 174 3704 311 3756; x_wconf 79' lang='lat' dir='ltr'><strong>describet</strong></span> <span class='ocrx_word' id='word_1_574' title='bbox 328 3703 384 3755; x_wconf 86' lang='lat' dir='ltr'><strong>sibi</strong></span> <span class='ocrx_word' id='word_1_575' title='bbox 401 3702 639 3755; x_wconf 79' lang='lat' dir='ltr'><strong>deuteronomium</strong></span> <span class='ocrx_word' id='word_1_576' title='bbox 658 3702 730 3768; x_wconf 84' lang='grc'>19919</span> <span class='ocrx_word' id='word_1_577' title='bbox 742 3701 826 3769; x_wconf 82' lang='lat' dir='ltr'><strong>bajus</strong></span> <span class='ocrx_word' id='word_1_578' title='bbox 844 3702 874 3754; x_wconf 87' lang='lat' dir='ltr'><strong>in</strong></span> <span class='ocrx_word' id='word_1_579' title='bbox 891 3721 936 3756; x_wconf 86' lang='lat' dir='ltr'><strong>oo·</strong></span> <span class='ocrx_word' id='word_1_580' title='bbox 964 3714 989 3758; x_wconf 89' lang='grc'><strong>91</strong></span> <span class='ocrx_word' id='word_1_581' title='bbox 1008 3703 1071 3757; x_wconf 88' lang='grc'>9911</span> <span class='ocrx_word' id='word_1_582' title='bbox 1087 3719 1129 3755; x_wconf 91' lang='lat' dir='ltr'><strong>me</strong></span> <span class='ocrx_word' id='word_1_583' title='bbox 1142 3701 1295 3772; x_wconf 84' lang='lat' dir='ltr'><strong>reprobare</strong></span> <span class='ocrx_word' id='word_1_584' title='bbox 1312 3718 1330 3753; x_wconf 91' lang='grc'><strong>9</strong></span> <span class='ocrx_word' id='word_1_585' title='bbox 1342 3701 1431 3754; x_wconf 83' lang='lat' dir='ltr'><strong>seruis</strong></span> <span class='ocrx_word' id='word_1_586' title='bbox 1443 3700 1499 3754; x_wconf 80' lang='lat' dir='ltr'><strong>tuis</strong></span> <span class='ocrx_word' id='word_1_587' title='bbox 1512 3709 1563 3758; x_wconf 86' lang='lat' dir='ltr'><strong>etc.</strong></span> <span class='ocrx_word' id='word_1_588' title='bbox 1592 3701 1636 3758; x_wconf 90' lang='lat' dir='ltr'><strong>De</strong></span> <span class='ocrx_word' id='word_1_589' title='bbox 1651 3702 1750 3759; x_wconf 79' lang='lat' dir='ltr'><strong>Catulo</strong></span> <span class='ocrx_word' id='word_1_590' title='bbox 1762 3703 1798 3760; x_wconf 87' lang='lat' dir='ltr'><strong>V.</strong></span> 
     </span>
     <span class='ocr_line' id='line_1_40' title="bbox 102 3785 1798 3858; baseline 0.001 -15"><span class='ocrx_word' id='word_1_591' title='bbox 102 3791 205 3843; x_wconf 83' lang='lat' dir='ltr'><strong>lumine</strong></span> <span class='ocrx_word' id='word_1_592' title='bbox 224 3790 365 3858; x_wconf 82' lang='lat' dir='ltr'><strong>accipiens</strong></span> <span class='ocrx_word' id='word_1_593' title='bbox 385 3789 529 3857; x_wconf 74' lang='lat' dir='ltr'><strong>exemplar</strong></span> <span class='ocrx_word' id='word_1_594' title='bbox 548 3806 567 3840; x_wconf 94' lang='lat' dir='ltr'><strong>a</strong></span> <span class='ocrx_word' id='word_1_595' title='bbox 584 3787 777 3841; x_wconf 78' lang='grc'>999999911199</span> <span class='ocrx_word' id='word_1_596' title='bbox 797 3789 936 3843; x_wconf 60' lang='lat' dir='ltr'><strong>leviticae</strong></span> <span class='ocrx_word' id='word_1_597' title='bbox 965 3789 1120 3844; x_wconf 84' lang='lat' dir='ltr'><strong>Zenocarus</strong></span> <span class='ocrx_word' id='word_1_598' title='bbox 1140 3786 1169 3839; x_wconf 93' lang='lat' dir='ltr'><strong>in</strong></span> <span class='ocrx_word' id='word_1_599' title='bbox 1187 3785 1274 3855; x_wconf 90' lang='lat' dir='ltr'><strong>ipsius</strong></span> <span class='ocrx_word' id='word_1_600' title='bbox 1292 3785 1351 3839; x_wconf 83' lang='lat' dir='ltr'><strong>vita</strong></span> <span class='ocrx_word' id='word_1_601' title='bbox 1368 3785 1462 3854; x_wconf 80' lang='lat' dir='ltr'><strong>refert,</strong></span> <span class='ocrx_word' id='word_1_602' title='bbox 1480 3787 1555 3855; x_wconf 92' lang='lat' dir='ltr'><strong>quod</strong></span> <span class='ocrx_word' id='word_1_603' title='bbox 1572 3787 1601 3842; x_wconf 92' lang='lat' dir='ltr'><strong>in</strong></span> <span class='ocrx_word' id='word_1_604' title='bbox 1619 3789 1748 3857; x_wconf 88' lang='lat' dir='ltr'><strong>precibus</strong></span> <span class='ocrx_word' id='word_1_605' title='bbox 1760 3789 1798 3844; x_wconf 82' lang='lat' dir='ltr'><strong>ad</strong></span> 
     </span>
     <span class='ocr_line' id='line_1_41' title="bbox 103 3860 1800 3946; baseline 0.001 -18"><span class='ocrx_word' id='word_1_606' title='bbox 103 3877 189 3928; x_wconf 76' lang='grc'>191199</span> <span class='ocrx_word' id='word_1_607' title='bbox 208 3883 234 3928; x_wconf 87' lang='grc'><strong>91</strong></span> <span class='ocrx_word' id='word_1_608' title='bbox 251 3875 361 3928; x_wconf 86' lang='lat' dir='ltr'><strong>babebit</strong></span> <span class='ocrx_word' id='word_1_609' title='bbox 377 3890 469 3927; x_wconf 86' lang='lat' dir='ltr'><strong>secum</strong></span> <span class='ocrx_word' id='word_1_610' title='bbox 488 3873 706 3943; x_wconf 79' lang='grc'>19991999111991</span> <span class='ocrx_word' id='word_1_611' title='bbox 732 3860 936 3927; x_wconf 71' lang='grc'>9999119919-</span> <span class='ocrx_word' id='word_1_612' title='bbox 963 3875 1055 3929; x_wconf 93' lang='lat' dir='ltr'><strong>Deum</strong></span> <span class='ocrx_word' id='word_1_613' title='bbox 1078 3871 1227 3927; x_wconf 83' lang='lat' dir='ltr'><strong>fundendis</strong></span> <span class='ocrx_word' id='word_1_614' title='bbox 1251 3870 1335 3926; x_wconf 85' lang='lat' dir='ltr'><strong>fuerit</strong></span> <span class='ocrx_word' id='word_1_615' title='bbox 1360 3871 1496 3943; x_wconf 89' lang='lat' dir='ltr'><strong>assiduus,</strong></span> <span class='ocrx_word' id='word_1_616' title='bbox 1516 3874 1591 3928; x_wconf 90' lang='lat' dir='ltr'><strong>unde</strong></span> <span class='ocrx_word' id='word_1_617' title='bbox 1613 3874 1700 3946; x_wconf 90' lang='lat' dir='ltr'><strong>ipsius</strong></span> <span class='ocrx_word' id='word_1_618' title='bbox 1716 3874 1800 3929; x_wconf 88' lang='lat' dir='ltr'><strong>aulici</strong></span> 
     </span>
     <span class='ocr_line' id='line_1_42' title="bbox 103 3957 1800 4029; baseline 0.001 -16"><span class='ocrx_word' id='word_1_619' title='bbox 103 3963 153 4013; x_wconf 80' lang='lat' dir='ltr'><strong>bus</strong></span> <span class='ocrx_word' id='word_1_620' title='bbox 177 3961 251 4014; x_wconf 87' lang='lat' dir='ltr'><strong>vitae</strong></span> <span class='ocrx_word' id='word_1_621' title='bbox 273 3978 354 4023; x_wconf 87' lang='grc'>9999,</span> <span class='ocrx_word' id='word_1_622' title='bbox 384 3968 414 4014; x_wconf 88' lang='grc'><strong>91</strong></span> <span class='ocrx_word' id='word_1_623' title='bbox 439 3960 532 4014; x_wconf 81' lang='grc'>9119991</span> <span class='ocrx_word' id='word_1_624' title='bbox 556 3960 653 4012; x_wconf 82' lang='lat' dir='ltr'><strong>timere</strong></span> <span class='ocrx_word' id='word_1_625' title='bbox 672 3958 825 4012; x_wconf 89' lang='lat' dir='ltr'><strong>Dominum</strong></span> <span class='ocrx_word' id='word_1_626' title='bbox 843 3961 936 4012; x_wconf 91' lang='lat' dir='ltr'><strong>Deum</strong></span> <span class='ocrx_word' id='word_1_627' title='bbox 965 3959 1000 4013; x_wconf 93' lang='lat' dir='ltr'><strong>de</strong></span> <span class='ocrx_word' id='word_1_628' title='bbox 1018 3975 1051 4013; x_wconf 91' lang='lat' dir='ltr'><strong>eo</strong></span> <span class='ocrx_word' id='word_1_629' title='bbox 1071 3957 1213 4024; x_wconf 82' lang='lat' dir='ltr'><strong>dixerunt,</strong></span> <span class='ocrx_word' id='word_1_630' title='bbox 1242 3957 1317 4026; x_wconf 91' lang='lat' dir='ltr'><strong>quod</strong></span> <span class='ocrx_word' id='word_1_631' title='bbox 1337 3958 1452 4026; x_wconf 85' lang='lat' dir='ltr'><strong>saepius</strong></span> <span class='ocrx_word' id='word_1_632' title='bbox 1471 3975 1533 4012; x_wconf 80' lang='lat' dir='ltr'><strong>curn</strong></span> <span class='ocrx_word' id='word_1_633' title='bbox 1553 3961 1616 4014; x_wconf 86' lang='lat' dir='ltr'><strong>Deo</strong></span> <span class='ocrx_word' id='word_1_634' title='bbox 1634 3977 1718 4029; x_wconf 80' lang='lat' dir='ltr'><strong>quam</strong></span> <span class='ocrx_word' id='word_1_635' title='bbox 1738 3978 1800 4015; x_wconf 79' lang='lat' dir='ltr'><strong>cunr</strong></span> 
     </span>
     <span class='ocr_line' id='line_1_43' title="bbox 102 4044 1800 4115; baseline 0.001 -16"><span class='ocrx_word' id='word_1_636' title='bbox 102 4063 182 4099; x_wconf 84' lang='lat' dir='ltr'><strong>suum</strong></span> <span class='ocrx_word' id='word_1_637' title='bbox 205 4053 231 4098; x_wconf 91' lang='grc'><strong>91</strong></span> <span class='ocrx_word' id='word_1_638' title='bbox 255 4047 398 4100; x_wconf 81' lang='grc'>9991991199</span> <span class='ocrx_word' id='word_1_639' title='bbox 421 4046 507 4099; x_wconf 83' lang='lat' dir='ltr'><strong>uerba</strong></span> <span class='ocrx_word' id='word_1_640' title='bbox 524 4051 550 4098; x_wconf 91' lang='grc'><strong>91</strong></span> <span class='ocrx_word' id='word_1_641' title='bbox 569 4044 739 4098; x_wconf 84' lang='lat' dir='ltr'><strong>ceremonias</strong></span> <span class='ocrx_word' id='word_1_642' title='bbox 757 4044 833 4109; x_wconf 79' lang='lat' dir='ltr'><strong>eius,</strong></span> <span class='ocrx_word' id='word_1_643' title='bbox 866 4061 937 4112; x_wconf 87' lang='lat' dir='ltr'><strong>quae</strong></span> <span class='ocrx_word' id='word_1_644' title='bbox 964 4045 1122 4098; x_wconf 78' lang='lat' dir='ltr'><strong>bominibus</strong></span> <span class='ocrx_word' id='word_1_645' title='bbox 1147 4044 1316 4113; x_wconf 80' lang='lat' dir='ltr'><strong>loqueretur.</strong></span> <span class='ocrx_word' id='word_1_646' title='bbox 1354 4046 1380 4097; x_wconf 88' lang='lat'><strong>2.</strong></span> <span class='ocrx_word' id='word_1_647' title='bbox 1403 4044 1589 4112; x_wconf 76' lang='lat' dir='ltr'><strong>subjectionis</strong></span> <span class='ocrx_word' id='word_1_648' title='bbox 1616 4063 1685 4115; x_wconf 77' lang='grc'>9999</span> <span class='ocrx_word' id='word_1_649' title='bbox 1705 4049 1800 4101; x_wconf 86' lang='lat' dir='ltr'><strong>Deum</strong></span> 
     </span>
     <span class='ocr_line' id='line_1_44' title="bbox 102 4128 1801 4201; baseline 0.002 -16"><span class='ocrx_word' id='word_1_650' title='bbox 102 4135 134 4185; x_wconf 87' lang='lat' dir='ltr'><strong>in</strong></span> <span class='ocrx_word' id='word_1_651' title='bbox 153 4133 212 4199; x_wconf 88' lang='grc'>1999</span> <span class='ocrx_word' id='word_1_652' title='bbox 229 4141 382 4201; x_wconf 79' lang='lat' dir='ltr'><strong>praecepta</strong></span> <span class='ocrx_word' id='word_1_653' title='bbox 402 4139 476 4185; x_wconf 84' lang='lat' dir='ltr'><strong>sunt.</strong></span> <span class='ocrx_word' id='word_1_654' title='bbox 512 4131 559 4184; x_wconf 82' lang='lat' dir='ltr'><strong>Ad</strong></span> <span class='ocrx_word' id='word_1_655' title='bbox 578 4130 694 4185; x_wconf 80' lang='lat' dir='ltr'><strong>bosnam</strong></span> <span class='ocrx_word' id='word_1_656' title='bbox 712 4128 781 4184; x_wconf 90' lang='lat' dir='ltr'><strong>dicit</strong></span> <span class='ocrx_word' id='word_1_657' title='bbox 801 4128 937 4185; x_wconf 87' lang='lat' dir='ltr'><strong>Dominus</strong></span> <span class='ocrx_word' id='word_1_658' title='bbox 967 4131 1122 4184; x_wconf 80' lang='lat' dir='ltr'><strong>humilitas.</strong></span> <span class='ocrx_word' id='word_1_659' title='bbox 1157 4129 1303 4201; x_wconf 84' lang='lat' dir='ltr'><strong>Agnoscat</strong></span> <span class='ocrx_word' id='word_1_660' title='bbox 1320 4129 1517 4201; x_wconf 84' lang='lat' dir='ltr'><strong>magistratus,</strong></span> <span class='ocrx_word' id='word_1_661' title='bbox 1544 4132 1652 4187; x_wconf 89' lang='lat' dir='ltr'><strong>etiamsi</strong></span> <span class='ocrx_word' id='word_1_662' title='bbox 1670 4131 1699 4187; x_wconf 90' lang='lat' dir='ltr'><strong>in</strong></span> <span class='ocrx_word' id='word_1_663' title='bbox 1720 4133 1801 4188; x_wconf 88' lang='lat' dir='ltr'><strong>terris</strong></span> 
     </span>
     <span class='ocr_line' id='line_1_45' title="bbox 103 4214 1800 4287; baseline -0.001 -14"><span class='ocrx_word' id='word_1_664' title='bbox 103 4219 161 4274; x_wconf 85' lang='lat' dir='ltr'><strong>Jos.</strong></span> <span class='ocrx_word' id='word_1_665' title='bbox 183 4222 204 4282; x_wconf 89' lang='grc'><strong>1,</strong></span> <span class='ocrx_word' id='word_1_666' title='bbox 222 4232 247 4269; x_wconf 86' lang='lat' dir='ltr'><strong>v.</strong></span> <span class='ocrx_word' id='word_1_667' title='bbox 268 4221 297 4271; x_wconf 85' lang='lat'><strong>8:</strong></span> <span class='ocrx_word' id='word_1_668' title='bbox 332 4220 398 4272; x_wconf 85' lang='lat' dir='ltr'><strong>Non</strong></span> <span class='ocrx_word' id='word_1_669' title='bbox 422 4219 537 4271; x_wconf 82' lang='lat' dir='ltr'><strong>recedat</strong></span> <span class='ocrx_word' id='word_1_670' title='bbox 556 4216 684 4269; x_wconf 80' lang='lat' dir='ltr'><strong>volumen</strong></span> <span class='ocrx_word' id='word_1_671' title='bbox 707 4215 780 4284; x_wconf 80' lang='grc'>19919</span> <span class='ocrx_word' id='word_1_672' title='bbox 798 4217 882 4285; x_wconf 83' lang='lat' dir='ltr'><strong>bajus</strong></span> <span class='ocrx_word' id='word_1_673' title='bbox 901 4217 938 4269; x_wconf 91' lang='lat' dir='ltr'><strong>ab</strong></span> <span class='ocrx_word' id='word_1_674' title='bbox 964 4233 1088 4273; x_wconf 91' lang='lat' dir='ltr'><strong>summus</strong></span> <span class='ocrx_word' id='word_1_675' title='bbox 1109 4215 1161 4284; x_wconf 90' lang='lat' dir='ltr'><strong>sit,</strong></span> <span class='ocrx_word' id='word_1_676' title='bbox 1189 4231 1249 4270; x_wconf 90' lang='lat' dir='ltr'><strong>esse</strong></span> <span class='ocrx_word' id='word_1_677' title='bbox 1269 4215 1298 4269; x_wconf 90' lang='lat' dir='ltr'><strong>in</strong></span> <span class='ocrx_word' id='word_1_678' title='bbox 1317 4214 1402 4271; x_wconf 89' lang='lat' dir='ltr'><strong>coelis</strong></span> <span class='ocrx_word' id='word_1_679' title='bbox 1424 4232 1519 4287; x_wconf 89' lang='lat' dir='ltr'><strong>regem</strong></span> <span class='ocrx_word' id='word_1_680' title='bbox 1541 4219 1724 4287; x_wconf 87' lang='lat' dir='ltr'><strong>superiorem,</strong></span> <span class='ocrx_word' id='word_1_681' title='bbox 1751 4217 1800 4287; x_wconf 91' lang='lat' dir='ltr'><strong>qui</strong></span> 
     </span>
     <span class='ocr_line' id='line_1_46' title="bbox 104 4301 1801 4372; baseline 0.001 -15"><span class='ocrx_word' id='word_1_682' title='bbox 104 4320 153 4357; x_wconf 83' lang='lat' dir='ltr'><strong>ore</strong></span> <span class='ocrx_word' id='word_1_683' title='bbox 174 4310 233 4365; x_wconf 88' lang='lat' dir='ltr'><strong>tuo,</strong></span> <span class='ocrx_word' id='word_1_684' title='bbox 261 4304 312 4354; x_wconf 82' lang='lat' dir='ltr'><strong>sed</strong></span> <span class='ocrx_word' id='word_1_685' title='bbox 334 4303 514 4356; x_wconf 76' lang='lat' dir='ltr'><strong>meditaberis</strong></span> <span class='ocrx_word' id='word_1_686' title='bbox 531 4303 563 4356; x_wconf 86' lang='lat' dir='ltr'><strong>in</strong></span> <span class='ocrx_word' id='word_1_687' title='bbox 581 4318 613 4355; x_wconf 87' lang='lat' dir='ltr'><strong>eo</strong></span> <span class='ocrx_word' id='word_1_688' title='bbox 635 4301 732 4354; x_wconf 81' lang='lat' dir='ltr'><strong>diebus</strong></span> <span class='ocrx_word' id='word_1_689' title='bbox 750 4319 786 4354; x_wconf 90' lang='grc'><strong>99</strong></span> <span class='ocrx_word' id='word_1_690' title='bbox 802 4303 937 4369; x_wconf 83' lang='lat' dir='ltr'><strong>noctibus,</strong></span> <span class='ocrx_word' id='word_1_691' title='bbox 964 4310 1006 4360; x_wconf 89' lang='lat' dir='ltr'><strong>est</strong></span> <span class='ocrx_word' id='word_1_692' title='bbox 1024 4319 1075 4356; x_wconf 80' lang='lat' dir='ltr'><strong>rea</strong></span> <span class='ocrx_word' id='word_1_693' title='bbox 1092 4318 1189 4369; x_wconf 78' lang='grc'>999999</span> <span class='ocrx_word' id='word_1_694' title='bbox 1209 4307 1237 4355; x_wconf 88' lang='grc'><strong>91</strong></span> <span class='ocrx_word' id='word_1_695' title='bbox 1255 4302 1385 4356; x_wconf 53' lang='lat' dir='ltr'><strong>&amp;minus</strong></span> <span class='ocrx_word' id='word_1_696' title='bbox 1409 4302 1615 4356; x_wconf 80' lang='lat' dir='ltr'><strong>dominantium</strong></span> <span class='ocrx_word' id='word_1_697' title='bbox 1643 4306 1664 4356; x_wconf 89' lang='grc'><strong>1.</strong></span> <span class='ocrx_word' id='word_1_698' title='bbox 1682 4303 1754 4359; x_wconf 78' lang='lat' dir='ltr'><strong>&#39;lina</strong></span> <span class='ocrx_word' id='word_1_699' title='bbox 1774 4309 1801 4372; x_wconf 84' lang='grc'>6,</span> 
     </span>
     <span class='ocr_line' id='line_1_47' title="bbox 104 4386 1800 4458; baseline 0.001 -16"><span class='ocrx_word' id='word_1_700' title='bbox 104 4397 134 4442; x_wconf 85' lang='grc'><strong>91</strong></span> <span class='ocrx_word' id='word_1_701' title='bbox 151 4388 296 4441; x_wconf 77' lang='grc'>9991991199</span> <span class='ocrx_word' id='word_1_702' title='bbox 315 4397 341 4440; x_wconf 86' lang='grc'><strong>91</strong></span> <span class='ocrx_word' id='word_1_703' title='bbox 359 4389 457 4451; x_wconf 83' lang='lat' dir='ltr'><strong>facias</strong></span> <span class='ocrx_word' id='word_1_704' title='bbox 480 4388 583 4453; x_wconf 89' lang='lat' dir='ltr'><strong>omnia,</strong></span> <span class='ocrx_word' id='word_1_705' title='bbox 609 4402 681 4454; x_wconf 81' lang='lat' dir='ltr'><strong>quae</strong></span> <span class='ocrx_word' id='word_1_706' title='bbox 701 4386 811 4455; x_wconf 78' lang='grc'>9991919</span> <span class='ocrx_word' id='word_1_707' title='bbox 828 4395 890 4440; x_wconf 85' lang='lat' dir='ltr'><strong>sunt</strong></span> <span class='ocrx_word' id='word_1_708' title='bbox 907 4389 937 4441; x_wconf 87' lang='lat' dir='ltr'><strong>in</strong></span> <span class='ocrx_word' id='word_1_709' title='bbox 964 4408 989 4445; x_wconf 84' lang='lat' dir='ltr'><strong>v.</strong></span> <span class='ocrx_word' id='word_1_710' title='bbox 1012 4396 1051 4445; x_wconf 81' lang='lat'><strong>15.</strong></span> <span class='ocrx_word' id='word_1_711' title='bbox 1088 4387 1177 4457; x_wconf 83' lang='lat' dir='ltr'><strong>Apoc.</strong></span> <span class='ocrx_word' id='word_1_712' title='bbox 1198 4394 1244 4454; x_wconf 85' lang='grc'><strong>11,</strong></span> <span class='ocrx_word' id='word_1_713' title='bbox 1268 4404 1294 4439; x_wconf 86' lang='lat' dir='ltr'><strong>v.</strong></span> <span class='ocrx_word' id='word_1_714' title='bbox 1317 4393 1356 4443; x_wconf 83' lang='grc'><strong>14.</strong></span> <span class='ocrx_word' id='word_1_715' title='bbox 1377 4393 1526 4458; x_wconf 85' lang='lat' dir='ltr'><strong>agnoscat,</strong></span> <span class='ocrx_word' id='word_1_716' title='bbox 1553 4387 1589 4442; x_wconf 92' lang='lat' dir='ltr'><strong>ab</strong></span> <span class='ocrx_word' id='word_1_717' title='bbox 1607 4387 1655 4442; x_wconf 92' lang='lat' dir='ltr'><strong>illo</strong></span> <span class='ocrx_word' id='word_1_718' title='bbox 1672 4404 1702 4442; x_wconf 91' lang='lat' dir='ltr'><strong>se</strong></span> <span class='ocrx_word' id='word_1_719' title='bbox 1720 4405 1800 4444; x_wconf 83' lang='lat' dir='ltr'><strong>suam</strong></span> 
     </span>
     <span class='ocr_line' id='line_1_48' title="bbox 104 4471 1800 4543; baseline 0.001 -16"><span class='ocrx_word' id='word_1_720' title='bbox 104 4491 150 4537; x_wconf 85' lang='lat' dir='ltr'><strong>eo,</strong></span> <span class='ocrx_word' id='word_1_721' title='bbox 178 4474 246 4541; x_wconf 78' lang='lat' dir='ltr'><strong>quio</strong></span> <span class='ocrx_word' id='word_1_722' title='bbox 264 4481 328 4525; x_wconf 85' lang='grc'>1999</span> <span class='ocrx_word' id='word_1_723' title='bbox 341 4489 510 4542; x_wconf 79' lang='lat' dir='ltr'><strong>prosperam</strong></span> <span class='ocrx_word' id='word_1_724' title='bbox 520 4471 620 4540; x_wconf 84' lang='lat' dir='ltr'><strong>facies</strong></span> <span class='ocrx_word' id='word_1_725' title='bbox 636 4471 711 4524; x_wconf 83' lang='lat' dir='ltr'><strong>uiam</strong></span> <span class='ocrx_word' id='word_1_726' title='bbox 731 4478 808 4525; x_wconf 89' lang='lat' dir='ltr'><strong>tuam</strong></span> <span class='ocrx_word' id='word_1_727' title='bbox 826 4480 852 4526; x_wconf 88' lang='grc'><strong>91</strong></span> <span class='ocrx_word' id='word_1_728' title='bbox 867 4492 937 4542; x_wconf 78' lang='lat' dir='ltr'><strong>pru-</strong></span> <span class='ocrx_word' id='word_1_729' title='bbox 964 4475 1089 4530; x_wconf 90' lang='lat' dir='ltr'><strong>obtinere</strong></span> <span class='ocrx_word' id='word_1_730' title='bbox 1108 4476 1274 4543; x_wconf 83' lang='lat' dir='ltr'><strong>potestatem</strong></span> <span class='ocrx_word' id='word_1_731' title='bbox 1294 4488 1328 4527; x_wconf 91' lang='lat' dir='ltr'><strong>ac</strong></span> <span class='ocrx_word' id='word_1_732' title='bbox 1344 4472 1380 4526; x_wconf 91' lang='lat' dir='ltr'><strong>de</strong></span> <span class='ocrx_word' id='word_1_733' title='bbox 1397 4488 1450 4526; x_wconf 92' lang='lat' dir='ltr'><strong>usu</strong></span> <span class='ocrx_word' id='word_1_734' title='bbox 1470 4473 1515 4528; x_wconf 87' lang='lat' dir='ltr'><strong>vel</strong></span> <span class='ocrx_word' id='word_1_735' title='bbox 1541 4472 1630 4527; x_wconf 90' lang='lat' dir='ltr'><strong>abusu</strong></span> <span class='ocrx_word' id='word_1_736' title='bbox 1654 4474 1800 4543; x_wconf 85' lang='lat' dir='ltr'><strong>potestatis</strong></span> 
     </span>
     <span class='ocr_line' id='line_1_49' title="bbox 103 4556 1799 4628; baseline 0.001 -14"><span class='ocrx_word' id='word_1_737' title='bbox 103 4563 200 4614; x_wconf 79' lang='lat' dir='ltr'><strong>denter</strong></span> <span class='ocrx_word' id='word_1_738' title='bbox 219 4572 294 4625; x_wconf 85' lang='grc'>9999,</span> <span class='ocrx_word' id='word_1_739' title='bbox 313 4575 346 4613; x_wconf 84' lang='lat' dir='ltr'><strong>ex</strong></span> <span class='ocrx_word' id='word_1_740' title='bbox 365 4574 420 4628; x_wconf 91' lang='lat' dir='ltr'><strong>quo</strong></span> <span class='ocrx_word' id='word_1_741' title='bbox 438 4558 499 4612; x_wconf 92' lang='lat' dir='ltr'><strong>loco</strong></span> <span class='ocrx_word' id='word_1_742' title='bbox 510 4557 604 4613; x_wconf 85' lang='lat' dir='ltr'><strong>David</strong></span> <span class='ocrx_word' id='word_1_743' title='bbox 624 4556 761 4627; x_wconf 90' lang='lat' dir='ltr'><strong>propheta</strong></span> <span class='ocrx_word' id='word_1_744' title='bbox 779 4558 874 4628; x_wconf 87' lang='lat' dir='ltr'><strong>regius</strong></span> <span class='ocrx_word' id='word_1_745' title='bbox 892 4561 937 4616; x_wconf 87' lang='lat' dir='ltr'><strong>be·</strong></span> <span class='ocrx_word' id='word_1_746' title='bbox 964 4561 1096 4618; x_wconf 84' lang='lat' dir='ltr'><strong>rationem</strong></span> <span class='ocrx_word' id='word_1_747' title='bbox 1114 4558 1264 4628; x_wconf 89' lang='lat' dir='ltr'><strong>aliquando</strong></span> <span class='ocrx_word' id='word_1_748' title='bbox 1277 4557 1450 4613; x_wconf 90' lang='lat' dir='ltr'><strong>reddendam</strong></span> <span class='ocrx_word' id='word_1_749' title='bbox 1467 4575 1534 4614; x_wconf 88' lang='lat' dir='ltr'><strong>esse.</strong></span> <span class='ocrx_word' id='word_1_750' title='bbox 1561 4558 1663 4627; x_wconf 84' lang='lat' dir='ltr'><strong>Psalm,</strong></span> <span class='ocrx_word' id='word_1_751' title='bbox 1678 4565 1702 4626; x_wconf 82' lang='lat'><strong>2,</strong></span> <span class='ocrx_word' id='word_1_752' title='bbox 1711 4577 1737 4612; x_wconf 86' lang='lat' dir='ltr'><strong>v.</strong></span> <span class='ocrx_word' id='word_1_753' title='bbox 1753 4566 1799 4616; x_wconf 85' lang='lat'><strong>10:</strong></span> 
     </span>
     <span class='ocr_line' id='line_1_50' title="bbox 102 4641 1800 4715; baseline 0 -15"><span class='ocrx_word' id='word_1_754' title='bbox 102 4654 178 4700; x_wconf 90' lang='lat' dir='ltr'><strong>atum</strong></span> <span class='ocrx_word' id='word_1_755' title='bbox 199 4644 277 4697; x_wconf 93' lang='lat' dir='ltr'><strong>illum</strong></span> <span class='ocrx_word' id='word_1_756' title='bbox 295 4643 472 4713; x_wconf 88' lang='lat' dir='ltr'><strong>pronuntiat,</strong></span> <span class='ocrx_word' id='word_1_757' title='bbox 496 4643 544 4713; x_wconf 89' lang='lat' dir='ltr'><strong>qui</strong></span> <span class='ocrx_word' id='word_1_758' title='bbox 562 4641 592 4697; x_wconf 82' lang='grc'><strong>19</strong></span> <span class='ocrx_word' id='word_1_759' title='bbox 606 4644 668 4711; x_wconf 86' lang='grc'>1999</span> <span class='ocrx_word' id='word_1_760' title='bbox 685 4643 804 4697; x_wconf 78' lang='lat' dir='ltr'><strong>Domini</strong></span> <span class='ocrx_word' id='word_1_761' title='bbox 818 4647 938 4700; x_wconf 86' lang='lat' dir='ltr'><strong>medita·</strong></span> <span class='ocrx_word' id='word_1_762' title='bbox 964 4650 1054 4715; x_wconf 80' lang='grc'>119999</span> <span class='ocrx_word' id='word_1_763' title='bbox 1079 4644 1239 4712; x_wconf 72' lang='lat' dir='ltr'><strong>intelligite,</strong></span> <span class='ocrx_word' id='word_1_764' title='bbox 1266 4644 1424 4711; x_wconf 82' lang='lat' dir='ltr'><strong>erudimini,</strong></span> <span class='ocrx_word' id='word_1_765' title='bbox 1449 4646 1500 4713; x_wconf 86' lang='lat' dir='ltr'><strong>qui</strong></span> <span class='ocrx_word' id='word_1_766' title='bbox 1522 4644 1659 4711; x_wconf 76' lang='lat' dir='ltr'><strong>iudicatis</strong></span> <span class='ocrx_word' id='word_1_767' title='bbox 1684 4652 1800 4712; x_wconf 79' lang='grc'>1999999,</span> 
     </span>
     <span class='ocr_line' id='line_1_51' title="bbox 103 4728 1801 4798; baseline 0.001 -13"><span class='ocrx_word' id='word_1_768' title='bbox 103 4741 148 4785; x_wconf 80' lang='lat' dir='ltr'><strong>tur</strong></span> <span class='ocrx_word' id='word_1_769' title='bbox 174 4733 221 4784; x_wconf 85' lang='lat' dir='ltr'><strong>die</strong></span> <span class='ocrx_word' id='word_1_770' title='bbox 244 4748 279 4782; x_wconf 85' lang='lat' dir='ltr'><strong>ao</strong></span> <span class='ocrx_word' id='word_1_771' title='bbox 302 4737 381 4782; x_wconf 87' lang='grc'>99919</span> <span class='ocrx_word' id='word_1_772' title='bbox 407 4728 509 4783; x_wconf 86' lang='lat' dir='ltr'><strong>Psalm.</strong></span> <span class='ocrx_word' id='word_1_773' title='bbox 532 4736 561 4797; x_wconf 92' lang='lat'><strong>1,</strong></span> <span class='ocrx_word' id='word_1_774' title='bbox 584 4748 609 4785; x_wconf 85' lang='lat' dir='ltr'><strong>v.</strong></span> <span class='ocrx_word' id='word_1_775' title='bbox 631 4736 655 4784; x_wconf 81' lang='grc'><strong>1.</strong></span> <span class='ocrx_word' id='word_1_776' title='bbox 673 4729 790 4798; x_wconf 80' lang='lat' dir='ltr'><strong>Jojsdas</strong></span> <span class='ocrx_word' id='word_1_777' title='bbox 814 4748 937 4787; x_wconf 91' lang='lat' dir='ltr'><strong>summus</strong></span> <span class='ocrx_word' id='word_1_778' title='bbox 963 4750 990 4788; x_wconf 84' lang='lat' dir='ltr'><strong>v.</strong></span> <span class='ocrx_word' id='word_1_779' title='bbox 1015 4738 1054 4788; x_wconf 94' lang='grc'><strong>11.</strong></span> <span class='ocrx_word' id='word_1_780' title='bbox 1089 4731 1190 4785; x_wconf 81' lang='lat' dir='ltr'><strong>servito</strong></span> <span class='ocrx_word' id='word_1_781' title='bbox 1213 4731 1337 4784; x_wconf 88' lang='lat' dir='ltr'><strong>Domino</strong></span> <span class='ocrx_word' id='word_1_782' title='bbox 1365 4747 1427 4783; x_wconf 87' lang='lat' dir='ltr'><strong>cum</strong></span> <span class='ocrx_word' id='word_1_783' title='bbox 1445 4729 1542 4783; x_wconf 82' lang='lat' dir='ltr'><strong>timore</strong></span> <span class='ocrx_word' id='word_1_784' title='bbox 1566 4738 1592 4784; x_wconf 85' lang='grc'><strong>91</strong></span> <span class='ocrx_word' id='word_1_785' title='bbox 1618 4732 1755 4787; x_wconf 72' lang='lat' dir='ltr'><strong>condicta</strong></span> <span class='ocrx_word' id='word_1_786' title='bbox 1773 4733 1801 4786; x_wconf 87' lang='lat' dir='ltr'><strong>ei</strong></span> 
     </span>
     <span class='ocr_line' id='line_1_52' title="bbox 104 4798 1798 4887; baseline 0.001 -16"><span class='ocrx_word' id='word_1_787' title='bbox 104 4818 231 4872; x_wconf 86' lang='lat' dir='ltr'><strong>sacerdos</strong></span> <span class='ocrx_word' id='word_1_788' title='bbox 257 4815 317 4887; x_wconf 86' lang='lat' dir='ltr'><strong>regi</strong></span> <span class='ocrx_word' id='word_1_789' title='bbox 345 4815 413 4871; x_wconf 85' lang='lat' dir='ltr'><strong>Joas</strong></span> <span class='ocrx_word' id='word_1_790' title='bbox 440 4815 469 4868; x_wconf 91' lang='lat' dir='ltr'><strong>in</strong></span> <span class='ocrx_word' id='word_1_791' title='bbox 495 4816 601 4871; x_wconf 90' lang='lat' dir='ltr'><strong>solenni</strong></span> <span class='ocrx_word' id='word_1_792' title='bbox 621 4798 938 4887; x_wconf 76' lang='lat' dir='ltr'><strong>inauguratione⁴tradit</strong></span> <span class='ocrx_word' id='word_1_793' title='bbox 963 4836 1026 4873; x_wconf 84' lang='lat' dir='ltr'><strong>cum</strong></span> <span class='ocrx_word' id='word_1_794' title='bbox 1045 4824 1172 4872; x_wconf 82' lang='lat' dir='ltr'><strong>tremore.</strong></span> <span class='ocrx_word' id='word_1_795' title='bbox 1213 4814 1278 4887; x_wconf 83' lang='lat' dir='ltr'><strong>Sap.</strong></span> <span class='ocrx_word' id='word_1_796' title='bbox 1297 4822 1321 4880; x_wconf 88' lang='grc'><strong>6,</strong></span> <span class='ocrx_word' id='word_1_797' title='bbox 1340 4833 1366 4871; x_wconf 85' lang='lat' dir='ltr'><strong>v.</strong></span> <span class='ocrx_word' id='word_1_798' title='bbox 1387 4820 1417 4868; x_wconf 80' lang='lat'><strong>2:</strong></span> <span class='ocrx_word' id='word_1_799' title='bbox 1444 4816 1552 4869; x_wconf 83' lang='lat' dir='ltr'><strong>Audite</strong></span> <span class='ocrx_word' id='word_1_800' title='bbox 1577 4819 1798 4885; x_wconf 80' lang='grc'>999999119191-</span> 
     </span>
     <span class='ocr_line' id='line_1_53' title="bbox 105 4899 1800 4974; baseline 0.001 -16"><span class='ocrx_word' id='word_1_801' title='bbox 105 4904 291 4959; x_wconf 82' lang='lat' dir='ltr'><strong>testimonium</strong></span> <span class='ocrx_word' id='word_1_802' title='bbox 320 4902 379 4955; x_wconf 84' lang='lat' dir='ltr'><strong>sive</strong></span> <span class='ocrx_word' id='word_1_803' title='bbox 404 4899 509 4955; x_wconf 90' lang='lat' dir='ltr'><strong>librum</strong></span> <span class='ocrx_word' id='word_1_804' title='bbox 532 4900 602 4972; x_wconf 89' lang='lat' dir='ltr'><strong>legis</strong></span> <span class='ocrx_word' id='word_1_805' title='bbox 634 4902 747 4973; x_wconf 73' lang='grc'>1.1199.</span> <span class='ocrx_word' id='word_1_806' title='bbox 769 4908 816 4967; x_wconf 90' lang='grc'><strong>11,</strong></span> <span class='ocrx_word' id='word_1_807' title='bbox 846 4920 873 4959; x_wconf 86' lang='lat' dir='ltr'><strong>v.</strong></span> <span class='ocrx_word' id='word_1_808' title='bbox 896 4912 937 4960; x_wconf 82' lang='grc'><strong>12.</strong></span> <span class='ocrx_word' id='word_1_809' title='bbox 965 4904 1044 4973; x_wconf 87' lang='grc'>119119</span> <span class='ocrx_word' id='word_1_810' title='bbox 1067 4911 1093 4957; x_wconf 89' lang='grc'><strong>91</strong></span> <span class='ocrx_word' id='word_1_811' title='bbox 1118 4903 1219 4956; x_wconf 84' lang='lat' dir='ltr'><strong>discito</strong></span> <span class='ocrx_word' id='word_1_812' title='bbox 1238 4902 1354 4970; x_wconf 79' lang='lat' dir='ltr'><strong>judiees</strong></span> <span class='ocrx_word' id='word_1_813' title='bbox 1377 4900 1475 4964; x_wconf 74' lang='lat' dir='ltr'><strong>finium</strong></span> <span class='ocrx_word' id='word_1_814' title='bbox 1501 4908 1609 4972; x_wconf 72' lang='lat' dir='ltr'><strong>terrae,</strong></span> <span class='ocrx_word' id='word_1_815' title='bbox 1636 4920 1662 4955; x_wconf 87' lang='lat' dir='ltr'><strong>v.</strong></span> <span class='ocrx_word' id='word_1_816' title='bbox 1687 4910 1713 4960; x_wconf 87' lang='grc'><strong>1.</strong></span> <span class='ocrx_word' id='word_1_817' title='bbox 1730 4905 1800 4974; x_wconf 82' lang='lat' dir='ltr'><strong>quia</strong></span> 
     </span>
     <span class='ocr_line' id='line_1_54' title="bbox 107 4986 1799 5058; baseline -0.002 -13"><span class='ocrx_word' id='word_1_818' title='bbox 107 4998 127 5045; x_wconf 91' lang='grc'><strong>1.</strong></span> <span class='ocrx_word' id='word_1_819' title='bbox 147 4990 237 5044; x_wconf 90' lang='lat' dir='ltr'><strong>Paral.</strong></span> <span class='ocrx_word' id='word_1_820' title='bbox 257 4995 305 5053; x_wconf 84' lang='lat'><strong>23,</strong></span> <span class='ocrx_word' id='word_1_821' title='bbox 333 5007 358 5041; x_wconf 81' lang='lat' dir='ltr'><strong>v.</strong></span> <span class='ocrx_word' id='word_1_822' title='bbox 382 4993 419 5042; x_wconf 86' lang='grc'><strong>11.</strong></span> <span class='ocrx_word' id='word_1_823' title='bbox 446 4993 478 5040; x_wconf 86' lang='lat' dir='ltr'><strong>ut</strong></span> <span class='ocrx_word' id='word_1_824' title='bbox 502 4988 692 5057; x_wconf 86' lang='lat' dir='ltr'><strong>admoneatur,</strong></span> <span class='ocrx_word' id='word_1_825' title='bbox 717 4988 865 5058; x_wconf 88' lang='lat' dir='ltr'><strong>diligenter</strong></span> <span class='ocrx_word' id='word_1_826' title='bbox 885 4990 937 5046; x_wconf 90' lang='lat' dir='ltr'><strong>sibi</strong></span> <span class='ocrx_word' id='word_1_827' title='bbox 968 4994 1038 5045; x_wconf 86' lang='lat' dir='ltr'><strong>data</strong></span> <span class='ocrx_word' id='word_1_828' title='bbox 1063 4989 1140 5043; x_wconf 84' lang='lat' dir='ltr'><strong>vobis</strong></span> <span class='ocrx_word' id='word_1_829' title='bbox 1159 4995 1286 5056; x_wconf 83' lang='lat' dir='ltr'><strong>potestas</strong></span> <span class='ocrx_word' id='word_1_830' title='bbox 1310 5005 1329 5039; x_wconf 91' lang='grc'><strong>9</strong></span> <span class='ocrx_word' id='word_1_831' title='bbox 1351 4986 1476 5040; x_wconf 88' lang='lat' dir='ltr'><strong>Domino</strong></span> <span class='ocrx_word' id='word_1_832' title='bbox 1500 4995 1526 5039; x_wconf 89' lang='grc'><strong>91</strong></span> <span class='ocrx_word' id='word_1_833' title='bbox 1548 4989 1638 5041; x_wconf 79' lang='lat' dir='ltr'><strong>uirtus</strong></span> <span class='ocrx_word' id='word_1_834' title='bbox 1657 4991 1693 5042; x_wconf 88' lang='lat' dir='ltr'><strong>ab</strong></span> <span class='ocrx_word' id='word_1_835' title='bbox 1711 4990 1799 5044; x_wconf 82' lang='lat' dir='ltr'><strong>Altis-</strong></span> 
     </span>
     <span class='ocr_line' id='line_1_55' title="bbox 10 5072 1799 5146; baseline 0 -17"><span class='ocrx_word' id='word_1_836' title='bbox 10 5077 56 5116; x_wconf 57' lang='lat' dir='ltr'><strong>iW·</strong></span> <span class='ocrx_word' id='word_1_837' title='bbox 70 5074 90 5116; x_wconf 79' lang='lat'><strong>³·</strong></span> <span class='ocrx_word' id='word_1_838' title='bbox 103 5076 180 5130; x_wconf 92' lang='lat' dir='ltr'><strong>illum</strong></span> <span class='ocrx_word' id='word_1_839' title='bbox 198 5091 258 5130; x_wconf 87' lang='lat' dir='ltr'><strong>esse</strong></span> <span class='ocrx_word' id='word_1_840' title='bbox 275 5073 466 5129; x_wconf 84' lang='lat' dir='ltr'><strong>evolvendum.</strong></span> <span class='ocrx_word' id='word_1_841' title='bbox 494 5072 586 5128; x_wconf 86' lang='lat' dir='ltr'><strong>Josias</strong></span> <span class='ocrx_word' id='word_1_842' title='bbox 604 5079 713 5143; x_wconf 84' lang='lat' dir='ltr'><strong>reperto</strong></span> <span class='ocrx_word' id='word_1_843' title='bbox 731 5074 802 5128; x_wconf 91' lang='lat' dir='ltr'><strong>libro</strong></span> <span class='ocrx_word' id='word_1_844' title='bbox 819 5074 889 5146; x_wconf 91' lang='lat' dir='ltr'><strong>legis</strong></span> <span class='ocrx_word' id='word_1_845' title='bbox 910 5077 938 5130; x_wconf 92' lang='lat' dir='ltr'><strong>in</strong></span> <span class='ocrx_word' id='word_1_846' title='bbox 964 5078 1051 5143; x_wconf 88' lang='lat' dir='ltr'><strong>simo,</strong></span> <span class='ocrx_word' id='word_1_847' title='bbox 1079 5075 1128 5144; x_wconf 78' lang='lat' dir='ltr'><strong>qui</strong></span> <span class='ocrx_word' id='word_1_848' title='bbox 1144 5074 1327 5142; x_wconf 67' lang='lat' dir='ltr'><strong>interrogabit</strong></span> <span class='ocrx_word' id='word_1_849' title='bbox 1348 5089 1436 5144; x_wconf 85' lang='lat' dir='ltr'><strong>opero</strong></span> <span class='ocrx_word' id='word_1_850' title='bbox 1456 5081 1550 5127; x_wconf 82' lang='lat' dir='ltr'><strong>uestra</strong></span> <span class='ocrx_word' id='word_1_851' title='bbox 1571 5078 1600 5127; x_wconf 77' lang='grc'><strong>’91</strong></span> <span class='ocrx_word' id='word_1_852' title='bbox 1617 5075 1799 5140; x_wconf 72' lang='lat' dir='ltr'><strong>cogitationes</strong></span> 
     </span>
     <span class='ocr_line' id='line_1_56' title="bbox 104 5158 1801 5231; baseline -0.001 -15"><span class='ocrx_word' id='word_1_853' title='bbox 104 5161 207 5231; x_wconf 84' lang='lat' dir='ltr'><strong>templo</strong></span> <span class='ocrx_word' id='word_1_854' title='bbox 225 5160 338 5215; x_wconf 91' lang='lat' dir='ltr'><strong>Domini</strong></span> <span class='ocrx_word' id='word_1_855' title='bbox 357 5165 438 5215; x_wconf 89' lang='lat' dir='ltr'><strong>curat</strong></span> <span class='ocrx_word' id='word_1_856' title='bbox 458 5175 521 5214; x_wconf 90' lang='lat' dir='ltr'><strong>eum</strong></span> <span class='ocrx_word' id='word_1_857' title='bbox 534 5159 649 5230; x_wconf 83' lang='lat' dir='ltr'><strong>publice</strong></span> <span class='ocrx_word' id='word_1_858' title='bbox 662 5161 795 5229; x_wconf 76' lang='grc'>99991991</span> <span class='ocrx_word' id='word_1_859' title='bbox 811 5166 840 5215; x_wconf 88' lang='grc'><strong>91</strong></span> <span class='ocrx_word' id='word_1_860' title='bbox 859 5162 938 5216; x_wconf 83' lang='lat' dir='ltr'><strong>audi·</strong></span> <span class='ocrx_word' id='word_1_861' title='bbox 964 5162 1140 5216; x_wconf 75' lang='grc'>9991911199.</span> <span class='ocrx_word' id='word_1_862' title='bbox 1176 5159 1352 5230; x_wconf 83' lang='lat' dir='ltr'><strong>Augustinus</strong></span> <span class='ocrx_word' id='word_1_863' title='bbox 1370 5158 1389 5214; x_wconf 88' lang='lat' dir='ltr'><strong>l.</strong></span> <span class='ocrx_word' id='word_1_864' title='bbox 1410 5158 1486 5212; x_wconf 81' lang='grc'>5.(19</span> <span class='ocrx_word' id='word_1_865' title='bbox 1504 5159 1556 5212; x_wconf 88' lang='lat' dir='ltr'><strong>civ.</strong></span> <span class='ocrx_word' id='word_1_866' title='bbox 1577 5158 1612 5214; x_wconf 93' lang='lat' dir='ltr'><strong>D.</strong></span> <span class='ocrx_word' id='word_1_867' title='bbox 1630 5176 1654 5213; x_wconf 90' lang='lat' dir='ltr'><strong>c.</strong></span> <span class='ocrx_word' id='word_1_868' title='bbox 1674 5166 1716 5218; x_wconf 77' lang='lat'><strong>24.</strong></span> <span class='ocrx_word' id='word_1_869' title='bbox 1732 5163 1801 5225; x_wconf 86' lang='lat' dir='ltr'><strong>feli-</strong></span> 
     </span>
     <span class='ocr_line' id='line_1_57' title="bbox 103 5240 1799 5315; baseline 0 -15"><span class='ocrx_word' id='word_1_870' title='bbox 103 5247 139 5301; x_wconf 86' lang='lat' dir='ltr'><strong>tis</strong></span> <span class='ocrx_word' id='word_1_871' title='bbox 163 5247 254 5300; x_wconf 86' lang='lat' dir='ltr'><strong>verbis</strong></span> <span class='ocrx_word' id='word_1_872' title='bbox 279 5246 426 5302; x_wconf 85' lang='lat' dir='ltr'><strong>voluminis</strong></span> <span class='ocrx_word' id='word_1_873' title='bbox 449 5240 523 5298; x_wconf 77' lang='lat' dir='ltr'><strong>illius</strong></span> <span class='ocrx_word' id='word_1_874' title='bbox 547 5244 678 5297; x_wconf 78' lang='grc'>1999991191</span> <span class='ocrx_word' id='word_1_875' title='bbox 704 5261 734 5297; x_wconf 88' lang='grc'><strong>99</strong></span> <span class='ocrx_word' id='word_1_876' title='bbox 757 5263 851 5300; x_wconf 85' lang='lat' dir='ltr'><strong>eoram</strong></span> <span class='ocrx_word' id='word_1_877' title='bbox 878 5249 937 5302; x_wconf 91' lang='lat' dir='ltr'><strong>Do·</strong></span> <span class='ocrx_word' id='word_1_878' title='bbox 966 5264 1010 5302; x_wconf 89' lang='grc'><strong>999</strong></span> <span class='ocrx_word' id='word_1_879' title='bbox 1026 5263 1106 5315; x_wconf 79' lang='grc'>99999</span> <span class='ocrx_word' id='word_1_880' title='bbox 1123 5245 1187 5306; x_wconf 79' lang='lat' dir='ltr'><strong>sore</strong></span> <span class='ocrx_word' id='word_1_881' title='bbox 1203 5243 1251 5310; x_wconf 84' lang='lat' dir='ltr'><strong>ait,</strong></span> <span class='ocrx_word' id='word_1_882' title='bbox 1269 5245 1296 5295; x_wconf 85' lang='grc'><strong>91</strong></span> <span class='ocrx_word' id='word_1_883' title='bbox 1315 5243 1467 5297; x_wconf 81' lang='lat' dir='ltr'><strong>bonoribus</strong></span> <span class='ocrx_word' id='word_1_884' title='bbox 1481 5252 1508 5296; x_wconf 89' lang='grc'><strong>91</strong></span> <span class='ocrx_word' id='word_1_885' title='bbox 1525 5245 1663 5313; x_wconf 82' lang='lat' dir='ltr'><strong>obsequiis</strong></span> <span class='ocrx_word' id='word_1_886' title='bbox 1680 5265 1736 5299; x_wconf 89' lang='grc'><strong>999</strong></span> <span class='ocrx_word' id='word_1_887' title='bbox 1756 5264 1799 5300; x_wconf 84' lang='lat' dir='ltr'><strong>ea-</strong></span> 
     </span>
     <span class='ocr_line' id='line_1_58' title="bbox 104 5327 1802 5402; baseline 0 -17"><span class='ocrx_word' id='word_1_888' title='bbox 104 5332 187 5386; x_wconf 89' lang='lat' dir='ltr'><strong>mino.</strong></span> <span class='ocrx_word' id='word_1_889' title='bbox 226 5337 249 5385; x_wconf 79' lang='grc'><strong>1.</strong></span> <span class='ocrx_word' id='word_1_890' title='bbox 275 5332 343 5402; x_wconf 87' lang='lat' dir='ltr'><strong>Reg.</strong></span> <span class='ocrx_word' id='word_1_891' title='bbox 365 5337 409 5398; x_wconf 81' lang='lat'><strong>22,</strong></span> <span class='ocrx_word' id='word_1_892' title='bbox 435 5347 460 5384; x_wconf 85' lang='lat' dir='ltr'><strong>v.</strong></span> <span class='ocrx_word' id='word_1_893' title='bbox 482 5336 520 5385; x_wconf 93' lang='grc'><strong>11.</strong></span> <span class='ocrx_word' id='word_1_894' title='bbox 540 5335 568 5383; x_wconf 96' lang='grc'><strong>91</strong></span> <span class='ocrx_word' id='word_1_895' title='bbox 594 5334 632 5384; x_wconf 88' lang='grc'><strong>19.</strong></span> <span class='ocrx_word' id='word_1_896' title='bbox 667 5327 827 5398; x_wconf 81' lang='lat' dir='ltr'><strong>Alphonsus</strong></span> <span class='ocrx_word' id='word_1_897' title='bbox 853 5330 938 5387; x_wconf 81' lang='lat' dir='ltr'><strong>Arra·</strong></span> <span class='ocrx_word' id='word_1_898' title='bbox 965 5333 1113 5400; x_wconf 84' lang='lat' dir='ltr'><strong>tollantur,</strong></span> <span class='ocrx_word' id='word_1_899' title='bbox 1130 5331 1158 5382; x_wconf 89' lang='lat' dir='ltr'><strong>si</strong></span> <span class='ocrx_word' id='word_1_900' title='bbox 1174 5346 1202 5382; x_wconf 86' lang='grc'><strong>99</strong></span> <span class='ocrx_word' id='word_1_901' title='bbox 1221 5345 1279 5383; x_wconf 84' lang='lat' dir='ltr'><strong>esse</strong></span> <span class='ocrx_word' id='word_1_902' title='bbox 1297 5329 1421 5381; x_wconf 84' lang='lat' dir='ltr'><strong>bomines</strong></span> <span class='ocrx_word' id='word_1_903' title='bbox 1442 5330 1626 5395; x_wconf 78' lang='lat' dir='ltr'><strong>meminerint,</strong></span> <span class='ocrx_word' id='word_1_904' title='bbox 1643 5332 1671 5384; x_wconf 83' lang='lat' dir='ltr'><strong>si</strong></span> <span class='ocrx_word' id='word_1_905' title='bbox 1687 5333 1729 5384; x_wconf 88' lang='lat' dir='ltr'><strong>ad</strong></span> <span class='ocrx_word' id='word_1_906' title='bbox 1743 5334 1802 5386; x_wconf 90' lang='lat' dir='ltr'><strong>Dei</strong></span> 
     </span>
     <span class='ocr_line' id='line_1_59' title="bbox 103 5413 1800 5488; baseline -0.001 -16"><span class='ocrx_word' id='word_1_907' title='bbox 103 5417 203 5488; x_wconf 89' lang='lat' dir='ltr'><strong>goniae</strong></span> <span class='ocrx_word' id='word_1_908' title='bbox 230 5422 258 5470; x_wconf 87' lang='lat' dir='ltr'><strong>ct</strong></span> <span class='ocrx_word' id='word_1_909' title='bbox 283 5417 395 5472; x_wconf 84' lang='lat' dir='ltr'><strong>Siciliae</strong></span> <span class='ocrx_word' id='word_1_910' title='bbox 426 5432 474 5471; x_wconf 87' lang='lat' dir='ltr'><strong>rex</strong></span> <span class='ocrx_word' id='word_1_911' title='bbox 501 5415 553 5470; x_wconf 90' lang='lat' dir='ltr'><strong>hoc</strong></span> <span class='ocrx_word' id='word_1_912' title='bbox 587 5413 696 5469; x_wconf 90' lang='lat' dir='ltr'><strong>nomine</strong></span> <span class='ocrx_word' id='word_1_913' title='bbox 722 5417 938 5488; x_wconf 85' lang='lat' dir='ltr'><strong>commendatur,</strong></span> <span class='ocrx_word' id='word_1_914' title='bbox 965 5419 1142 5487; x_wconf 83' lang='lat' dir='ltr'><strong>majestatem</strong></span> <span class='ocrx_word' id='word_1_915' title='bbox 1166 5423 1192 5469; x_wconf 90' lang='grc'><strong>91</strong></span> <span class='ocrx_word' id='word_1_916' title='bbox 1219 5416 1332 5468; x_wconf 86' lang='lat' dir='ltr'><strong>laudem</strong></span> <span class='ocrx_word' id='word_1_917' title='bbox 1352 5420 1452 5481; x_wconf 88' lang='grc'>99991,</span> <span class='ocrx_word' id='word_1_918' title='bbox 1481 5416 1508 5467; x_wconf 88' lang='grc'><strong>91</strong></span> <span class='ocrx_word' id='word_1_919' title='bbox 1525 5431 1586 5467; x_wconf 81' lang='lat' dir='ltr'><strong>eum</strong></span> <span class='ocrx_word' id='word_1_920' title='bbox 1610 5415 1712 5469; x_wconf 85' lang='lat' dir='ltr'><strong>colant.</strong></span> <span class='ocrx_word' id='word_1_921' title='bbox 1751 5417 1800 5471; x_wconf 89' lang='lat' dir='ltr'><strong>Sui</strong></span> 
     </span>
     <span class='ocr_line' id='line_1_60' title="bbox 104 5498 1800 5575; baseline -0.001 -18"><span class='ocrx_word' id='word_1_922' title='bbox 104 5503 179 5572; x_wconf 91' lang='lat' dir='ltr'><strong>quod</strong></span> <span class='ocrx_word' id='word_1_923' title='bbox 208 5518 288 5557; x_wconf 86' lang='lat' dir='ltr'><strong>sacra</strong></span> <span class='ocrx_word' id='word_1_924' title='bbox 311 5503 406 5558; x_wconf 87' lang='lat' dir='ltr'><strong>Biblia</strong></span> <span class='ocrx_word' id='word_1_925' title='bbox 429 5519 492 5557; x_wconf 90' lang='lat' dir='ltr'><strong>cum</strong></span> <span class='ocrx_word' id='word_1_926' title='bbox 511 5500 611 5572; x_wconf 85' lang='lat' dir='ltr'><strong>glossis</strong></span> <span class='ocrx_word' id='word_1_927' title='bbox 633 5517 651 5554; x_wconf 88' lang='lat' dir='ltr'><strong>a</strong></span> <span class='ocrx_word' id='word_1_928' title='bbox 668 5499 761 5569; x_wconf 84' lang='lat' dir='ltr'><strong>capite</strong></span> <span class='ocrx_word' id='word_1_929' title='bbox 778 5500 816 5554; x_wconf 87' lang='lat' dir='ltr'><strong>sd</strong></span> <span class='ocrx_word' id='word_1_930' title='bbox 833 5502 939 5558; x_wconf 85' lang='lat' dir='ltr'><strong>calcem</strong></span> <span class='ocrx_word' id='word_1_931' title='bbox 965 5504 1053 5575; x_wconf 88' lang='lat' dir='ltr'><strong>ipsius</strong></span> <span class='ocrx_word' id='word_1_932' title='bbox 1075 5506 1240 5572; x_wconf 87' lang='lat' dir='ltr'><strong>praeceptor</strong></span> <span class='ocrx_word' id='word_1_933' title='bbox 1260 5499 1390 5572; x_wconf 88' lang='lat' dir='ltr'><strong>princeps</strong></span> <span class='ocrx_word' id='word_1_934' title='bbox 1413 5498 1530 5571; x_wconf 87' lang='lat' dir='ltr'><strong>singulis</strong></span> <span class='ocrx_word' id='word_1_935' title='bbox 1561 5501 1706 5556; x_wconf 90' lang='lat' dir='ltr'><strong>momentis</strong></span> <span class='ocrx_word' id='word_1_936' title='bbox 1731 5502 1800 5556; x_wconf 90' lang='lat' dir='ltr'><strong>haec</strong></span> 
     </span>
     <span class='ocr_line' id='line_1_61' title="bbox 104 5583 1800 5659; baseline 0 -17"><span class='ocrx_word' id='word_1_937' title='bbox 104 5588 195 5642; x_wconf 71' lang='grc'>(199199</span> <span class='ocrx_word' id='word_1_938' title='bbox 219 5597 320 5658; x_wconf 80' lang='lat' dir='ltr'><strong>quater</strong></span> <span class='ocrx_word' id='word_1_939' title='bbox 344 5586 501 5659; x_wconf 88' lang='lat' dir='ltr'><strong>perlegerit.</strong></span> <span class='ocrx_word' id='word_1_940' title='bbox 539 5587 599 5644; x_wconf 80' lang='lat' dir='ltr'><strong>Neo</strong></span> <span class='ocrx_word' id='word_1_941' title='bbox 621 5584 700 5642; x_wconf 84' lang='lat' dir='ltr'><strong>illam</strong></span> <span class='ocrx_word' id='word_1_942' title='bbox 722 5583 860 5641; x_wconf 72' lang='lat' dir='ltr'><strong>duamur</strong></span> <span class='ocrx_word' id='word_1_943' title='bbox 882 5587 938 5645; x_wconf 80' lang='lat' dir='ltr'><strong>sti-</strong></span> <span class='ocrx_word' id='word_1_944' title='bbox 966 5607 1060 5646; x_wconf 85' lang='lat' dir='ltr'><strong>secum</strong></span> <span class='ocrx_word' id='word_1_945' title='bbox 1077 5587 1155 5658; x_wconf 89' lang='lat' dir='ltr'><strong>loqui</strong></span> <span class='ocrx_word' id='word_1_946' title='bbox 1173 5585 1265 5642; x_wconf 88' lang='lat' dir='ltr'><strong>debet.</strong></span> <span class='ocrx_word' id='word_1_947' title='bbox 1300 5585 1397 5641; x_wconf 81' lang='lat' dir='ltr'><strong>Hodie</strong></span> <span class='ocrx_word' id='word_1_948' title='bbox 1416 5585 1473 5640; x_wconf 82' lang='lat' dir='ltr'><strong>diis</strong></span> <span class='ocrx_word' id='word_1_949' title='bbox 1495 5586 1716 5656; x_wconf 77' lang='lat' dir='ltr'><strong>immortalibus,</strong></span> <span class='ocrx_word' id='word_1_950' title='bbox 1739 5588 1766 5640; x_wconf 85' lang='lat' dir='ltr'><strong>si</strong></span> <span class='ocrx_word' id='word_1_951' title='bbox 1781 5606 1800 5642; x_wconf 88' lang='lat' dir='ltr'><strong>a</strong></span> 
     </span>
    </p>
   </div>
   <div class='ocr_carea' id='block_1_3' title="bbox 0 0 2015 6004">
    <p class='ocr_par' dir='ltr' id='par_1_3' title="bbox 0 0 2015 6004">
     <span class='ocr_line' id='line_1_62' title="bbox 0 0 2015 6004; baseline 0 0"><span class='ocrx_word' id='word_1_952' title='bbox 0 0 2015 6004; x_wconf 95' lang='lat' dir='ltr'><strong> </strong></span> 
     </span>
    </p>
   </div>
  </div>
 </body>
</html>
