4020 6014
227 300 290 377 111
807 289 932 355 nouus
949 286 1156 357 1111111111
1173 288 1354 356 eumuna

228 447 279 501 bus
306 446 447 502 distinctis
476 446 575 516 officia
587 446 740 516 1111111111
758 444 1063 517 1111111111
1093 443 1168 499 num
1186 445 1335 516 etjurpia,
1352 459 1532 515 quaecunque
1556 449 1627 513 sud,
1653 445 1695 498 ud
1711 443 1846 498 denium
1864 443 1935 499 ulad

227 532 291 601 talis
310 539 339 588 et
358 530 517 603 imperialis)
534 530 667 587 discrevit
682 530 817 601 propria,
836 530 932 585 votens
950 531 1065 586 madici-
1089 547 1237 585 rumare
1264 547 1386 600 1111111,
1416 537 1489 588 teste
1517 527 1632 587 menno
1658 528 1685 586 d.
1712 530 1732 586 l.
1777 528 1859 602 Ergo
1883 547 1933 595 non

226 617 290 675 nali
307 617 464 673 bumilitate
482 616 624 672 lominum
641 618 731 671 eorda
748 632 859 670 nasum
876 617 988 686 efferri,
1007 634 1064 671 non
1092 615 1199 672 remisit
1218 616 1364 688 episcopos
1388 615 1425 671 ed
1449 615 1572 673 tribuual
1591 614 1709 671 aliorum
1738 614 1968 687 episcoporumff

228 706 352 759 bumana
376 703 511 773 nepertia
528 719 628 756 rursus
655 702 686 755 in
705 701 822 767 inferna
839 701 973 771 demerpi,
990 710 1021 756 ut
1038 709 1064 756 et
1091 701 1136 757 rel
1162 702 1302 775 pontificis
1330 701 1463 771 Romani,
1489 701 1564 774 quod
1594 706 1688 779 11111111
1713 719 1749 758 ex
1771 700 1932 757 Bellarmini

231 788 386 845 Ctdstiani
400 789 584 861 imperatores
595 806 653 859 pro
677 795 794 843 aeterrsa
811 789 869 843 uita
885 788 1064 857 pontificibus
1090 787 1239 859 hypothesi
1270 789 1366 845 iecore
1402 787 1552 845 debuisset.
1597 788 1641 844 Ac
1670 788 1701 843 in
1731 805 1840 860 genere
1869 789 1932 845 dixit

227 877 402 944 indiperent,
437 880 464 929 et
487 876 637 945 pontifices
659 891 718 944 pro
748 890 834 927 cursu
864 874 1064 943 temporalium
1091 874 1256 946 imperator:
1282 876 1337 929 Vos
1355 893 1411 930 non
1428 876 1545 943 potestis
1564 875 1600 929 ab
1619 875 1780 930 hominibus
1798 876 1932 946 iudicari,

227 963 420 1017 tantammodo
443 977 538 1016 rerum
559 960 754 1032 imperialibus
783 959 891 1029 lapibus
915 967 1063 1015 1111111111.
1090 960 1189 1032 quodsi
1206 977 1274 1033 ergo
1292 961 1375 1029 litere
1403 967 1549 1034 urgeatur,
1575 976 1749 1033 consequeus
1770 961 1843 1025 erit,
1880 960 1931 1032 epi·

227 1046 256 1103 Si
274 1046 455 1118 imperatores
472 1051 548 1102 recte
566 1044 752 1115 subjiciuntur
772 1043 968 1115 pontificibus,
997 1046 1065 1116 quia
1094 1063 1193 1117 scopos
1212 1064 1268 1102 non
1288 1047 1377 1103 solum
1395 1064 1413 1102 a
1430 1047 1490 1103 foro
1502 1047 1624 1118 politico,
1642 1045 1693 1103 sed
1712 1046 1750 1101 ab
1768 1046 1849 1101 omni
1861 1045 1931 1116 judi·

225 1149 276 1204 pro
293 1137 408 1189 souma
424 1131 482 1189 vita
499 1130 554 1186 illis
574 1129 716 1202 indigent,
733 1129 817 1185 etiam
834 1129 982 1202 pontifices
1000 1132 1064 1187 suh
1090 1133 1134 1187 cio
1151 1132 1272 1189 humano
1297 1139 1326 1190 et
1356 1133 1396 1190 sic
1416 1133 1501 1189 etiam
1519 1131 1674 1189 altomeui
1691 1130 1837 1203 pontilicis
1851 1132 1928 1203 juris-

226 1217 291 1288 iecti
308 1221 375 1272 sunt
393 1215 615 1288 imperatoribus,
635 1217 703 1287 quia
720 1232 771 1286 pro
789 1233 872 1272 cursu
892 1233 984 1273 rerum
996 1222 1064 1273 tem-
1092 1219 1214 1274 dictione
1233 1235 1293 1275 esse
1310 1224 1440 1276 exemtos.
1478 1218 1726 1290 ausonensis
1744 1219 1931 1291 magistratus,

227 1302 362 1375 paralium
381 1318 476 1359 eorum
490 1301 600 1374 legibus
620 1305 744 1377 utuntur.
782 1300 843 1367 Quo
855 1300 977 1373 pertinet
993 1302 1064 1358 illud
1092 1321 1148 1361 non
1169 1311 1262 1361 autem
1281 1305 1404 1376 episcopi
1423 1312 1559 1360 vocantur
1577 1304 1628 1374 dii,
1649 1321 1717 1377 ergo
1729 1303 1817 1359 sialii
1833 1303 1931 1361 debent

226 1389 379 1463 Augustini
397 1389 427 1443 in
447 1386 544 1459 explic.
565 1387 701 1459 quarund.
730 1404 840 1458 propos.
868 1387 948 1459 epist.
968 1387 1064 1444 Rom:
1092 1390 1217 1447 essediis
1231 1389 1345 1458 subditi,
1365 1389 1487 1461 episcopi
1497 1391 1580 1470 etiam
1597 1388 1815 1461 magistratibus
1833 1389 1932 1446 debent

230 1474 298 1529 Cum
315 1474 412 1529 anima
431 1482 584 1528 constemus
609 1479 636 1525 et
655 1488 782 1543 corpore,
808 1473 945 1543 quamdiu
962 1473 993 1527 in
1011 1474 1066 1528 tac
1094 1492 1154 1532 esse
1173 1474 1307 1546 subjecti,
1327 1475 1430 1533 Psalm.
1451 1482 1499 1546 82,
1522 1492 1547 1528 v.
1566 1482 1591 1532 6.
1624 1474 1688 1539 ioh.
1709 1480 1757 1546 10,
1775 1493 1804 1529 v.
1825 1479 1868 1531 ³4.
1884 1480 1931 1532 ete

228 1562 286 1616 uita
303 1559 457 1631 tensporaii
471 1576 566 1614 sumus
586 1566 613 1615 et
628 1558 711 1612 rebus
723 1558 927 1627 temporalibus
943 1561 986 1614 ad
1003 1560 1065 1614 111-
1093 1565 1117 1616 5.
1135 1558 1263 1616 Socrates
1281 1560 1328 1618 lib.
1350 1567 1373 1619 l.
1391 1560 1454 1617 hist
1476 1561 1542 1618 eccl
1559 1578 1584 1618 c.
1596 1567 1620 1617 t.
1634 1560 1755 1616 eandem
1773 1560 1932 1617 describas

228 1647 334 1703 sidium
351 1647 497 1716 dependas
514 1645 599 1714 bajus
610 1644 686 1699 ritae
702 1642 817 1713 utimur,
835 1651 945 1715 oportet
963 1662 1015 1699 nos
1033 1662 1066 1700 ea
1092 1643 1234 1700 historiam
1265 1644 1370 1701 nullam
1387 1644 1460 1702 fecit
1478 1645 1575 1701 horum
1594 1645 1743 1713 verborum
1760 1662 1780 1701 a
1800 1644 1932 1703 consus-

227 1751 262 1788 ea
277 1739 372 1804 parte,
388 1750 461 1803 quae
474 1730 697 1786 adlanouitam
710 1729 844 1801 pertinet,
865 1731 991 1787 subdier
1007 1747 1065 1786 esse
1092 1730 1151 1784 tino
1178 1730 1348 1802 prolatorum
1375 1731 1557 1799 mentionem,
1591 1732 1640 1786 ssd
1668 1730 1747 1786 illem
1778 1730 1872 1787 solum
1898 1728 1931 1787 ab

223 1818 417 1890 pacientem,
435 1820 470 1873 id
490 1825 530 1872 est
546 1817 703 1872 horninibus
718 1818 913 1871 resbamanae
931 1834 993 1871 erun
1011 1818 1065 1872 ali·
1093 1817 1259 1888 imperatore
1277 1817 1417 1887 adjectam
1441 1832 1501 1872 esse
1525 1817 1566 1872 ait
1583 1817 1767 1887 1111111111,
1797 1817 1932 1873 Cbrs'stuss

225 1922 281 1976 pue
306 1907 407 1960 ordim
431 1904 703 1961 administrantibus.
738 1910 760 1960 5.
782 1902 950 1959 Invertimus
981 1903 1067 1975 igitur
1089 1903 1285 1975 praecepisse,
1311 1910 1342 1957 ut
1370 1904 1420 1973 pui
1447 1902 1557 1973 1111111
1588 1902 1743 1973 impetrare
1775 1902 1932 1969 1111111111,

226 1991 388 2048 Bellermini
415 1995 618 2063 argumentum.
664 1989 904 2054 Quemadmodum
930 2008 978 2046 rex
1009 2008 1064 2045 non
1092 1989 1185 2052 fratri
1219 1989 1280 2059 ipse
1315 1989 1424 2044 reniam
1468 1989 1611 2042 concedat.
1664 1989 1709 2043 Ac
1748 1987 1932 2046 Bellarminus

229 2084 321 2149 potest
357 2094 387 2132 se
417 2075 581 2131 subtrahere
617 2075 647 2130 in
682 2076 871 2147 spiritualibus
902 2076 938 2132 ab
972 2075 1065 2132 ohedi-
1093 2076 1152 2147 ipse
1192 2073 1299 2130 Ruifini
1339 2074 1533 2131 auctoritatem
1573 2073 1703 2146 repudiet
1742 2073 1793 2130 lib.
1834 2081 1858 2132 1.
1900 2076 1934 2132 de

227 2163 302 2220 entis
325 2179 392 2234 erga
418 2168 557 2233 pastorem
595 2161 647 2217 sub
677 2167 823 2233 praetextu
847 2178 896 2226 eo,
928 2161 1002 2233 quod
1030 2161 1067 2217 sit
1093 2167 1169 2232 pont.
1199 2161 1278 2215 Rom.
1310 2178 1370 2232 cap.
1403 2166 1443 2216 13.
1492 2165 1518 2215 6.
1543 2159 1649 2230 Soopus
1676 2159 1857 2232 imperatoris
1882 2161 1935 2217 init

226 2254 307 2319 pater
330 2263 364 2302 ec
389 2252 485 2319 pastor
511 2246 540 2302 in
567 2245 727 2318 republica3
753 2246 792 2302 sic
815 2246 931 2301 clericus
946 2264 1002 2301 non
1019 2265 1066 2318 po
1094 2264 1149 2301 non
1172 2246 1282 2302 tradere
1307 2244 1447 2318 quandam
1473 2244 1577 2316 legem,
1602 2262 1659 2316 qua
1678 2246 1806 2318 episcopi
1825 2263 1844 2302 a
1861 2245 1934 2303 cirili

227 2339 283 2389 test
309 2350 338 2388 se
362 2331 525 2389 subtrahere
550 2332 580 2387 in
606 2330 728 2403 politicis
755 2332 791 2387 eh
817 2331 976 2388 obedientie
999 2347 1066 2403 erga
1089 2331 1285 2403 jurisdictione
1315 2331 1427 2403 penitus
1458 2330 1655 2401 eximerentur,
1685 2332 1735 2388 sed
1762 2331 1803 2386 ed
1833 2333 1934 2390 condo-

228 2434 322 2491 regem
342 2416 446 2474 subeo
467 2423 629 2489 praetextu,
661 2418 737 2489 quod
761 2418 798 2472 sit
815 2423 896 2487 pater
920 2433 954 2472 ae
971 2423 1066 2488 pastor
1093 2419 1231 2474 nationem
1259 2417 1423 2488 injuriarum
1465 2423 1494 2473 et
1522 2433 1618 2488 paoem
1652 2417 1802 2473 colendam
1831 2419 1935 2490 episco-

228 2505 257 2559 in
276 2502 403 2568 ecclesia,
424 2503 499 2572 quod
516 2503 608 2573 ipsum
627 2502 651 2557 si
678 2506 784 2558 rectum
805 2502 979 2558 observasset
993 2502 1066 2559 Tho-
1092 2522 1143 2576 pos
1162 2505 1191 2558 in
1212 2503 1328 2560 concilio
1340 2507 1503 2574 praesentes
1519 2501 1634 2571 hortari,
1656 2507 1689 2559 ut
1700 2502 1859 2559 concilietis
1876 2504 1934 2560 ani·

228 2606 288 2644 mas
307 2587 529 2658 archiepiscopus
551 2585 772 2652 (lantoniensis,
803 2603 859 2642 non
884 2587 1066 2643 detrectasset
1093 2589 1143 2643 mis
1159 2589 1195 2644 ad
1208 2588 1423 2645 controversiam
1442 2587 1632 2659 principalem,
1650 2587 1731 2658 cujus
1750 2603 1934 2660 111111111-

228 2672 342 2729 obedire
362 2672 472 2744 legibus
488 2671 576 2746 regui
617 2672 718 2729 iussus
739 2671 813 2728 enim
829 2689 847 2726 a
866 2689 932 2744 rege
952 2689 1066 2729 censam
1092 2676 1146 2729 dus
1171 2679 1323 2730 convocata
1341 2680 1409 2743 erat,
1439 2691 1471 2730 eo
1497 2673 1579 2729 citius
1604 2673 1792 2745 perveuirent.
1832 2673 1934 2746 Rejicit

228 2759 320 2816 dicere
338 2758 493 2831 respondit:
520 2757 594 2822 Quia
621 2775 672 2829 epo
696 2776 757 2813 sum
773 2767 859 2828 pater
875 2766 965 2813 nester
982 2758 1066 2832 spiri·
1093 2779 1159 2833 ergo
1179 2778 1198 2816 e
1214 2777 1246 2817 se
1262 2759 1401 2832 judicium
1427 2760 1462 2816 de
1484 2759 1538 2815 illis
1557 2759 1683 2831 injuriis,
1708 2776 1780 2831 quas
1801 2760 1932 2833 supplici·

227 2845 322 2915 taulis,
339 2852 365 2899 et
379 2852 466 2915 pater
482 2862 538 2899 non
551 2844 631 2898 debet
642 2846 814 2914 respondere
830 2845 861 2898 in
868 2845 985 2915 judicio
1001 2844 1065 2915 filii,
1092 2848 1144 2903 bus
1162 2847 1265 2903 libellis
1291 2847 1392 2904 oblatis
1410 2846 1464 2919 ipsi
1481 2846 1676 2918 exposuerint,
1700 2851 1761 2901 tum
1780 2847 1857 2918 quod
1878 2847 1933 2904 sint

227 2933 292 2989 ideo
311 2949 368 2988 non
386 2939 481 2985 teneor
501 2931 623 2996 obedire,
653 2929 753 2988 Matth.
779 2930 860 2986 Paris
877 2931 906 2985 in
925 2930 1009 2988 Henr.
1029 2931 1064 2987 Il.
1092 2934 1223 3006 episcopi,
1241 2933 1289 3004 qui
1303 2933 1365 2989 eliis
1378 2934 1452 2990 vitae
1474 2933 1601 3004 exemplo
1621 2931 1786 3004 praelucere
1802 2932 1931 3000 debeant,

261 3023 321 3074 119.
348 3021 372 3072 t.
390 3018 437 3071 Es
450 3017 626 3072 Constantini
643 3034 787 3088 responso.
804 3017 941 3087 Ruffinus
958 3017 1007 3075 lib.
1025 3022 1065 3074 10.
1091 3026 1151 3075 tum
1169 3021 1244 3092 quod
1261 3020 1316 3075 sint
1334 3019 1453 3091 injuriae
1469 3019 1594 3090 privatae
1612 3016 1744 3074 oblivioni
1760 3019 1859 3091 potins
1876 3026 1929 3077 lrsr

227 3103 290 3160 hist.
314 3121 339 3159 o.
362 3108 386 3158 1.
413 3109 442 3160 11
466 3106 531 3176 post
552 3119 615 3158 eum
644 3102 800 3175 Creporius
819 3103 867 3159 lib.
886 3109 910 3159 4.
929 3103 1009 3173 epist.
1024 3109 1064 3158 75.
1091 3106 1200 3163 dendae
1218 3111 1247 3161 et
1264 3122 1366 3177 magno
1383 3104 1484 3175 judieii
1498 3103 1554 3160 diei
1572 3103 1764 3176 macerandae,
1784 3111 1845 3161 tum
1856 3107 1930 3178 quod

228 3208 284 3245 non
302 3190 364 3244 sine
386 3207 492 3260 mapna
516 3189 603 3244 111111
630 3190 760 3253 referunt
779 3206 872 3243 uocem
893 3189 976 3244 iiiam
995 3188 1065 3244 Cen·
1090 3192 1150 3261 ipse
1169 3191 1250 3247 homo
1270 3191 1319 3260 sit,
1346 3190 1394 3263 qui
1412 3205 1484 3245 unus
1510 3190 1632 3245 omnium
1652 3188 1763 3245 illarum
1782 3207 1929 3249 1111111111

227 3275 404 3331 1111111111
420 3273 582 3345 1111111111
611 3275 666 3330 Vos
684 3274 730 3329 dii
746 3275 813 3328 estis
838 3293 858 3328 a
875 3292 980 3331 summo
997 3277 1063 3330 Deo
1089 3276 1275 3348 cognitionem
1291 3275 1431 3346 suscipere
1443 3282 1472 3331 et
1489 3274 1614 3330 cordium
1633 3291 1736 3331 arcena
1748 3275 1929 3350 introspicere

228 3362 381 3430 constituti,
405 3377 524 3431 aequem
542 3377 599 3415 non
617 3367 673 3427 eet,
703 3368 734 3415 ut
755 3361 836 3414 lona
857 3361 972 3430 judicet
989 3364 1065 3421 deos.
1090 3369 1225 3435 nequeat,
1243 3365 1302 3416 tum
1323 3361 1398 3433 quod
1415 3366 1568 3418 conventus
1590 3368 1704 3433 propter
1722 3363 1849 3433 privatas
1868 3364 1928 3421 illas

227 3448 451 3520 Respondemus:
477 3452 499 3502 1.
519 3446 717 3502 Constantinus
740 3463 917 3519 nequaquam
934 3446 971 3502 ab
990 3446 1062 3502 omni
1090 3448 1205 3520 injurias
1223 3446 1429 3520 componendas
1446 3462 1501 3502 non
1520 3447 1557 3501 sit
1570 3445 1723 3503 institutus.
1759 3447 1928 3508 Soxomenns

228 3535 312 3606 plene
342 3532 537 3605 jurisdictione
570 3532 702 3588 seenlmis
741 3532 887 3603 potestatis
917 3532 1064 3604 episcopos
1090 3534 1136 3591 lib.
1161 3540 1182 3589 1.
1206 3533 1270 3590 hist.
1297 3550 1320 3590 o.
1348 3538 1387 3588 16.
1432 3538 1456 3587 1.
1478 3532 1599 3598 Quidam
1623 3548 1657 3587 ex
1680 3532 1748 3604 ipsis
1772 3532 1927 3592 Pontifieiis

230 3619 344 3684 exemit,
373 3618 421 3675 sed
440 3617 469 3672 in
486 3617 555 3689 ipsis
572 3619 655 3674 etiam
672 3617 864 3689 episcoporum
883 3618 973 3673 causis
989 3617 1064 3688 judi·
1090 3625 1207 3692 negant,
1231 3618 1301 3673 haec
1329 3616 1505 3673 Constantini
1530 3618 1616 3675 verba
1640 3617 1669 3672 in
1689 3619 1738 3688 jus
1764 3622 1927 3677 canonicum

230 3705 304 3760 oium
328 3704 451 3760 exercuit
476 3720 510 3758 ac
534 3720 600 3760 suae
631 3704 661 3758 in
684 3703 746 3758 illos
766 3703 971 3775 jurisdictionis
997 3704 1065 3758 satis
1091 3705 1179 3761 relata
1202 3723 1226 3760 c.
1252 3705 1376 3759 futuram
1401 3710 1441 3761 12.
1469 3721 1495 3774 q.
1523 3711 1544 3759 1.
1563 3720 1588 3761 1,
1605 3703 1776 3759 1111111111.
1800 3711 1840 3761 11.
1860 3724 1886 3779 q.
1906 3713 1926 3762 1.

232 3791 346 3847 evidens
371 3791 567 3845 documentum
591 3789 684 3855 dedit,
712 3790 823 3862 quando
850 3790 887 3844 ed
912 3789 1064 3846 Nicaenem
1091 3792 1271 3848 exemtionem
1303 3789 1380 3844 illam
1410 3789 1588 3857 clericorum,
1620 3789 1656 3844 de
1688 3805 1745 3860 qua
1777 3791 1927 3862 quaeritur,

231 3876 369 3948 synodum
387 3874 500 3946 publico
521 3866 611 3929 edicto
628 3876 703 3946 ipsos
721 3874 894 3931 convocavit
930 3874 964 3929 In
982 3875 1063 3946 epist.
1091 3877 1215 3949 probare.
1263 3876 1371 3931 Ludos.
1409 3874 1514 3930 Moline
1544 3875 1743 3946 interpretetur
1771 3876 1865 3933 omnia
1893 3880 1927 3933 de

231 3962 267 4017 ed
279 3960 390 4016 Celsum
401 3960 534 4015 vicarium
548 3959 661 4016 Africae
673 3961 784 4016 scribite
804 3961 895 4030 Seiae,
913 3963 991 4030 quod
1008 3967 1065 4014 tan
1090 3965 1171 4017 rebus
1189 3980 1263 4017 mere
1274 3962 1480 4031 spiritualibus,
1499 3965 1662 4032 argumento
1676 3961 1781 4018 duetus
1799 3980 1841 4034 eo,
1853 3964 1925 4037 qnod

229 4064 317 4119 super
337 4047 437 4117 plebe,
468 4036 552 4115 11111
579 4063 665 4117 super
691 4047 803 4101 clericis
826 4047 883 4117 leis,
911 4047 962 4116 pai
976 4046 1066 4117 primi
1090 4050 1240 4120 imperator
1255 4046 1356 4102 addat:
1382 4046 1485 4101 Petitis
1507 4063 1527 4099 a
1543 4064 1586 4100 sne
1611 4046 1764 4113 iudicium,
1790 4066 1853 4103 cuna
1869 4051 1926 4122 ipu

151 4145 153 4149 ’
229 4141 301 4203 sunt,
318 4150 380 4187 sum
398 4131 613 4201 dilipentissime
631 4133 822 4202 praecinens,
848 4133 934 4202 idpue
950 4133 1063 4201 judica·
1091 4151 1140 4203 epo
1169 4132 1308 4187 0111111111
1326 4133 1457 4202 judicem
1480 4139 1640 4202 esspsotern.
1686 4131 1774 4198 Item,
1803 4136 1846 4188 ad
1872 4136 1927 4191 Dei

230 4230 318 4288 eune,
336 4221 414 4289 praed
430 4217 647 4272 1111111111
664 4217 906 4286 reiipiasiseimsnn
929 4235 988 4273 esse
1005 4238 1063 4272 rna·
1090 4219 1179 4273 soiius
1197 4218 1337 4287 iudicium
1349 4217 1539 4271 reservamini.
1571 4215 1687 4272 Ventur.
1702 4216 1785 4273 Vinc.
1804 4219 1834 4274 iu
1854 4237 1924 4276 eona

229 4307 364 4371 nifestum
383 4311 432 4361 est.
467 4302 544 4374 Ergo
561 4302 720 4358 immunitas
742 4301 959 4359 eConstantino
985 4303 1063 4360 cleri·
1090 4305 1188 4361 Venet.
1201 4321 1225 4361 c.
1240 4310 1264 4360 8.
1277 4303 1423 4373 existimat,
1442 4304 1573 4357 sabaea
1586 4302 1722 4357 eccids'sse
1736 4305 1925 4375 Cerastantina,

228 4392 269 4446 cis
285 4407 417 4447 11111111
434 4407 490 4446 non
507 4387 562 4444 fuit
580 4388 738 4444 omnimoda
763 4389 882 4444 exemtio
908 4407 926 4444 e
945 4390 1063 4444 seculari
1089 4400 1119 4446 ut
1145 4391 1282 4460 majorem
1306 4407 1387 4444 mam
1411 4407 1481 4459 erpa
1509 4391 1657 4460 episcopos
1674 4390 1884 4446 obseruantibus
1901 4398 1925 4447 et

225 4476 425 4546 jurisdictione.
464 4473 606 4545 Prohibet,
622 4475 684 4529 illos
702 4475 782 4531 novis
800 4474 993 4531 collationibus
1014 4476 1062 4533 ob·
1088 4477 1273 4531 bumilitatem
1293 4476 1471 4545 declararet,
1491 4477 1569 4545 praed
1584 4483 1677 4530 autem
1693 4476 1822 4544 pretim
1839 4476 1925 4534 anst

227 4562 317 4634 ligari,
334 4561 470 4626 coneedit,
491 4561 593 4616 liberos
611 4577 671 4639 esse
684 4560 719 4616 ab
737 4560 863 4616 hostibus
883 4562 1060 4633 excipiendis,
1089 4562 1265 4629 conceditur,
1291 4564 1325 4615 id
1346 4579 1402 4615 non
1422 4561 1522 4615 debere
1550 4561 1628 4616 nati
1653 4561 1683 4614 in
1711 4563 1877 4634 exemplum.
1899 4579 1922 4618 c.

226 4654 351 4705 removet
370 4647 406 4702 ab
424 4647 493 4718 ipsis
517 4647 658 4703 indebitae
677 4646 867 4704 consentionis
885 4648 1015 4719 injuriam
1033 4654 1062 4703 et
1087 4648 1161 4720 quod
1170 4647 1254 4702 elicui
1264 4651 1315 4702 eto.
1326 4646 1362 4701 de
1371 4662 1429 4717 reg.
1440 4646 1495 4716 jur.
1507 4645 1536 4701 in
1549 4650 1574 4701 1.
1593 4651 1617 4702 8.
1631 4643 1774 4718 Quidquid
1788 4647 1923 4718 titanios

226 4732 340 4805 iniquae
359 4732 511 4788 exactionis
535 4732 756 4803 improbitatem,
783 4733 1060 4789 extraordinariorum
1087 4733 1262 4790 Constantini
1278 4732 1378 4788 vocula
1394 4749 1449 4787 non
1466 4738 1558 4803 potest
1567 4731 1665 4788 haberi
1675 4749 1727 4803 pro
1735 4724 1803 4803 jure
1822 4734 1921 4799 divino,

226 4835 370 4874 munerum
380 4817 583 4883 necessitatem,
595 4818 824 4889 parangariarnm
836 4819 1060 4889 praestationem,
1087 4837 1138 4876 neo
1151 4819 1335 4875 universalem
1354 4835 1387 4874 eo
1398 4824 1563 4889 perpetuam
1581 4817 1609 4874 in
1621 4815 1738 4875 ecclesia
1755 4819 1851 4892 legun
1863 4839 1923 4879 eon·

151 4909 153 4912 ’
225 4904 279 4959 nisi
296 4902 420 4960 habeant
437 4904 626 4975 possessiones
644 4903 662 4958 l.
679 4903 769 4975 juxta.
788 4903 807 4960 l.
825 4903 914 4958 omnis
932 4903 951 4960 l.
971 4904 1006 4960 de
1018 4905 1060 4959 his
1086 4906 1208 4962 stituere

225 4989 256 5045 C.
269 4989 304 5044 de
316 4988 477 5060 episcopet
490 4990 564 5056 cler,
585 4989 633 5045 sed
647 4990 683 5046 de
695 4988 843 5045 universali
861 4996 889 5047 et
903 4990 1061 5046 omnimoda
1121 4998 1179 5048 161).
1228 4990 1335 5057 Quarta
1371 4989 1534 5046 Bellarmini
1577 4988 1730 5061 propositio
1765 4990 1831 5047 talis
1868 4995 1968 5050 euzo·

226 5091 321 5130 eorum
333 5063 486 5130 eximtione
499 5074 569 5130 nihil
581 5074 667 5131 addit
700 5079 725 5130 1.
742 5075 873 5132 Ruffinus
889 5075 956 5132 ibid.
974 5077 1060 5148 addit,
1086 5080 1172 5132 Bona
1198 5076 1364 5130 clericorum
1379 5083 1438 5129 tarn
1455 5073 1660 5143 ecclesiastiea,
1676 5091 1764 5144 paam
1780 5054 1968 5139 wallarici:

225 5163 372 5235 episcopos
391 5161 421 5214 in
439 5160 630 5216 1111111111ῖί1
655 5178 709 5215 sua
725 5162 837 5232 nepotia
854 5165 895 5216 ad
911 5161 1060 5232 imperato·
1087 5165 1178 5219 libera
1200 5168 1264 5216 eunt
1288 5178 1322 5216 11
1355 5161 1456 5216 merito
1482 5177 1541 5216 esse
1561 5161 1662 5215 debent
1679 5179 1698 5215 a
1716 5161 1831 5218 astutis
1843 5148 1968 5242 prin-ff:

104 5288 108 5297 .
225 5264 284 5302 rem
302 5246 435 5301 detulim
455 5247 632 5316 spmmpuea
653 5246 773 5315 sinpulis
790 5248 952 5317 frequenter
968 5248 1061 5313 fussee
1086 5251 1179 5321 capum
1201 5247 1378 5302 secularium.
1419 5246 1527 5303 Probet
1556 5247 1609 5305 hoc
1638 5248 1673 5304 de
1702 5247 1779 5306 fecto
1804 5266 1841 5305 ea
1856 5252 1968 5346 ,ἕως

226 5332 443 5402 interpellassent.
478 5331 555 5404 Ergo
582 5332 829 5388 controversiarum
853 5349 967 5389 suarum
985 5335 1061 5403 judi·
1086 5335 1220 5391 canonico
1237 5342 1263 5388 et
1283 5333 1368 5391 civili.
1404 5332 1631 5405 Respondemus:
1652 5338 1673 5389 1.
1691 5332 1968 5408 distinguendum*

225 5418 395 5490 semipsum
418 5423 598 5493 agnoverunt.
636 5423 660 5473 3.
683 5417 883 5475 Constantinus
900 5419 937 5474 ed
956 5420 1060 5492 episoo·
1086 5423 1159 5478 inter
1178 5428 1256 5476 certa
1273 5421 1414 5492 praedam
1428 5420 1586 5490 prisilepia
1605 5436 1638 5475 ec
1656 5418 1794 5478 1111111111
1811 5414 1968 5503 Rhatta-2

226 5520 277 5575 pos
292 5503 372 5578 dixit,
391 5504 466 5580 quod
485 5503 574 5561 soiius
593 5504 654 5560 Dei
669 5504 788 5560 1111111
804 5512 963 5580 mpeetare
975 5506 1058 5580 judi·
1086 5506 1122 5566 tis
1141 5523 1174 5563 ex
1190 5505 1347 5582 principum
1366 5503 1503 5563 beneficio
1528 5505 1688 5565 elericorum
1713 5505 1795 5568 bouis
1815 5508 1925 5584 collam
