4020 6014
687 153 742 209 ltu
759 148 1013 211 MAGISTRA'I'U
1031 148 1219 212 Pontico,
1732 162 1793 223 aaa

97 308 243 376 metipsis
260 307 354 361 mana
371 316 452 371 sant,
473 316 505 361 st
529 323 564 363 ee
581 308 724 363 mindam
751 308 933 362 membrorum
960 306 1059 359 menta
1080 307 1209 362 tenebras
1236 322 1270 362 ac
1286 307 1456 365 comitatem.
1495 313 1520 364 ³.
1539 307 1616 366 Nihil
1639 308 1747 378 turpius
1764 308 1794 360 in

97 394 286 446 consideratio
304 393 478 462 intellipotar
495 395 639 462 manin,
663 395 727 448 hine
739 395 933 449 Nabasardan
958 390 1084 460 principe
1104 409 1188 462 qnam
1206 410 1294 463 vagae
1313 393 1457 457 libidines,
1485 412 1536 463 per
1554 410 1623 463 quas
1641 410 1792 464 generosus

92 481 228 548 princeps
247 496 376 532 cocorum
393 497 488 532 maros
500 481 662 534 Jerusalem
674 483 844 535 destruxisse
864 478 930 546 lepi-
959 476 1067 529 animus
1086 478 1227 531 brutarum
1250 479 1422 548 voluptatum
1442 479 1609 548 mancipium
1627 479 1752 533 redditur
1765 485 1793 532 et

96 574 159 631 tar,
191 566 258 632 qssia
274 573 382 632 centa,
410 567 457 618 cai
475 567 624 621 maititadc
649 584 778 620 cocorum
802 560 1085 634 deservitiineenuis
1103 564 1237 633 imperare
1256 564 1360 618 debens
1385 564 1551 633 turpissimis
1577 566 1663 618 servit
1685 564 1791 631 scortis,

96 652 231 713 aedificia
244 653 378 703 virtatem
390 653 531 704 acisclum
544 652 658 719 redipit,
672 653 700 706 in
712 653 798 722 princ.
811 651 874 706 dist.
888 656 930 704 ll.
943 674 945 713 1
958 647 1029 700 sicut
1048 648 1084 702 de
1100 649 1291 718 Sardanapalo
1309 649 1426 717 dicitur,
1458 651 1533 718 quod
1557 650 1687 719 pellicum
1712 651 1790 720 gregi
1806 659 1860 700 xiv.
1873 660 1894 702 a.

98 753 132 789 ex
147 736 260 789 Hieron.
288 736 408 790 Comites
422 737 655 807 Bacchiapoiitis
674 719 988 808 fingunturSatyri,i⁸⁰
1015 733 1202 788 immiscuerit.
1226 742 1263 790 ,4.
1290 735 1387 805 Vagae
1411 734 1540 789 libidines
1557 736 1710 805 principem
1731 737 1791 790 red-

97 821 164 890 quia
182 822 344 876 ebrietatem
369 823 516 877 comitatur
533 823 635 891 libido,
666 824 760 894 Satyri
779 822 852 877 enim
870 838 930 890 per·
959 816 1029 870 dunt
1051 826 1220 875 contemtum
1244 829 1273 875 et
1294 837 1406 875 exosum
1440 820 1568 877 subditis.
1611 822 1792 884 Quemadmo-

96 906 227 960 hibentur
244 908 314 961 adeo
330 909 449 975 salaces,
475 915 508 963 ut
534 909 656 978 primitus
680 907 804 962 libidinis
823 907 931 960 dicatur
958 905 1025 956 dam
1042 921 1110 972 apes
1128 909 1246 960 oderent
1264 907 1388 961 mnino
1408 926 1426 960 a
1445 908 1521 961 coita
1538 909 1649 976 olidas;
1673 910 1714 961 sic
1731 911 1793 961 sab-

96 991 275 1062 Satyrismus,
290 993 385 1049 Sabin.
407 994 434 1047 in
453 1001 563 1048 metam.
593 995 658 1049 «Iam
685 1010 750 1048 vero
767 992 874 1047 nullum
892 999 931 1046 te·
958 988 1013 1041 diti
1039 992 1198 1060 principem
1229 993 1409 1046 libidinosam
1445 1001 1639 1060 easecrantar,
1683 993 1790 1049 Pierius

95 1079 165 1133 trias
184 1079 283 1132 vitium
306 1080 334 1132 in
357 1080 521 1150 magistratu
547 1097 630 1148 quam
659 1079 754 1134 libido.
788 1085 811 1133 6.
835 1078 930 1133 Ebria·
957 1072 1004 1130 lib.
1017 1081 1058 1129 26,
1071 1075 1195 1147 Hierogl.
1218 1086 1241 1133 5.
1255 1078 1480 1133 Eaedemsacum
1493 1079 1608 1132 trahunt
1619 1079 1790 1149 reipublicae

95 1171 138 1218 tas
157 1181 250 1217 omnes
262 1165 345 1217 animi
364 1166 440 1218 sinus
453 1166 543 1235 aperit
559 1174 587 1219 et
600 1170 697 1236 aperta
709 1165 834 1219 recludit.
865 1164 930 1219 Jam
956 1161 1106 1228 perniciem
1125 1170 1210 1233 atque
1227 1164 1384 1232 interitum,
1410 1171 1468 1218 tum
1491 1166 1559 1234 quia
1579 1165 1684 1219 subditi
1703 1167 1790 1237 magi-

95 1264 160 1304 vero
179 1266 282 1303 arcana
292 1250 462 1319 reipublicae
478 1251 615 1306 eliminari
636 1269 700 1305 eum
725 1251 844 1305 maximo
859 1252 930 1320 ejus·
956 1250 1060 1300 stratus
1089 1249 1245 1318 exemplum
1268 1250 1369 1320 cupide
1392 1257 1546 1320 mquuntur
1575 1249 1684 1320 sibique
1709 1252 1793 1307 licere

96 1337 158 1389 dem
175 1336 348 1389 incommodo
365 1343 408 1390 est
431 1340 619 1407 conjunctum.
655 1337 761 1392 Seneca
786 1337 866 1406 epist.
887 1342 928 1391 84.
956 1336 1068 1400 putant,
1099 1334 1174 1403 cuod
1193 1334 1233 1389 illi
1249 1334 1328 1403 licet;
1360 1343 1419 1390 tum
1444 1335 1511 1406 quia
1534 1337 1562 1389 in
1587 1335 1648 1390 aliis
1670 1335 1792 1406 plectere

96 1422 136 1477 Ut
151 1429 240 1474 musto
259 1421 332 1475 dolia
351 1429 531 1492 rumpuntur,
561 1430 589 1477 et
618 1439 700 1477 amne
727 1423 802 1492 (pund
828 1422 929 1475 inimo
956 1433 1011 1471 non
1029 1418 1115 1473 audet
1133 1421 1319 1490 magistratus,
1338 1422 1413 1491 quad
1430 1422 1666 1492 ipsecommittit3
1684 1440 1716 1477 ex
1736 1440 1791 1492 quo

92 1510 176 1577 jacet,
197 1507 237 1558 vis
256 1507 356 1560 caloris
377 1508 467 1576 ejicit,
492 1508 532 1562 ita
550 1506 618 1561 ebrii
636 1525 725 1576 omne,
748 1507 868 1578 quadiu
889 1523 929 1559 se·
957 1501 1025 1556 nihil
1042 1503 1118 1558 alind
1137 1523 1220 1576 quam
1240 1507 1375 1562 scelerum
1392 1506 1524 1562 colluvies
1542 1515 1570 1563 at
1589 1515 1791 1576 consequenter

95 1600 171 1645 creto
190 1592 308 1660 pectoris
327 1592 489 1647 conclusum
509 1593 626 1679 habent,
655 1593 712 1646 vini
738 1592 829 1647 calore
854 1593 929 1662 ejici·
956 1587 1125 1656 reipublicae
1141 1592 1277 1661 pernicies
1302 1593 1497 1662 exspectanda.
1535 1592 1644 1662 Raptus
1667 1591 1790 1648 Helenae

95 1685 153 1731 unt.
192 1683 215 1731 7.
236 1676 278 1729 Ex
296 1677 429 1731 ebrietate
448 1678 573 1732 oriuntur
592 1678 675 1746 fixae,
693 1678 794 1733 caedes
814 1677 930 1731 etmala
955 1673 1057 1741 Trojaa
1083 1692 1200 1747 regnum
1224 1677 1352 1747 perdidit.
1392 1678 1489 1733 Refert
1508 1677 1690 1744 Plutarchus,
1717 1678 1790 1734 Leu-

95 1764 177 1833 longe
195 1764 322 1832 plurima.
347 1764 552 1834 Aegyptiorum
570 1764 669 1818 animis
687 1781 848 1835 persuasum
865 1762 927 1828 fuit,
955 1759 1022 1812 ctris
1040 1760 1069 1812 in
1088 1777 1162 1831 pago
1180 1761 1312 1817 Boeotiae
1327 1761 1477 1817 Scedaaum
1496 1765 1635 1832 quendam
1653 1765 1723 1819 duas
1741 1764 1786 1818 ha-

94 1847 178 1902 vitem
198 1867 229 1901 ex
249 1849 357 1902 manin
380 1857 481 1902 terram
506 1850 652 1920 gigantum
674 1849 810 1920 sanguine
836 1848 927 1919 pullu·
956 1844 1050 1899 baisse
1068 1845 1140 1900 filias
1159 1847 1249 1900 torma
1268 1854 1296 1902 et
1313 1849 1416 1902 virtute
1439 1855 1628 1918 praestantes,
1657 1849 1789 1918 quicum
1872 1920 1875 1924 ,

94 1932 183 2001 lasse,
215 1935 289 1988 unda
316 1942 344 1989 et
367 1936 518 1988 amentiam
543 1944 569 1988 et
590 1936 719 2000 frcrorem
742 1937 805 1988 omo
831 1936 928 1997 inesse,
955 1930 1025 1984 duos
1045 1931 1281 1987 Lacedaemonios
1303 1933 1423 2004 hospitio
1439 1933 1607 2004 excepisset,
1638 1935 1680 2001 illi
1702 1936 1790 1991 forms

95 2018 201 2071 Pierius
227 2019 274 2074 lib.
301 2026 342 2075 53.
368 2019 492 2091 Hierogl.
519 2022 609 2091 Cyme
627 2020 747 2092 Astyagi
767 2020 929 2085 sciscitanti,
954 2015 1071 2071 filiarum
1090 2018 1166 2088 capti
1185 2025 1249 2089 post
1265 2036 1369 2090 paucos
1390 2020 1450 2075 dies
1466 2021 1584 2076 redeunt
1600 2026 1628 2076 et
1645 2026 1724 2091 patre
1741 2023 1788 2076 ah·

94 2120 143 2156 cur
160 2104 263 2171 vinum,
282 2107 356 2174 quod
375 2108 400 2162 ei
421 2107 449 2160 in
462 2112 559 2176 patera
570 2105 664 2161 efferri
677 2106 813 2176 jussisset,
832 2107 929 2162 bibere
954 2109 1031 2157 sente
1048 2105 1169 2172 pervim
1188 2112 1327 2174 stupratas
1348 2105 1425 2160 lilias
1440 2107 1610 2161 interficiunt
1627 2108 1711 2178 inque
1728 2128 1789 2179 pro·

94 2198 262 2257 recusasset,
289 2192 444 2261 respondit,
472 2194 540 2261 qnia
562 2210 694 2246 venenam
724 2209 782 2245 osse
808 2193 928 2260 credidi,
953 2187 1056 2243 simum
1082 2198 1197 2259 puteum
1223 2190 1368 2259 abjiciunt.
1403 2191 1488 2246 Redit
1515 2198 1594 2262 pater
1617 2201 1645 2248 et
1663 2195 1788 2248 camonia

93 2293 153 2326 mern
173 2294 263 2344 nuper
280 2278 309 2329 in
330 2279 455 2332 convicio
473 2280 617 2347 vidissem,
648 2279 785 2331 neminem
808 2296 840 2331 es
857 2280 927 2332 omi·
953 2279 1123 2329 monstrante
1147 2276 1285 2331 cadavera
1310 2276 1423 2331 invenit.
1461 2277 1592 2347 Spartam
1616 2279 1703 2350 igitur
1726 2298 1787 2349 pro-

93 2363 146 2426 cis,
175 2365 224 2428 qni
248 2365 281 2415 isi
308 2365 432 2426 bibisset,
462 2365 578 2417 nonita
605 2365 781 2417 debilitatam
800 2381 926 2433 corpore,
952 2357 1102 2424 ficiscitur,
1135 2368 1166 2415 ut
1195 2361 1362 2430 supplicium
1393 2363 1429 2415 de
1454 2363 1596 2418 sceleratis
1630 2365 1785 2434 hospitibus

92 2454 122 2497 nt
142 2449 287 2500 ambolare
306 2467 361 2501 non
375 2458 487 2518 posset,
515 2451 610 2517 itaque
630 2451 723 2503 animo
741 2466 872 2518 asprum,
897 2459 926 2502 nt
953 2444 1023 2498 sumi
1041 2451 1133 2515 petat,
1162 2447 1211 2501 sad
1231 2447 1339 2501 derisus
1357 2448 1394 2502 ab
1413 2449 1536 2520 ephoris,
1564 2458 1661 2520 utpote
1679 2450 1785 2504 crimini

93 2534 163 2585 nihil
185 2542 295 2600 saperet
316 2542 365 2587 eat
383 2536 558 2603 intelligeret,
578 2539 630 2589 sed
643 2537 674 2590 in
689 2538 818 2599 fossorem
828 2537 926 2604 potins
951 2529 1016 2586 huic
1036 2532 1080 2586 vel
1098 2532 1231 2599 obnoxiis,
1250 2533 1295 2587 sel
1314 2535 1560 2604 patrocinantibus,
1580 2537 1692 2591 civitate
1709 2553 1786 2606 egre-

92 2626 251 2673 verteretur.
952 2616 1028 2671 ditur
1045 2622 1074 2672 et
1090 2618 1152 2673 dira
1171 2618 1210 2672 illi
1239 2619 1413 2690 imprecatur.
1448 2620 1538 2691 Brevi,
1557 2627 1620 2691 post
1647 2623 1786 2677 Lacedae·

951 2704 1036 2757 monii
1053 2705 1204 2758 exercitum
1223 2705 1252 2759 in
1264 2705 1342 2759 illum
1355 2706 1445 2761 locum
1464 2708 1577 2776 ducunt,
1599 2708 1647 2762 ubi
1666 2708 1786 2779 virgines

951 2790 1077 2859 sepultae
1101 2797 1192 2855 erant,
1219 2790 1259 2844 ibi
1284 2797 1362 2846 tanta
1388 2792 1671 2849 Lacedaemoniorum
1696 2795 1786 2848 multi-

126 2909 231 2962 ΝΜ
249 2926 283 2961 ae
300 2910 444 2972 scelerum,
462 2911 532 2978 (lm-d
548 2928 604 2963 non
623 2912 757 2964 mortalia
775 2913 852 2980 ⁶092}
951 2874 1020 2928 tudo
1044 2874 1192 2930 interiecta
1215 2882 1269 2944 est,
1299 2886 1331 2931 ut
1354 2878 1499 2947 imperium
1526 2879 1628 2947 Sparta
1656 2880 1785 2934 amiserit.

126 2995 270 3046 Pectora,
288 2995 359 3063 quid
373 3011 426 3062 W
444 3003 469 3046 ,e
483 3012 540 3047 mm
560 2997 685 3049 audem,
702 2997 808 3065 wrm-a,
828 2998 900 3064 lim,
951 2957 1056 3014 Caveat
1081 2959 1167 3031 igitur
1190 2962 1319 3033 princeps
1346 2981 1401 3018 nou
1429 2964 1521 3034 ipsum
1545 2965 1635 3020 solum
1661 2965 1785 3020 lihidinis

126 3080 246 3132 Proelia
264 3083 331 3133 dira
348 3097 440 3133 nsooes
455 3088 481 3132 et
501 3082 608 3147 pendes
625 3084 761 3150 sonpaine
780 3063 866 3146 fusos
950 3051 1108 3143 mmmm!
1137 3047 1186 3103 ⁸⁰⁶
1212 3065 1307 3103 ⁰¹¹¹¹¹⁰⁸
1332 3048 1415 3103 eiiam
1438 3050 1548 3119 peceati
1571 3049 1646 3149 illiue
1664 3053 1785 3150 cepasio·

951 3147 1000 3185 nea
1035 3138 1064 3186 et
1097 3130 1250 3188 illecebras.
1298 3133 1404 3189 Caveat
1444 3137 1593 3205 adspectus
1625 3136 1786 3194 hbrdsnoscs

128 2741 152 2790 t)
178 2739 271 2802 foedo
296 2739 417 2791 ebrietas
440 2739 529 2801 (cauit
553 2739 746 2810 Paliugenins)
771 2743 861 2794 animi
889 2743 926 2793 le·

504 2833 569 2892 tam,
588 2844 604 2878 a
623 2826 755 2879 uitiorum

90 3216 198 3287 Tigres,
216 3216 312 3286 lynces
330 3222 359 3270 et
376 3216 527 3286 pantherae
547 3218 691 3289 finguntur
709 3236 727 3273 a
745 3220 834 3290 potitis
853 3220 923 3274 Bac·
950 3217 1075 3288 exemplo
1090 3217 1171 3287 Jchi,
1197 3236 1280 3290 quem
1300 3237 1393 3290 regem
1410 3221 1553 3276 Jobabum
1566 3221 1653 3278 fuisse
1671 3224 1785 3292 quidam

90 3303 172 3357 chum
190 3304 330 3363 comitari,
361 3303 405 3356 vel
423 3304 498 3372 quod
516 3303 572 3358 sint
596 3304 653 3358 vini
673 3311 853 3374 appetentes,
880 3306 924 3360 sel
950 3309 1059 3372 putant,
1078 3320 1101 3359 a.
1121 3310 1163 3374 31,
1180 3324 1205 3361 v.
1231 3313 1258 3361 1:
1281 3308 1387 3376 Pepipi
1399 3309 1510 3374 scedas
1523 3327 1583 3361 cam
1602 3310 1692 3362 omelia
1710 3312 1784 3372 meis,

89 3389 181 3458 potius
199 3389 273 3457 quod
290 3388 345 3442 sint
363 3388 439 3443 ferae
451 3390 659 3458 supramodum
677 3391 819 3460 immanes,
838 3393 924 3445 ebrie-
950 3398 979 3442 at
1007 3408 1041 3442 ae
1064 3392 1176 3459 quidem
1194 3393 1345 3459 capitonem
1364 3395 1399 3445 de
1425 3394 1541 3461 vispine.
1578 3392 1667 3463 Cyrus
1685 3410 1703 3448 a
1720 3412 1784 3448 con·

91 3477 158 3528 totis
182 3476 255 3527 enim
280 3492 370 3529 comes
392 3483 434 3528 est
448 3476 554 3540 fartae
573 3485 599 3529 et
623 3477 792 3543 immanitas,
830 3478 925 3535 Sabin.
950 3481 1047 3545 spectu
1064 3475 1214 3540 Pantheae,
1232 3477 1390 3532 Alexander
1406 3477 1443 3532 ab
1471 3477 1574 3532 intuitu
1592 3479 1673 3533 Darii
1689 3482 1783 3549 couju-

90 3562 119 3614 in
132 3567 240 3616 metam.
265 3561 332 3616 Ideo
346 3561 430 3617 Solon
442 3562 593 3630 constituit,
607 3564 774 3632 principem,
792 3565 819 3617 si
832 3565 925 3618 ebrias
950 3561 993 3631 gis
1015 3567 1043 3615 et
1056 3560 1174 3616 filiarum
1186 3561 1380 3616 abstinuerunt
1398 3563 1526 3617 timentes
1544 3563 1614 3617 illud
1632 3564 1785 3634 adspicere,

91 3648 279 3716 deprebensas
297 3656 375 3714 esset,
393 3656 482 3702 morte
500 3649 698 3715 mulctandam,
716 3649 853 3705 referente
870 3651 924 3706 La·
951 3646 1027 3715 quod
1046 3664 1101 3701 non
1120 3646 1187 3701 licet
1205 3647 1409 3716 concupiscere.
1445 3647 1549 3703 Caveat
1567 3650 1671 3717 ouum,
1688 3650 1784 3705 lectio-

89 3733 159 3789 ertio
179 3734 195 3788 l
217 3739 238 3789 l.
258 3733 276 3788 f.
297 3741 336 3790 to.
950 3748 1013 3786 nem
1034 3731 1166 3787 librorum
1186 3733 1394 3800 amatoriorum,
1423 3750 1562 3790 sermones
1582 3736 1736 3806 amatorios,
1757 3745 1785 3792 et
1820 3718 1824 3735 ⁵

45 3846 75 3884 „.
126 3844 183 3893 lib.
220 3843 242 3892 2,
263 3839 400 3906 Cam
432 3854 504 3908 qua,
529 3853 585 3907 quo
606 3839 695 3893 mi„
723 3840 751 3893 in
771 3840 877 3895 defigi,
896 3848 923 3896 e,
951 3834 1133 3887 quaecunque
1163 3817 1272 3873 ilbsdlnl
1302 3818 1425 3874 fomitem
1451 3827 1479 3874 et
1502 3820 1682 3877 incitamenta
1704 3839 1783 3893 pras·

87 3923 261 3977 abundantia
288 3924 437 3993 remur,
468 3939 501 3978 eo
528 3923 617 3993 magi,
647 3925 839 3980 comeum
862 3943 922 3982 me
948 3908 1031 3957 stant.
1068 3902 1173 3958 Contra
1190 3920 1256 3958 vero
1275 3903 1391 3959 lectione
1411 3905 1616 3976 scripturarum
1643 3925 1784 3963 sacrarum

88 4009 173 4062 debet
189 4009 373 4077 magistratui,
413 4015 433 4063 1¹
454 4008 574 4063 ουτω
591 4014 634 4062 m
651 4009 783 4064 virtutum
804 4010 921 4080 ,eh-qua,
948 3989 1116 4056 delectetur,
1145 3990 1169 4043 si
1194 3991 1266 4046 enim
1292 3991 1459 4060 Scripturas
1481 3995 1544 4061 qais
1564 4003 1653 4061 amat,
1687 3998 1783 4049 cornis

86 4111 149 4148 mm
167 4095 305 4164 peculim,
324 4101 529 4163 ornamentum,
546 4094 653 4164 absque
672 4112 728 4164 qu,
746 4096 862 4152 virtute,
880 4115 920 4152 ,e-
946 4077 1017 4128 uitia
1035 4094 1177 4144 aaronem
1196 4077 1319 4146 amabit;
1340 4077 1415 4132 ineat
1433 4078 1604 4149 conjugium,
1626 4081 1700 4149 quod
1720 4086 1783 4151 post

85 4179 180 4248 liqna,
196 4187 261 4234 ,unt
278 4181 365 4234 insta,
382 4180 473 4234 aunei
492 4196 510 4234 a
526 4180 618 4249 eapite
636 4181 746 4236 ,emp
947 4161 1056 4231 lapsum
1082 4178 1138 4215 non
1165 4162 1253 4215 solum
1281 4162 1356 4217 salet
1384 4165 1425 4216 ad
1452 4165 1593 4232 officimn,
1619 4165 1669 4219 sed
1699 4166 1781 4220 etiam

141 4301 149 4313 .
482 4300 488 4313 ,
946 4251 987 4300 ad
1003 4249 1155 4301 remedium
1173 4253 1270 4304 centra
1287 4248 1412 4304 libidinis
1430 4250 1564 4319 morbum,
1583 4256 1615 4305 ut
1631 4267 1664 4305 ex
1683 4252 1780 4322 Augu·

125 4303 159 4351 m
179 4317 239 4351 Cum
259 4301 293 4351 ἀΰ
312 4308 407 4399 ’ΨΜ
425 4302 516 4399 ff¹⁶²⁰⁸
534 4302 664 4365 foem⁰⁸⁰
682 4302 795 4354 'evum
814 4309 861 4370 Μ’
945 4333 1017 4389 stine
1046 4332 1166 4403 loquitur
1199 4333 1396 4389 Beneventum
1426 4334 1455 4388 in
1481 4335 1613 4406 breviloq.
1641 4340 1721 4391 tract.
1755 4342 1778 4391 6.

158 4387 221 4438 Non
241 4386 325 4437 nicaea
342 4404 373 4437 sn
390 4388 501 4455 reliqna
518 4404 635 4457 corpore
652 4395 768 4440 trenaee
787 4388 884 4458 babet;
945 4435 968 4474 c·
988 4423 1028 4476 ,3⁸

123 4471 172 4525 ⁵35⁰
190 4471 295 4536 miqui
314 4488 403 4524 mm
421 4474 511 4540 ’preti
528 4474 588 4526 “m
606 4473 710 4526 'mm
730 4474 868 4541 7⁰⁶⁶b²⁴⁷³t⁹
984 4511 1039 4560 147.
1075 4511 1099 4560 3.
1121 4507 1306 4574 Interponis
1325 4507 1403 4559 culto
1420 4506 1587 4558 moderatio.
1630 4502 1778 4560 Contineo·
1792 4515 1812 4556 :t
1827 4515 1906 4558 nous-

156 4558 195 4608 Nl
215 4564 271 4607 ”m
287 4564 382 4608 ‘'ma'‘
400 4556 486 4611 laude
503 4559 670 4626 pumma
944 4592 984 4646 tia
1007 4591 1079 4644 enim
1101 4607 1156 4645 non
1182 4591 1270 4645 solum
1295 4591 1324 4646 in
1348 4591 1424 4658 cibo,
1454 4596 1523 4660 potu
1546 4596 1575 4645 et
1602 4590 1779 4661 ἀφροδισίοις
1793 4569 1897 4668 ἑζῗζοξίζ
1945 4579 1950 4587 ’

84 4677 156 4731 Phil.
182 4674 378 4729 Melanchthon
404 4676 421 4729 t
446 4682 470 4730 3.
489 4676 574 4747 epigr.
592 4694 625 4731 ex
648 4677 826 4748 Bacchylide.
864 4678 917 4732 Ca·
945 4676 1056 4729 modum
1076 4677 1192 4740 statuit,
1219 4677 1370 4731 sedetiam
1391 4677 1420 4729 in
1441 4675 1563 4745 corporis
1591 4677 1668 4730 cultu
1687 4683 1716 4731 et
1732 4695 1778 4732 ve·
1792 4672 1860 4761 Ψ·

82 4764 243 4815 stimonium
269 4762 398 4829 corporis
432 4770 457 4814 st
490 4765 705 4817 sanctimoniam
728 4766 818 4818 animi
844 4768 917 4817 cbaos
944 4760 1019 4813 stitu.
1051 4761 1124 4816 Sane
1151 4778 1206 4815 nou
1228 4761 1457 4831 improbandum,
1484 4761 1506 4813 si
1530 4761 1659 4831 princeps
1677 4763 1777 4831 pretio·

82 4864 142 4901 esse
167 4848 279 4900 circatis
308 4855 333 4901 ct
359 4847 509 4910 felicitatis
536 4849 644 4915 clocas,
674 4849 771 4905 scribit
796 4849 916 4904 Berosus
943 4845 1062 4901 rioribus
1084 4864 1117 4901 ac
1139 4847 1347 4918 augustioribus
1376 4845 1500 4900 vestibus
1525 4846 1684 4916 amiciatur,
1713 4866 1777 4904 nam

81 4933 179 4988 Chald.
204 4935 220 4987 l.
247 4941 270 4987 3.
307 4940 330 4988 2.
349 4932 451 4987 Libido
475 4950 568 4988 omnes
590 4942 618 4990 et
635 4936 766 5007 corporis,
785 4943 813 4991 et
831 4937 916 4991 animi
942 4931 978 4986 de
993 4931 1139 4988 Salomone
1160 4938 1357 4988 commemorat
1375 4931 1503 4987 Christus
1520 4933 1620 4989 Matth.
1640 4940 1665 5002 b,
1692 4953 1717 4989 v.
1736 4941 1776 4990 ta.

81 5020 154 5073 sires
171 5027 293 5086 enervat,
312 5035 363 5072 nec
381 5018 531 5088 prudentia
549 5019 577 5072 in
589 5026 682 5074 mente
697 5022 789 5077 locum
808 5020 914 5075 habere
942 5020 1020 5087 qaod
1034 5028 1179 5088 coopertae
1189 5021 1278 5082 faerit
1291 5020 1321 5073 ir
1338 5018 1413 5091 δόξῃ,
1431 5019 1556 5086 ploriose
1577 5028 1602 5073 et
1623 5020 1776 5090 magnifice,

81 5113 182 5174 potest,
203 5123 287 5173 quam
305 5104 391 5157 libido
409 5104 564 5174 occupavit,
584 5106 657 5160 unde
674 5106 832 5163 Sodomitae
853 5107 913 5160 libi·
941 5112 969 5158 et
989 5104 1026 5157 ad
1046 5105 1219 5174 majestatem
1238 5105 1313 5174 apud
1332 5104 1458 5159 subditos
1476 5106 1679 5160 conciliandam
1693 5107 1775 5160 vesti-

81 5191 154 5243 dinis
178 5197 268 5244 oestro
297 5190 395 5261 perciti
426 5190 556 5243 dicuntur
587 5192 711 5259 percussi
738 5194 915 5247 coecitatitms
941 5195 986 5243 tus
1014 5191 1097 5244 etiam
1123 5191 1230 5261 aliquid
1251 5199 1350 5260 potest,
1376 5192 1486 5246 interim
1504 5199 1598 5246 tamen
1622 5191 1706 5245 etiam
1725 5191 1777 5246 hac

82 5280 152 5330 tien.
182 5283 225 5340 19,
256 5296 281 5332 v.
315 5283 350 5330 11.
376 5275 424 5328 uhi
449 5274 564 5345 pluralis
589 5291 735 5342 numerus,
765 5277 916 5348 interprete
941 5276 970 5329 in
988 5283 1066 5345 parte
1085 5276 1181 5330 debita
1199 5276 1361 5330 adhibenda
1380 5284 1423 5331 est
1440 5278 1600 5344 moderatio,
1622 5283 1650 5331 et
1670 5277 1697 5329 in
1717 5277 1777 5345 ipso

80 5360 162 5415 Aban
182 5360 270 5420 Earn.
294 5369 371 5415 notat
390 5377 444 5414 non
467 5362 611 5414 amalorum
633 5359 735 5428 solum,
761 5363 913 5418 sedetiam
943 5364 1058 5417 vestitus
1083 5363 1231 5431 splendore
1255 5364 1388 5418 exteriore
1416 5366 1509 5433 vigere
1535 5364 1617 5418 dehet
1637 5363 1777 5418 humilitas
