4020 6014
604 206 656 262 DE
674 206 896 263 tssrtlsu'nltw
915 206 1217 268 ucchusuffl'lcO.
1713 219 1750 276 ss

60 360 190 432 lapideis,
213 361 285 416 baec
303 378 367 416 sero
384 361 514 417 cordibus
531 362 671 417 bominum
691 379 741 433 per
760 361 893 431 Spiritum
907 359 1018 440 {ordine
1042 363 1137 418 divina
1163 365 1251 436 ipsius
1273 365 1416 420 voluntate
1440 364 1548 420 sancito
1573 371 1602 419 et
1619 371 1753 435 perpetuo

59 447 218 502 inscribitur
249 456 278 504 et
305 448 423 519 gratiam
456 448 574 518 Spiritus
601 451 777 518 conjunctam
802 447 893 501 habet.
921 448 1073 504 observato.
1120 451 1235 505 Placuit
1266 460 1358 504 aetem
1385 451 1495 505 divinae
1522 451 1674 520 sapientise
1705 467 1755 519 per

58 533 150 603 Atque
180 535 249 588 baec
277 535 389 605 quidem
423 544 497 589 recte
531 536 674 603 dicuntur3
707 552 801 589 verum
830 534 894 603 quia
907 549 908 567 ³
921 535 1152 601 praedicationem
1172 537 1309 607 evangeiii
1329 537 1457 591 stolidam
1470 536 1572 590 mundo
1592 536 1679 589 ιιιιιιιι
1696 536 1752 589 aal-

58 619 185 674 absolute
213 627 241 673 et
270 621 441 689 simpliciter·
460 621 621 691 pronuntiat
655 621 790 675 Dominus
819 619 892 688 apud
907 604 968 671 17υοι
992 621 1090 680 fucere
1117 624 1275 687 credentes,
1304 629 1326 678 1.
1347 622 1408 677 Cor.
1432 631 1458 689 t,
1483 641 1509 678 r.
1536 629 1576 677 21.
1600 621 1675 692 Ergo
1698 638 1752 675 non

58 705 221 760 deremiatn:
248 708 315 758 Non
340 708 449 759 docebit
475 708 550 759 viltro
569 709 613 759 uir
629 707 788 775 prociarum
806 677 909 769 810th
921 702 981 757 vult
1000 706 1157 761 immediate
1174 707 1318 763 nobiscum
1337 725 1434 778 agere,
1453 707 1501 761 sed
1519 724 1569 776 per
1586 706 1662 762 verbi
1674 723 1753 776 prae·

59 790 121 846 ideo
147 791 322 861 Augustinus
351 792 369 848 l.
397 792 431 845 de
458 793 564 862 Spiritu
589 800 617 846 et
641 792 681 845 lit.
706 809 728 845 o.
750 796 791 844 tt.
812 751 1085 860 pauloidicationem
1105 800 1132 846 et
1144 799 1376 847 sacramentorum
1390 792 1655 847 administrationem
1674 792 1751 846 mini·

60 876 143 930 aliter
159 877 286 947 explicat.
327 878 422 932 Verbis
435 878 507 932 enim
526 878 589 942 illis,
609 879 682 930 flebo
702 879 787 941 tepens
807 895 894 927 meum
920 876 1003 929 sterio
1031 877 1217 933 ecclesiastico
1253 879 1455 933 demandatam.
1500 879 1683 949 Evangelium
1714 885 1753 931 est

10 963 88 1014 ‘zia
111 965 204 1015 corda
227 965 365 1031 ipsoram,
398 964 469 1017 dicit
492 964 640 1033 significari
665 964 784 1033 gratim
808 962 842 1015 N.
862 962 893 1015 T.
907 965 1044 1039 spoteatic
1062 966 1121 1014 Dei
1143 965 1319 1017 adsalutem
1339 966 1416 1018 omui
1434 965 1707 1028 credenti‚Roman.
1730 970 1752 1026 1,

58 1046 148 1114 fidens,
168 1048 275 1103 scilieet
292 1065 343 1118 per
360 1048 503 1102 cantatem
524 1055 692 1119 operantem,
713 1065 796 1119 quarn
817 1047 894 1101 Deus
907 1084 908 1101 ι
922 1065 944 1101 ι.
970 1055 1006 1102 itt.
1037 1049 1112 1119 Ergo
1133 1050 1270 1103 ordinarie
1293 1068 1348 1104 non
1373 1050 1426 1103 nisi
1450 1067 1500 1119 per
1519 1050 1656 1121 evangeiii
1674 1065 1751 1119 prae·

59 1133 191 1186 diffundit
209 1133 238 1186 in
256 1134 385 1188 cordibus
405 1134 514 1196 nostris,
535 1142 566 1187 ut
585 1152 639 1188 non
659 1134 747 1187 solum
765 1133 892 1187 sciamus.
906 1132 1085 1187 dicationem
1111 1135 1171 1188 vult
1196 1152 1256 1189 esse
1281 1145 1379 1205 potens
1408 1144 1435 1189 et
1453 1134 1551 1188 efficax
1570 1136 1606 1188 ad
1625 1135 1751 1190 salutem.

58 1219 106 1272 sed
131 1219 216 1274 etiam
243 1219 378 1273 faciamus
409 1221 541 1273 mandate
572 1221 674 1275 divina.
716 1219 773 1273 lilia
801 1202 1017 1279 autemssposset
1040 1220 1117 1273 Deus
1144 1220 1227 1274 etiam
1253 1221 1322 1274 citra
1346 1220 1401 1273 cibi
1420 1227 1536 1289 potusve
1555 1238 1635 1273 usum
1654 1237 1704 1274 nos
1724 1221 1752 1273 in

59 1303 162 1373 verbis,
190 1312 217 1357 et
242 1322 298 1357 aon
328 1306 437 1358 docebit
454 1307 531 1358 siltra
555 1306 600 1358 uir
620 1307 779 1372 proximum
804 1322 892 1365 suune,
906 1315 907 1319 ’
920 1304 971 1357 hac
991 1305 1049 1357 vita
1066 1320 1243 1361 conservare.
1269 1309 1363 1374 posset
1380 1306 1450 1359 citra
1471 1307 1535 1359 solis
1553 1307 1646 1359 lumen
1664 1312 1751 1359 terras

59 1395 137 1458 putat
151 1390 303 1460 significari
315 1393 468 1460 praemium
481 1392 552 1446 fidei,
569 1392 619 1445 hoc
631 1399 673 1445 est
683 1391 894 1456 beatitudinem,
906 1380 908 1448 i
919 1390 1088 1443 collustrare.
1108 1391 1155 1443 sed
1173 1390 1282 1459 placuit
1300 1390 1408 1443 divinae
1423 1390 1510 1460 ipsius
1529 1391 1682 1460 sapientiae
1696 1408 1751 1445 non

58 1477 84 1528 in
110 1492 170 1545 qua
198 1492 294 1531 omnes
322 1477 401 1531 electi
428 1477 565 1531 videbunt
590 1479 680 1532 Deum
711 1494 728 1530 a
757 1477 828 1530 t'acie
856 1475 891 1528 ad
920 1476 972 1527 nisi
992 1492 1041 1544 per
1059 1474 1115 1529 cibi
1135 1484 1251 1545 potusve
1270 1494 1350 1528 usum
1370 1477 1508 1531 ordinarie
1526 1477 1610 1530 vitam
1630 1482 1750 1531 nostram

57 1561 165 1616 asem
208 1561 307 1631 Neque
336 1570 377 1615 est
410 1563 484 1631 quod
512 1562 673 1631 objiciatur,
708 1563 824 1632 proponi
854 1562 892 1615 ibi
919 1569 1074 1615 sustentare
1100 1578 1133 1615 ac
1156 1579 1211 1614 ιιοιι
1239 1563 1290 1615 uisi
1317 1581 1366 1631 per
1395 1562 1478 1616 solem
1497 1562 1630 1615 mundum
1652 1562 1751 1615 illumi·

58 1646 267 1715 promissionem
295 1646 330 1700 de
358 1646 502 1700 beneficiis
530 1647 563 1703 N.
590 1647 624 1700 Τ.
650 1647 713 1702 Joh.
739 1655 770 1715 6,
800 1666 823 1700 ν.
850 1622 999 1733 t5.}uare;
1017 1647 1057 1700 ita
1070 1662 1180 1717 quoque
1193 1656 1286 1716 posset
1302 1648 1372 1701 citra
1389 1647 1466 1701 verbi
1480 1653 1508 1701 et
1520 1653 1751 1702 sacramentorum

57 1732 141 1787 Hebr.
169 1738 201 1797 8,
226 1751 250 1787 ι’.
279 1741 314 1787 tt.
341 1734 479 1803 quaedam
502 1733 574 1786 enim
600 1732 733 1787 beneficia
758 1733 790 1787 N.
815 1733 845 1786 Τ,
863 1731 1099 1829 inffministerium
1118 1731 1242 1786 homines
1260 1742 1419 1787 convertere
1441 1741 1470 1786 et
1488 1732 1609 1802 salvare,
1626 1733 1674 1786 sed
1693 1733 1751 1802 pla·

57 1818 106 1873 bne
120 1819 181 1872 vita
192 1817 328 1871 duntaxat
340 1818 513 1886 inchoantur,
531 1835 647 1889 quorum
660 1819 891 1889 complementum
905 1818 977 1871 ¹cuit
995 1818 1081 1886 ipsius
1096 1819 1249 1888 sapientiae
1263 1836 1318 1872 non
1330 1818 1488 1872 immediate
1503 1818 1648 1872 uobiscum
1660 1835 1750 1889 agere,

57 1913 83 1959 et
100 1903 239 1974 perfectio
263 1903 373 1957 demum
398 1903 523 1957 succedit
546 1904 575 1956 ιιι
595 1905 652 1957 vita
671 1912 797 1965 aeterna,
821 1905 892 1959 inter
918 1902 967 1956 sed
986 1903 1164 1971 perverbum
1182 1909 1211 1957 et
1228 1911 1409 1970 sacramanta,
1428 1921 1545 1975 quorum
1560 1905 1751 1973 mysteriorum

57 2007 127 2062 quae
144 1990 228 2045 etiam
246 1997 289 2044 est
305 1989 516 2043 clarissimailia
529 1990 574 2042 lux
590 1989 699 2043 divinae
717 1991 891 2060 cognitionis,
918 1989 1104 2042 oeconomiam
1135 1990 1267 2042 ecclesiae
1301 2006 1368 2042 suae
1399 1989 1530 2043 ministris
1565 1990 1751 2046 demandavit.

59 2081 80 2131 1.
96 2074 161 2130 Cor.
180 2080 219 2138 13,
237 2091 262 2126 ι.
281 2080 319 2129 12.
918 2075 1023 2137 Quodsi
1041 2074 1208 2145 quandoque
1226 2076 1378 2146 contingat,
1400 2083 1431 2128 nt
1450 2075 1558 2146 sliquos
1575 2076 1646 2130 citra
1664 2082 1751 2130 exter-

88 2168 131 2217 ts.
168 2166 193 2216 2.
215 2167 237 2215 1.
256 2160 320 2215 deb.
340 2167 368 2220 2,
389 2178 414 2214 v.
432 2162 478 2213 to:
498 2160 729 2213 'Vesuuctieoem
747 2159 854 2212 iubetis
872 2178 891 2212 a
917 2160 1410 2228 numverbiministeriumilluminet,
1426 2161 1750 2225 consertstetinlormet,

56 2255 152 2301 succo
178 2254 205 2299 et
232 2247 320 2299 acatis
340 2248 442 2297 omnia.
476 2262 501 2300 ι.
527 2251 573 2300 tt:
600 2248 639 2298 Et
661 2262 710 2297 eos
734 2246 891 2298 unctionem
917 2247 944 2300 id
969 2253 1026 2300 tam
1053 2263 1107 2299 uon
1130 2247 1228 2301 evertit
1250 2247 1375 2301 ordinem
1404 2247 1536 2300 divinitus
1563 2247 1750 2314 constitutum,

56 2333 196 2399 (bebetis),
213 2349 298 2400 ᾳιιαιιι
316 2333 465 2399 accepistis
486 2332 522 2383 ab
542 2348 584 2397 ee,
602 2349 636 2384 eu
655 2332 685 2383 irs
703 2332 780 2384 eolis
798 2340 890 2384 munet
917 2348 1000 2400 quam
1025 2349 1080 2384 non
1103 2332 1235 2385 evertitur
1258 2332 1398 2385 ordinaria
1420 2330 1495 2386 vitae
1522 2333 1683 2386 sustentatio
1701 2351 1751 2402 per

55 2428 80 2472 et
95 2438 153 2473 aco
172 2434 282 2471 necesse
300 2417 416 2484 bebetis,
434 2425 464 2469 ut
483 2417 589 2484 alipids
607 2419 707 2472 doceat
724 2435 780 2470 cos.
810 2419 889 2481 Erpo
916 2418 970 2471 cibi
999 2424 1115 2487 potusve
1148 2417 1304 2470 alimoniam
1335 2417 1559 2471 extraordinariis
1589 2416 1694 2487 Moysis
1722 2426 1750 2472 et

55 2512 196 2558 mersam
224 2505 302 2556 verli
327 2504 512 2555 ministeriam
543 2521 599 2555 oca
624 2511 664 2556 est
692 2504 888 2556 necessarium.
915 2503 994 2556 Elias
1012 2520 1061 2572 per
1079 2503 1265 2573 quadraginta
1284 2503 1343 2557 dies
1361 2504 1388 2555 iu
1405 2504 1514 2556 deserto
1533 2507 1747 2558 sustentatorum

54 2589 284 2660 Respondemus:
304 2605 395 2659 neque
409 2588 478 2642 haec
496 2588 613 2658 apostoli
625 2588 711 2642 verba
724 2589 849 2643 absolute
862 2595 890 2642 et
916 2590 1055 2659 exemplis,
1075 2590 1161 2642 Exod.
1183 2594 1224 2656 tt,
1243 2607 1268 2642 v.
1289 2595 1328 2642 ts.
1350 2594 1370 2642 t.
1391 2588 1460 2659 Reg.
1481 2594 1526 2654 ta,
1552 2607 1577 2641 v.
1600 2595 1624 2645 8.
1662 2589 1748 2644 Plura

55 2675 249 2731 universaliter
277 2675 439 2744 accipienda
464 2684 540 2742 sunt,
566 2675 646 2744 quasi
665 2675 693 2727 iu
712 2675 746 2730 N.
766 2674 799 2727 T.
818 2675 887 2728 uuili
915 2674 950 2728 de
968 2674 1018 2729 hoc
1037 2679 1200 2745 argumente
1219 2674 1346 2727 dicentur
1363 2672 1486 2728 inferius.

55 2762 165 2816 omnino
190 2760 375 2815 necessarium
405 2759 441 2813 sit
460 2776 477 2812 a
495 2776 635 2829 quoquam
655 2759 757 2826 doceri,
779 2768 800 2815 1.
820 2760 887 2830 quid

54 2848 126 2900 euim
147 2845 209 2917 agit
225 2845 368 2915 apostolus
388 2845 417 2898 in
437 2845 488 2899 hac
508 2845 626 2914 epistola
642 2846 733 2912 aliud,
754 2862 837 2917 quam
857 2852 888 2898 ut
1224 2882 1431 2891 -ψ-

54 2931 200 2986 scribendo
219 2929 328 2984 erudiat
346 2937 375 2985 et
392 2929 536 2984 confirmet
548 2930 618 2994 illos,
636 2949 705 3001 quos
717 2930 888 3001 alloquitur?

56 3023 77 3072 t.
98 3017 284 3089 Repugnaret
308 3014 378 3070 haec
403 3015 550 3094 explicatio
577 3016 774 3070 fundamendis
802 3016 887 3086 paulo
1181 3032 1202 3091 0
1220 3033 1247 3090 Δ
1263 3032 1288 3091 1>
1304 3033 1376 3092 UT
1411 3032 1480 3092 111,
1621 3081 1624 3085 ,
1761 3055 1834 3098 m
1848 3057 1881 3100 tt

55 3112 114 3158 ante
128 3102 233 3168 allatis,
250 3101 412 3170 cumprimis
423 3118 489 3155 vero
503 3102 697 3171 experientiae,
716 3119 787 3174 quse
804 3109 887 3156 testa-

56 3193 102 3250 tur,
119 3187 193 3243 nulli
211 3187 323 3240 omuino
344 3187 446 3241 bomini
469 3193 533 3256 post
556 3188 663 3257 lapsum
681 3187 734 3242 Dei
754 3188 885 3257 cognitio·
914 3172 977 3235 DE
1021 3170 1187 3236 CAUSA
1236 3172 1295 3236 EF
1304 3171 1330 3235 F
1340 3170 1490 3236 ICIEN
1499 3171 1562 3235 ΤΕ
1609 3170 1746 3235 MINI·

57 3290 112 3328 nem
139 3273 256 3328 innasci
297 3273 365 3326 Ideo
394 3272 547 3326 secundum
575 3273 642 3342 qnid
669 3278 698 3327 et
728 3280 886 3343 comparate
1019 3272 1191 3338 STERII
1227 3272 1645 3338 ECOLESIASTIOI,

57 3359 237 3429 intelligenda
257 3367 336 3426 sunt,
364 3364 383 3412 t.
403 3358 477 3428 quod
503 3357 556 3424 illi,
574 3358 622 3428 qui
646 3357 682 3411 ab
700 3360 832 3428 apostolis
852 3361 885 3414 de

57 3444 213 3499 neomenia
240 3443 383 3497 doctrinae
404 3444 531 3498 coelestis
555 3444 693 3513 capitibus
718 3445 835 3498 instituti
858 3454 885 3500 et
948 3447 988 3496 19.
1024 3442 1116 3495 Causa
1145 3441 1266 3497 efficiens
1299 3441 1459 3512 principalis
1487 3440 1630 3494 ministerii
1657 3439 1744 3493 ecele-
1758 3446 1874 3490 essessa·

60 3528 171 3599 Spiritus
191 3529 282 3583 sancti
302 3531 432 3583 unctione
449 3529 581 3583 divinitus
593 3530 692 3583 imbuti
704 3539 791 3593 erant,
811 3550 884 3597 icum
912 3527 1015 3581 eiastioi
1041 3538 1084 3581 est
1101 3545 1172 3581 uuus
1191 3545 1223 3582 ac
1246 3528 1320 3581 solus
1338 3544 1419 3582 verus
1437 3528 1512 3580 Deus
1532 3527 1632 3591 Pater,
1650 3524 1744 3578 lilius
1757 3500 1872 3600 ἓξιξὲἶμ..

59 3614 154 3669 taiibus
180 3615 254 3670 enim
280 3614 404 3684 loquitur
435 3616 586 3683 apostolus)
614 3633 669 3670 non
696 3616 841 3686 indigeant
868 3633 885 3669 a
911 3622 937 3666 et
964 3614 1088 3682 Spiritus
1115 3623 1241 3680 sanctus,
1271 3614 1344 3683 quod
1372 3611 1535 3666 confirmant
1563 3620 1583 3667 1.
1613 3629 1745 3680 copi-esso
1758 3604 1872 3694 ffiffffi·

59 3699 245 3755 seductoribus
276 3716 378 3753 novum
406 3701 475 3769 quid
500 3700 597 3754 audire
614 3717 647 3756 ac
665 3702 785 3768 discere,
813 3719 884 3772 quae
914 3699 1078 3767 Scripta-roc
1095 3700 1220 3753 creoda
1251 3698 1355 3754 Psalm.
1374 3701 1417 3767 titt,
1435 3717 1460 3751 v.
1475 3705 1520 3754 tt:
1544 3699 1746 3753 Dominusdet
1760 3705 1898 3747 aarum.

60 3785 242 3857 interpretatio
262 3784 401 3855 colligitur
425 3802 458 3838 ex
472 3802 497 3841 v.
517 3791 564 3840 2Ιι
590 3789 654 3839 Noa
681 3790 784 3858 scripsi
808 3789 885 3841 ιιοιιιι
911 3786 1030 3843 vertiam,
1045 3787 1341 3853 escapelistesmuprro
1354 3788 1484 3838 exercitu.
1514 3786 1546 3837 in
1561 3785 1689 3839 Hebraeo
1704 3792 1746 3839 est

60 3874 134 3939 pse
151 3872 346 3940 essemus
370 3873 529 3938 veritatem,
554 3875 606 3926 ssu
629 3875 712 3943 peu
735 3876 884 3927 sitisses
912 3861 1231 3944 :presumsissent
1250 3864 1387 3944 tudier
1405 3860 1485 3948 iss,
1507 3870 1581 3940 quod
1599 3869 1745 3940 Pennus

60 3972 121 4027 mm,
138 3963 219 4013 etex
238 3974 321 4012 versu
339 3957 465 4027 proxime
485 3961 670 4027 praecedento
689 3976 713 4014 v.
734 3965 780 4014 26:
807 3962 885 4014 Haec
912 3961 940 4008 et
949 3955 1031 4008 Arias
1043 3956 1237 4011 reddiderunt:
1252 3956 1388 4010 Dominus
1398 3957 1638 4010 dabitscrmonem
1651 3972 1745 4009 aarum

58 4044 153 4114 sapei
179 4044 257 4098 cobis
284 4044 319 4096 de
348 4044 403 4111 liis,
430 4048 480 4113 qui
501 4048 636 4098 sedissent
662 4064 718 4099 vos.
762 4046 833 4099 Item
858 4065 882 4099 v.
912 4057 983 4109 quae
997 4041 1165 4095 annuntiant
1178 4043 1313 4096 exercitus
1326 4058 1458 4112 magnns3
1471 4039 1555 4094 LXX
1567 4041 1746 4110 interpretes:

58 4129 146 4184 todeni
172 4135 221 4184 tt:
252 4128 331 4183 saut
356 4131 452 4183 docuit
477 4149 525 4184 eos
544 4134 651 4200 unctio,
671 4141 779 4185 manete
796 4134 825 4185 in
844 4151 883 4187 eo.
912 4124 1015 4191 Κύριος
1040 4126 1123 4179 δι’σει
1149 4129 1224 4201 ῥῆμα
1252 4133 1309 4186 τοῖς
1342 4126 1595 4198 εὐαγγελιζομένοις
1625 4125 1742 4191 δυνάμει

58 4218 78 4268 t.
96 4215 177 4281 Quod
203 4231 264 4269 non
288 4215 445 4287 indigeant,
469 4224 501 4270 ut
526 4219 587 4286 quis
606 4218 708 4271 inillis
727 4218 884 4272 audiendis
912 4215 1015 4284 πολλῇ;
1035 4212 1231 4282 Symmachus:
1251 4214 1336 4266 ier-»ss
1356 4213 1446 4287 ῥήσεις
1464 4219 1521 4273 τοῖς
1541 4213 1744 4284 εὐαγγελιζομέ-

56 4317 85 4354 sc
109 4301 144 4356 de
167 4300 283 4356 coelesti
300 4302 418 4356 veritus
436 4303 637 4372 persuadendis
662 4319 829 4373 magnopere
858 4314 885 4358 et
913 4318 970 4357 νοις
989 4301 1101 4367 στρατιᾷ
1119 4303 1213 4371 asili.
1255 4300 1300 4353 Illi
1317 4299 1403 4369 igitur
1422 4315 1517 4353 vocem
1543 4290 1676 4374 ”iiiii-{¹⁷3
1703 4298 1745 4351 vel

54 4386 130 4441 uris
153 4386 276 4454 laboret,
306 4404 368 4441 cum
394 4404 444 4456 per
468 4387 600 4456 Spiritum
625 4406 645 4441 s.
665 4387 802 4442 internum
821 4390 883 4444 doc·
911 4385 1089 4448 insecundo,
1109 4386 1152 4439 vel
1172 4386 1339 4439 tertiocasu
1361 4385 1480 4456 positam
1501 4390 1667 4454 acceperunt
1686 4389 1713 4436 et
1728 4399 1745 4434 a

54 4477 153 4539 brem,
178 4488 263 4542 quem
289 4478 382 4527 umen
409 4488 460 4541 per
486 4473 720 4542 praedicationem
745 4476 883 4545 evangelii
910 4472 995 4540 priori
1020 4471 1142 4526 membro
1168 4472 1354 4525 distinxerunt
1376 4477 1490 4541 propter
1515 4477 1659 4525 accentum
1683 4466 1743 4522 ath·

53 4562 216 4628 acceperant
236 4555 298 4611 Gal.
323 4561 352 4623 3,
380 4573 406 4612 v.
432 4563 455 4611 2.
482 4559 671 4612 instituantur.
714 4564 737 4614 3.
757 4560 837 4622 Quod
856 4560 883 4614 in
911 4557 1019 4612 naehta.
1046 4557 1101 4610 Sed
1115 4557 1257 4612 commode
1271 4557 1355 4612 etiarn
1369 4558 1505 4627 accipitur
1517 4557 1545 4610 in
1558 4574 1623 4610 casu
1636 4562 1742 4625 quarto,

52 4641 205 4696 udonibus
230 4642 448 4713 particularibus
466 4644 626 4714 magisterio
648 4644 767 4714 Spiritus
794 4648 884 4699 sancti
910 4643 950 4696 ita
968 4649 1000 4695 nt
1017 4643 1132 4697 verbum
1161 4648 1211 4713 1ῃῖ
1239 4659 1273 4697 ex
1293 4644 1477 4713 praecedente
1496 4641 1616 4695 membro
1635 4647 1743 4710 repeta-

52 4728 225 4796 erudiantur,
252 4735 284 4782 ut
315 4728 419 4798 sciant,
452 4730 589 4800 quomodo
618 4746 679 4784 sese
703 4730 732 4783 ιιι
756 4732 883 4786 omnibus
909 4735 962 4796 tur,
982 4729 1119 4798 quomodo
1140 4728 1279 4783 Lutherus
1298 4729 1388 4796 vertit,
1406 4729 1546 4781 Dossenni
1561 4728 1743 4797 datter-bum,

51 4821 123 4870 recte
156 4830 255 4885 gerere
287 4814 421 4883 debeant,
458 4816 566 4869 interim
602 4824 694 4870 tamen
724 4833 821 4870 norma
856 4826 883 4872 et
910 4814 1131 4881 euicupeiisaates
1169 4815 1291 4868 euersis
1319 4831 1435 4881 mapo03
1471 4829 1503 4866 eo
1539 4811 1596 4866 fere
1630 4813 1745 4883 respicit

51 4899 297 4971 regulsgeuexalis
311 4900 432 4954 omnium
441 4901 581 4955 actionum
595 4909 689 4955 manet
698 4902 812 4956 verbum
821 4903 883 4967 Dei,
910 4901 1064 4955 Chaldaeus
1083 4901 1122 4954 sic
1141 4900 1345 4972 napuppdisss:
1374 4901 1454 4951 Deus
1473 4898 1554 4950 dedit
1570 4899 1655 4952 cerba
1674 4901 1744 4969 lepis

50 4987 128 5056 cujus
156 4985 338 5041 meditatione
373 4985 421 5038 lux
453 4986 620 5056 cognitionis
657 4986 731 5040 iilius
758 4989 883 5043 redditur
907 4988 1013 5056 populo
1047 5005 1097 5041 suc
1132 4988 1319 5040 mediantibus
1347 4985 1446 5051 Mopse
1478 4991 1506 5036 et
1534 4986 1667 5053 Acrone,
1696 4986 1745 5054 qui

50 5069 185 5126 illustrior.
452 5073 453 5077 ’
910 5074 1147 5127 accumulaverunt
1159 5075 1270 5126 verbsim
1282 5073 1342 5125 Dei
1354 5071 1485 5124 exercitui
1500 5088 1601 5138 mopso
1616 5072 1742 5128 lautis.
1804 5125 1806 5130 ,

82 5161 123 5212 18.
158 5162 183 5212 3.
198 5156 297 5210 Potest
317 5157 399 5209 Deua
422 5156 525 5223 abacia
547 5157 697 5208 ministerii
722 5174 810 5226 opera
832 5177 882 5214 isos
907 5159 1092 5225 (Femininum
1124 5150 1264 5234 ni'ttith,
1294 5155 1422 5218 assutiae,
1461 5157 1577 5210 remittit
1616 5175 1666 5211 uos
1705 5158 1741 5212 ad

50 5241 209 5296 sasaim
227 5259 264 5295 ac
281 5242 383 5294 docere
401 5241 432 5293 io
450 5240 519 5307 illt'a,
538 5257 609 5308 quae
628 5243 669 5294 ud
687 5245 881 5298 adscensum
907 5252 1007 5314 typum
1041 5245 1128 5299 Exod.
1163 5253 1206 5309 15,
1233 5260 1258 5294 v.
1283 5247 1324 5297 20.
1349 5240 1398 5295 ubi
1420 5241 1548 5298 mulieres
1575 5242 1743 5298 israeliticas

49 5329 212 5383 maaria.
239 5326 468 5396 Respondemus:
487 5341 542 5379 non
561 5326 595 5380 de
612 5327 741 5381 absoluta
759 5329 814 5383 Dei
833 5347 880 5399 po·
910 5332 1017 5384 Miriam
1037 5330 1239 5400 prophetissam
1251 5335 1362 5383 secutae
1381 5335 1444 5398 post
1461 5328 1602 5383 interitum
1621 5327 1742 5382 Pharao·

49 5415 137 5479 tastis,
156 5414 208 5470 scd
227 5414 265 5468 de
283 5411 457 5482 beneplacito
475 5413 561 5482 ipsius
579 5413 704 5483 quaestio
723 5422 779 5481 cst,
799 5424 827 5471 et
846 5417 881 5471 de
908 5419 952 5471 nis
966 5420 1233 5480 insulsiuvcantant,
1245 5431 1317 5484 quae
1329 5414 1518 5469 israelitarum
1527 5431 1561 5469 ex
1568 5414 1743 5485 Aegyptiace
