4020 6014
640 335 692 390 Da
712 330 936 394 ululatuum
955 335 1256 396 soonastaautco.
1732 350 1788 407 197

95 487 240 544 Accedunt
256 488 414 545 testimonia
433 488 540 545 Caluini
566 491 674 562 epistol.
693 496 750 548 362.
791 492 880 547 Betae
899 490 928 544 11
955 492 1117 563 simpliciter
1141 493 1273 548 tribuitur
1296 511 1313 549 1
1333 494 1467 550 Ρ11111111
1485 493 1549 550 libr.
1577 501 1601 551 2.
1626 494 1661 550 de
1680 495 1791 551 casibus

95 581 201 632 1111111.
228 575 264 630 11
293 579 371 646 peste
402 593 466 647 pag.
494 582 536 633 36.
572 575 667 633 Ursini
691 583 761 646 part.
789 582 810 632 2.
841 593 928 632 exerc.
955 594 1044 632 conec.
1065 595 1088 636 1.
1110 585 1147 634 12.
1166 596 1230 651 pag.
1250 585 1307 635 342.
1336 579 1453 643 1111111,
1479 579 1527 651 qui
1551 580 1652 635 librum
1674 580 1791 650 ejusde
1859 614 1862 618 Δ

95 676 156 732 pag.
182 666 242 716 ott.
279 660 374 716 Sohnii
403 667 470 718 tom.
495 668 517 717 1.
541 661 570 716 in
594 662 694 718 thesib.
720 662 755 718 de
774 662 827 717 boc
847 678 928 733 argu·
955 662 1022 734 fuga
1049 664 1187 735 allegant,
1222 666 1272 720 sed
1301 664 1408 736 hiartyr
1442 666 1522 720 class.
1554 672 1577 721 3.
1613 665 1665 722 loc.
1692 683 1788 720 comm.

96 752 185 801 mento
201 762 268 817 pag.
289 752 346 802 195.
378 748 664 802 alterationibus:
688 754 708 803 1.
730 747 827 819 Fugae
846 748 929 818 hujus
955 749 1071 805 111111.
1093 747 1119 824 ξ.
1140 757 1180 806 at.
1200 757 1227 804 et
1244 751 1357 805 Aretius
1382 757 1461 821 parte
1490 759 1510 810 1.
1529 751 1662 822 problem.
1682 753 1744 806 loco
1764 751 1800 808 2.“

95 847 178 886 causa
205 848 261 886 non
281 836 324 888 est
345 832 485 903 legitima,
512 849 602 905 neque
629 833 701 888 enim
732 833 831 888 nititur
853 838 929 889 certa
955 852 1019 905 pag.
1038 841 1078 890 26.
1098 853 1161 891 eum
1185 843 1324 892 excusant.
1363 836 1541 908 Augustinus
1566 837 1645 906 epist.
1676 838 1789 894 ishad

96 917 156 988 lege
172 917 218 973 rel
237 916 374 988 petentis,
398 919 443 974 vel
461 919 631 990 indulgentis
654 924 791 990 respectu.
828 919 929 974 Potens
955 920 1128 976 Honoratum
1150 923 1237 977 utitur
1264 922 1488 976 distinctione.ll
1522 922 1594 978 Sans
1624 922 1720 993 fugam
1740 921 1788 976 ali-

96 1007 137 1057 est
152 1002 289 1072 minister,
318 1003 412 1061 atille
430 1005 589 1060 nonhabet
608 1021 721 1059 causam
739 1004 865 1076 fugiendi
883 1005 928 1075 ju·
956 1008 1067 1077 quando
1086 1025 1244 1063 concessam
1271 1025 1344 1073 esse,
1373 1008 1495 1063 ostendit
1515 1009 1661 1062 consilium
1686 1007 1788 1064 Christi

96 1097 179 1153 stam,
200 1090 251 1143 sed
268 1088 419 1159 impellitur
440 1091 541 1160 partim
560 1090 720 1145 diffidentia
744 1106 811 1162 erga
828 1090 929 1159 Deum,
941 1144 944 1167 Ι
955 1092 1055 1150 Matth.
1079 1099 1117 1162 16,
1136 1111 1161 1148 v.
1182 1100 1231 1149 23:
1253 1095 1322 1149 Cum
1339 1111 1388 1148 eos
1403 1095 1546 1164 persecuti
1562 1095 1670 1156 suerint
1683 1096 1712 1148 in
1730 1113 1789 1149 una
1800 1095 1858 1138 xm.
1871 1093 1915 1138 ¹¹⁷·

95 1174 194 1245 partim
214 1174 382 1229 confidentia
401 1176 531 1245 propriae
549 1175 702 1246 supientiae
717 1176 745 1229 11
764 1176 929 1246 quaerendis
941 1172 1074 1248 1111111111,
1092 1181 1183 1247 sapite
1196 1180 1225 1232 in
1240 1180 1344 1247 aliam,·
1362 1180 1517 1250 exemplum
1529 1179 1631 1234 Christi
1648 1180 1746 1235 Matth.
1764 1186 1789 1250 2,

95 1261 191 1317 mediis
206 1267 284 1316 extra
296 1261 350 1316 Dei
368 1262 493 1329 verbum,
513 1262 560 1332 qui
580 1262 700 1316 debebat
719 1261 775 1316 fide
792 1262 981 1333 respicereiv.
1006 1270 1042 1319 ll.
1068 1282 1091 1320 c.
1114 1271 1162 1330 tt,
1187 1271 1273 1320 115.
1305 1264 1367 1320 Joh.
1387 1272 1416 1328 8,
1441 1283 1466 1317 v.
1493 1271 1533 1321 59.
1561 1265 1629 1319 Luc.
1649 1271 1677 1333 1,
1706 1283 1731 1320 v.
1749 1270 1790 1320 30.

95 1347 288 1418 promissiones
309 1347 676 1403 1111111Ρ11111.91.111.
712 1348 865 1419 Indulgens
888 1323 1008 1403 escleto.
1028 1350 1147 1420 apostoli
1165 1349 1247 1405 Pauli
1266 1349 1329 1404 Act.
1349 1355 1374 1417 9,
1392 1368 1416 1402 v.
1435 1355 1477 1406 26.
1507 1355 1532 1406 1.
1552 1351 1614 1406 Cor.
1636 1356 1681 1419 11,
1701 1368 1727 1402 v.
1747 1356 1789 1409 33.

95 1432 219 1500 ecclesia,
236 1433 327 1487 111111
346 1432 443 1488 itidem
456 1433 615 1488 destituitur
633 1449 718 1487 eausa
735 1432 861 1504 legitima
879 1449 929 1488 neo
956 1435 1104 1506 Polycarpi
1133 1435 1208 1506 apud
1236 1433 1387 1489 Eusebium
1419 1434 1481 1491 libr.
1512 1442 1536 1490 t.
1564 1435 1661 1492 111111.
1694 1434 1789 1491 histor.

95 1519 167 1574 ultra
186 1535 283 1574 vocem
303 1518 397 1589 sponsi
415 1520 458 1573 sui
484 1519 646 1590 praesertim
672 1519 708 1573 ad
729 1536 810 1573 suum
828 1519 928 1573 incom·
954 1537 978 1577 1.
1002 1527 1038 1576 15.
1058 1520 1203 1575 Athanasii
1223 1520 1298 1591 apud
1317 1520 1459 1576 Socratem
1480 1521 1540 1576 libr.
1561 1526 1585 1574 2.
1596 1521 1690 1578 histor.
1704 1537 1728 1578 1.
1750 1527 1789 1578 ll.

95 1605 205 1660 modum
224 1603 376 1676 quidquam
396 1605 543 1674 disponere
573 1610 672 1676 potest.
709 1610 732 1660 2.
753 1604 782 1660 Si
811 1604 929 1659 ecelesia
955 1606 1118 1661 Theodorei.
1150 1606 1211 1661 libr.
1249 1613 1273 1662 2.
1312 1623 1334 1660 1.
1371 1613 1395 1662 t.
1429 1605 1521 1660 Rufin.
1555 1606 1604 1664 lib.
1639 1612 1660 1661 1.
1693 1624 1717 1662 c.
1748 1611 1789 1663 18.

93 1684 326 1761 periculosissimo
343 1707 393 1745 suo
412 1697 537 1760 tempore
549 1695 642 1761 potest
655 1691 773 1761 pastoris
785 1689 828 1744 sui
841 1707 929 1760 opera
955 1699 1006 1747 etc.
1044 1692 1166 1747 ”Adde
1191 1693 1334 1748 Socratem
1361 1691 1423 1746 libr.
1443 1696 1467 1748 3.
1492 1692 1587 1748 histor.
1610 1709 1633 1746 1.
1662 1698 1686 1747 6.
1709 1690 1790 1747 Nice-

93 1793 187 1833 carere
214 1784 243 1832 et
268 1776 372 1847 pastori
401 1776 430 1829 in
456 1776 552 1831 eodem
575 1782 649 1830 statu
674 1776 739 1830 lieet
757 1777 830 1831 vices
848 1775 928 1830 alteri
954 1779 1071 1848 phorum
1088 1777 1149 1831 libr.
1173 1784 1213 1833 10.
1232 1795 1256 1834 1.
1276 1785 1314 1833 16.
1333 1777 1514 1848 Tripartitam
1534 1777 1594 1833 libr.
1624 1783 1789 1849 111112.

93 1861 304 1919 committendas
336 1862 510 1931 permittere,
540 1866 633 1931 potest
651 1861 733 1930 idem,
762 1868 791 1916 et
816 1862 929 1932 quidem
955 1864 1053 1919 Matth.
1076 1870 1116 1930 10,
1136 1882 1161 1918 v.
1186 1870 1233 1920 re:
1262 1867 1358 1917 Estote
1378 1867 1534 1934 prudentes
1552 1865 1623 1917 sicut
1641 1872 1791 1933 serpentes.

93 1949 180 2004 multo
200 1948 298 2019 magis,
317 1946 378 2004 fieri
400 1953 525 2017 tempore
542 1964 599 2001 uon
624 1952 681 2000 tam
707 1946 869 2017 periculoso,
888 1951 928 2000 at·
956 1949 1053 2003 Atilii
1073 1949 1194 2004 latebras
1213 1956 1365 2020 quaerunt,
1396 1967 1459 2004 cum
1485 1949 1558 2004 ritae
1585 1966 1652 2004 suae
1676 1949 1790 2004 insidias

94 2050 148 2106 que
167 2035 209 2089 ita
227 2033 384 2089 omnimoda
401 2033 519 2090 cessatio
538 2033 573 2087 ab
595 2033 687 2088 officio
705 2034 852 2105 indulgeri.
889 2033 929 2086 At
955 2033 1024 2087 strui
1041 2034 1171 2089 sentiunt.
1207 2037 1292 2102 iupis
1307 2035 1392 2089 Elias
1408 2041 1429 2090 1.
1445 2035 1514 2106 Reg.
1531 2041 1570 2090 19.
1593 2053 1618 2091 v.
1633 2041 1657 2090 3.
1682 2034 1791 2106 Fugam

94 2137 149 2174 non
166 2121 234 2189 hoc,
259 2120 334 2191 quod
354 2120 455 2190 partim
475 2119 598 2175 ostendit
615 2120 700 2187 ratio,
728 2135 799 2189 quae
818 2120 928 2174 demon·
956 2118 1056 2188 probat
1074 2119 1194 2174 Basilius
1207 2121 1325 2191 Magnus
1338 2121 1367 2175 iu
1387 2120 1479 2175 homil.
1493 2120 1528 2175 de
1541 2119 1646 2175 Gordio
1659 2125 1790 2190 martyre,

95 2213 172 2274 11111,
189 2205 360 2260 1111111111
382 2221 606 2276 unamquamque
624 2205 653 2260 iu
679 2205 845 2277 peragendis
868 2203 929 2259 fun·
956 2206 1132 2276 Augustinus
1150 2212 1228 2260 tract.
1253 2212 1290 2261 15.
1311 2206 1340 2259 11
1359 2206 1459 2261 Johan.
1494 2205 1628 2260 Rationes
1650 2213 1671 2262 1.
1692 2206 1791 2276 Cujus·

95 2291 193 2346 ctionis
217 2292 353 2362 cujusque
375 2291 501 2362 partibus
533 2292 591 2347 sive
609 2291 739 2362 operibus
764 2291 930 2361 consister03
956 2307 1066 2363 cunque
1092 2291 1184 2362 operis
1213 2292 1394 2362 principium,
1418 2291 1573 2363 objectum,
1596 2293 1694 2347 modus
1717 2293 1792 2347 circa

95 2377 195 2447 partim
221 2377 356 2446 judicium
383 2384 411 2432 et
437 2377 575 2432 sententia
602 2382 758 2432 nostrorum
783 2377 818 2430 de
835 2376 930 2431 otiosis
956 2376 1026 2432 illud
1044 2377 1172 2431 versandi
1191 2383 1220 2432 et
1238 2377 1300 2431 finis
1325 2383 1368 2432 est
1392 2377 1547 2449 legitimus,
1574 2377 1643 2432 illud
1668 2384 1710 2432 est
1732 2377 1790 2431 liei·

95 2462 301 2518 Pontiticiorum
331 2462 477 2533 episeopis.
515 2462 590 2534 Ergo
612 2479 664 2518 nec
691 2463 767 2518 illud.
812 2469 836 2518 3.
864 2463 930 2517 Ani·
956 2469 1023 2517 tum.
1062 2462 1159 2534 Fugae
1178 2463 1365 2518 ministrorum
1384 2463 1461 2519 verbi
1478 2464 1559 2519 certis
1585 2464 1791 2519 conditionibus

95 2565 167 2602 mam
186 2547 288 2619 singuli
308 2548 342 2603 11
361 2549 497 2619 gregariis
522 2548 656 2603 militibus
682 2554 710 2604 et
734 2548 833 2603 ovibus
852 2548 930 2602 Chri·
956 2549 1179 2619 oircumscriptae
1200 2551 1291 2603 omnia
1311 2550 1359 2604 illa
1375 2555 1543 2620 competunt
1578 2549 1661 2622 Ergo.
1696 2556 1720 2605 2.
1733 2550 1791 2605 hia·

85 2628 129 2688 'sti
157 2635 255 2687 uelem
282 2650 387 2703 potiere
407 2651 462 2702 pro
489 2634 631 2698 fratribus
648 2635 708 2688 rurs
738 2641 759 2689 1.
784 2633 886 2689 Johau.
905 2639 929 2702 ³,
958 2653 1023 2690 nere
1040 2635 1069 2689 in
1088 2634 1216 2703 eeclesia,
1245 2652 1317 2706 quae
1344 2642 1371 2690 te
1389 2635 1494 2706 gloriae
1513 2635 1566 2690 Dei
1584 2635 1791 2707 propagandae,

94 2737 119 2772 v.
141 2725 180 2774 16.
219 2719 294 2790 Ergo
318 2716 405 2772 multo
431 2717 520 2789 magis
539 2718 715 2790 antesignani
738 2726 766 2774 et
793 2719 878 2773 duces
900 2718 929 2772 id
957 2720 1141 2775 conscientiae
1161 2728 1226 2775 tuae
1246 2720 1407 2776 liberandae
1427 2727 1455 2775 et
1476 2720 1596 2775 hostium
1617 2721 1718 2790 judicii
1735 2738 1815 2801 non!

93 2810 223 2861 tenentur
241 2805 338 2860 facere.
374 2803 458 2860 Tarn.
479 2803 513 2859 de
534 2804 684 2860 ministerio
705 2812 811 2875 quaest.
831 2806 895 2860 93*
955 2805 1127 2876 aggravandi
1149 2823 1233 2861 causa
1253 2806 1340 2862 libere
1357 2805 1480 2874 dimittit,
1499 2813 1542 2861 est
1557 2807 1692 2861 illicitum.
1715 2807 1792 2879 Ergo

13 2906 40 2947 tr
131 2899 189 2948 291.
229 2892 377 2958 Quaeritur
417 2896 440 2947 2.
478 2910 515 2944 an
548 2898 670 2960 tempore
702 2892 857 2946 obsidionis
884 2892 929 2945 uel
954 2890 1083 2946 secedere
1101 2908 1133 2945 ex
1153 2891 1250 2946 eadem
1269 2890 1322 2946 sub
1342 2891 1508 2946 enumeratis
1525 2891 1731 2947 conditionibus
1749 2898 1792 2947 est

10 2968 69 3007 ''⁹⁰‘'
90 2979 296 3050 persecutionis
319 2979 450 3032 ministro
472 2978 573 3044 supere
598 2976 703 3030 liccat.²
732 2976 795 3032 Non
819 2976 927 3047 agimus
953 2975 1068 3031 licitum.
1115 2976 1221 3032 Eodem
1252 2976 1334 3031 modo
1371 2982 1582 3049 argumentatur
1619 2977 1791 3044 Athanasius

10 3013 69 3104 11110.
95 3065 147 3120 hoc
165 3066 226 3119 loco
243 3067 280 3117 ste
299 3066 372 3133 fuqa
391 3063 493 3128 citimi,
520 3077 575 3133 qua
595 3061 719 3116 minister
733 3063 866 3116 ecclesiae
886 3079 926 3117 er·
954 3062 1028 3132 apud
1040 3061 1180 3116 Socratem
1197 3061 1246 3116 lib.
1268 3068 1290 3118 3.
1305 3080 1326 3116 1.
1341 3069 1366 3118 6.
1399 3062 1532 3135 Persequi
1552 3070 1579 3118 et
1595 3064 1720 3118 occidere
1742 3062 1790 3117 im·

10 3125 71 3209 irim
96 3170 169 3208 rores
189 3152 330 3207 doctrinae
348 3152 457 3207 etvitia
474 3167 580 3204 morum
598 3166 631 3204 11
650 3148 808 3204 vitaeinter
821 3149 927 3205 audito·
955 3154 1104 3204 merentem
1121 3154 1164 3203 est
1180 3155 1335 3218 peecatum.
1369 3148 1445 3220 Iirgo
1463 3149 1593 3205 secedere
1605 3155 1634 3204 et
1648 3149 1718 3219 fuga
1736 3148 1791 3202 sibi

94 3255 137 3294 res
154 3238 322 3293 invalescere
342 3235 438 3291 videns
457 3236 642 3307 potentiorum
661 3236 725 3290 odia
743 3236 786 3290 rel
806 3236 862 3290 alia
880 3253 926 3306 pe·
954 3234 1072 3290 salutem
1090 3250 1222 3304 quaerere
1240 3253 1296 3289 non
1315 3240 1358 3288 est
1376 3236 1571 3305 petessant*
1610 3235 1790 3306 Distinguen-

94 3325 182 3380 ricula
212 3323 368 3377 subveritus
400 3321 528 3377 connivet
565 3338 617 3377 nec
645 3338 705 3376 sese
741 3321 828 3376 instar
856 3324 925 3377 muri
954 3322 1020 3376 dum
1038 3338 1102 3376 vero
1122 3322 1194 3377 inter
1209 3323 1417 3391 persecutiones
1439 3323 1615 3392 singulares,
1637 3319 1789 3391 inquibus

95 3409 255 3481 emtigando
274 3416 303 3464 et
321 3407 548 3478 reprehendendo
566 3407 688 3477 opponit.
723 3409 766 3463 De
784 3425 840 3479 qua
858 3409 927 3481 fuga
955 3408 1037 3462 unius
1055 3408 1173 3462 ministri
1193 3410 1474 3480 personaquaeritur,
1493 3416 1519 3462 et
1535 3425 1692 3462 communes
1706 3408 1789 3462 totius

94 3496 235 3567 praeclare
261 3495 329 3550 dicit
360 3494 536 3565 Augustinus
569 3499 648 3547 tract.
679 3499 720 3548 46.
751 3495 780 3548 11
810 3494 927 3552 slohun:
954 3494 1087 3548 ecclcsiae
1101 3495 1309 3563 persemtiones
1320 3515 1331 3562 ,·
1362 3495 1390 3548 in
1416 3493 1472 3548 illis
1504 3493 1599 3565 fugam
1631 3509 1790 3548 concessam

98 3584 171 3644 Quia
183 3581 305 3648 tacuisti,
324 3581 427 3648 sapisti
433 3601 444 3647 ,·
463 3579 583 3646 tacuisti,
601 3579 670 3646 quia
683 3581 810 3648 timuisti,
831 3597 927 3650 quam·
954 3596 1015 3634 esse
1033 3579 1161 3646 dicimus,
1182 3578 1210 3632 iu
1233 3578 1276 3632 his
1293 3595 1349 3632 non
1366 3579 1418 3632 uisi
1432 3585 1507 3634 certo
1521 3583 1659 3651 respectu.
1682 3577 1788 3632 Distin-

95 3685 148 3739 que
173 3667 340 3738 prohibitam
366 3673 395 3722 et
419 3666 578 3720 damnatam
603 3682 662 3720 esse
687 3682 768 3721 nemo
794 3665 912 3737 ambigit
919 3690 927 3730 ,·
953 3665 1095 3736 gucndum
1113 3663 1229 3718 ulterius
1248 3664 1320 3719 inter
1337 3669 1427 3718 status
1445 3662 1631 3719 ecclesiarum.
1659 3662 1790 3731 Quando·

94 3756 141 3809 sed
162 3754 304 3825 quaeritur
323 3755 358 3807 ste
373 3753 447 3820 fuya
473 3753 601 3820 corporis
630 3759 752 3821 tempore
776 3752 927 3806 obsidionis
954 3767 1009 3823 que
1038 3749 1111 3805 euim
1141 3749 1265 3805 minister
1292 3749 1426 3805 ecclesiae
1453 3767 1602 3820 consensu,
1630 3753 1684 3805 imo
1706 3767 1791 3806 suasu

93 3841 137 3895 vel
175 3839 374 3911 persecutionis
411 3838 545 3892 instituta.
592 3838 793 3893 *1111111111
823 3838 869 3892 lib.
903 3845 927 3894 4.
954 3836 1111 3891 auditorum
1130 3853 1241 3890 suorum
1260 3835 1300 3890 ita
1320 3835 1402 3908 fugit,
1421 3843 1453 3892 ut
1471 3835 1581 3890 interim
1601 3837 1725 3901 ecclesia,
1744 3837 1790 3892 cui

93 3945 116 3981 1.
140 3933 183 3981 18:
205 3927 331 3980 Christus
341 3925 462 3986 secessit,
480 3941 535 3977 non
549 3924 701 3991 utuitmet,
722 3926 799 3991 quod
815 3940 926 3977 1111111
954 3922 1111 3991 praefectus
1137 3928 1203 3990 erat,
1226 3922 1288 3978 aliis
1316 3921 1421 3978 idoneis
1446 3921 1606 3978 doctoribus
1630 3940 1686 3977 non
1706 3921 1790 3977 desti·

96 4022 156 4066 crat
173 4013 288 4081 perpeti
300 4028 334 4064 ac
353 4011 504 4073 sustinere,
531 4011 583 4062 secl
602 4017 631 4061 ut
655 4011 825 4077 ostenderet,
853 4013 930 4079 quod
954 4015 1063 4076 tuatur,
1092 4008 1166 4079 quod
1191 4008 1299 4063 licitum
1318 3999 1388 4063 'esse
1418 4000 1590 4079 judicamus(
1622 4009 1791 4075 11(Ρ111111

95 4101 136 4151 ita
155 4099 221 4162 (leri
237 4104 378 4167 oporteret
395 4097 425 4150 in
443 4096 728 4166 omnipo-secutione,
748 4113 782 4150 ne
800 4115 854 4149 sua
867 4099 930 4166 quis
955 4112 1120 4150 consensum
1140 4095 1280 4165 ecclesiae,
1299 4095 1334 4149 de
1351 4110 1406 4165 quo
1423 4095 1542 4165 fugienti
1561 4099 1686 4150 constare
1700 4095 1790 4163 debet,

95 4187 181 4253 culpa
194 4185 328 4238 incidisse
340 4183 479 4236 videatur.
515 4180 691 4252 Augustinus
705 4180 735 4234 in
748 4182 848 4236 Psalm.
865 4188 928 4240 142:
955 4181 1042 4251 probe
1061 4181 1243 4237 excutiendus
1263 4188 1292 4236 et
1309 4180 1506 4236 examinandus
1525 4186 1568 4235 est
1584 4181 1703 4251 fugienti
1723 4198 1789 4235 suus
1833 4179 1836 4184 ’

98 4273 220 4343 Corpore
235 4271 336 4338 supere
354 4270 428 4338 licet,
446 4285 606 4322 concessum
625 4276 678 4335 est,
692 4268 863 4336 permissum
888 4278 929 4323 est
955 4267 1062 4321 animus
1090 4274 1118 4322 et
1141 4266 1228 4338 fugae
1254 4283 1361 4336 scopus.
1400 4266 1451 4321 1111
1476 4267 1515 4322 ita
1535 4272 1711 4339 comparatus
1730 4282 1790 4320 esse

96 4358 219 4410 Domino
244 4354 360 4419 dicente,
394 4355 429 4408 Si
453 4372 501 4408 uos
518 4353 663 4423 persecreti
685 4355 795 4417 fuerint
818 4355 848 4407 in
872 4373 929 4408 una
957 4353 1048 4420 debet,
1066 4360 1098 4408 ut
1118 4353 1141 4408 si
1153 4353 1306 4407 remedium
1319 4353 1372 4407 hoc
1386 4370 1441 4407 uon
1456 4353 1629 4420 successerit,
1649 4352 1697 4406 sed
1713 4352 1790 4407 Deus

95 4445 219 4509 11111111,
238 4442 337 4510 sapite
355 4441 385 4493 iu
405 4440 502 4496 aliam.
536 4439 614 4493 Idem
641 4438 724 4493 dictis
747 4445 775 4494 et
796 4440 929 4510 exemplis
956 4440 992 4493 ad
1017 4445 1133 4494 mortem
1157 4447 1185 4493 et
1208 4440 1371 4510 martyrium
1394 4439 1545 4494 secessione
1570 4437 1623 4492 sibi
1647 4436 1790 4491 consulere

97 4530 242 4585 confirmat
259 4527 432 4583 Athanasius
452 4527 480 4580 in
497 4525 626 4597 apologia
640 4525 675 4579 de
686 4524 756 4596 fuga
767 4525 827 4582 sua.
852 4526 929 4581 idem
956 4527 1093 4581 volentem
1111 4531 1230 4591 revocet,
1251 4531 1365 4595 paratus
1386 4526 1421 4579 sit
1440 4526 1523 4579 etiam
1541 4540 1604 4578 eum
1624 4522 1710 4594 sequi.
1736 4522 1790 4578 Hie

96 4615 270 4686 Augustinus
288 4619 367 4669 11111
390 4620 428 4668 15.
448 4613 603 4669 11111111
629 4613 819 4681 Unusquisque
834 4631 929 4667 seruies
956 4629 1021 4667 vero
1055 4610 1221 4665 diuturniori
1253 4610 1326 4666 vitae
1354 4611 1437 4682 huJ'us
1467 4611 1599 4665 fruitione
1631 4608 1790 4680 quaerenda

97 4704 155 4756 Dei
171 4719 226 4755 uon
240 4708 350 4770 peccat,
369 4702 396 4754 si
413 4699 556 4753 secesserit
575 4699 605 4752 iu
618 4699 707 4752 ulium
722 4699 813 4752 lomim
831 4699 930 4753 viciens
955 4698 1081 4769 inprimis
1099 4704 1127 4752 et
1145 4697 1318 4768 potissimum
1332 4698 1386 4753 Dei
1403 4698 1520 4769 gloriam
1539 4702 1567 4751 et
1587 4695 1720 4750 ecclesus
1733 4695 1790 4751 sive

89 4792 223 4856 furorem
236 4787 462 4858 persequentium
487 4803 517 4838 se
545 4794 594 4840 aut
614 4786 805 4855 quaerentium
822 4784 851 4838 in
870 4803 929 4839 mu·
955 4783 1071 4855 proximi
1095 4784 1278 4851 commodum,
1299 4802 1354 4838 non
1379 4800 1477 4845 suum,
1509 4782 1583 4853 quod
1607 4781 1733 4853 subrepit
1756 4799 1790 4836 ex

95 4876 152 4928 luni
177 4875 301 4928 animam
326 4891 415 4926 suam.
458 4870 605 4924 Videretur
633 4879 724 4925 autem
753 4888 848 4925 seruus
871 4873 931 4926 Dei
955 4870 1040 4924 nimio
1065 4887 1159 4925 amore
1187 4871 1261 4925 vitae
1286 4869 1418 4940 longioris
1442 4873 1470 4923 et
1494 4885 1561 4923 cura
1580 4886 1692 4923 suorum
1711 4885 1790 4939 prae·

93 4979 219 5030 peecare,
234 4967 261 5014 ss·
269 4962 394 5028 fuceret,
412 4957 469 5010 nisi
487 4957 517 5010 in
528 4956 668 5024 sariendo
689 4956 829 5012 Dominus
845 4974 928 5027 prae-
956 4963 1075 5027 postera,
1089 4962 1215 5027 spectare
1229 4956 1319 5010 debet.
1338 4954 1422 5009 Turn.
1436 4954 1470 5009 de
1483 4955 1584 5010 minist.
1597 4962 1702 5026 quaest.
1716 4956 1790 5023 111*

95 5049 227 5101 cessisset.
257 5047 338 5099 Fecit
354 5046 406 5099 hoc
426 5043 476 5095 ills
494 5042 628 5108 magister
646 5044 741 5110 bonus,
758 5051 789 5096 ut
808 5046 930 5115 doceret,
958 5042 1130 5113 Quandoque
1147 5057 1213 5095 vero
1231 5040 1271 5095 ita
1283 5039 1364 5112 fugit,
1383 5047 1414 5094 ut
1424 5040 1598 5096 auditoribus
1617 5041 1674 5095 suis
1694 5040 1790 5112 fugam

94 5152 149 5187 non
168 5135 246 5203 quod
274 5134 388 5186 timeret.
427 5133 506 5183 tract.
528 5132 570 5182 21.
598 5127 626 5181 11
648 5127 764 5185 doben:
793 5130 929 5184 Mamm
957 5144 1009 5183 111
1027 5120 1225 5195 suadentibus,
1251 5142 1303 5179 uec
1321 5126 1349 5180 in
1369 5143 1430 5181 eam
1454 5127 1691 5182 consentientibus
1711 5144 1789 5182 scau·

93 5225 161 5285 mot,
181 5227 210 5270 ut
227 5219 332 5286 uliquis
348 5215 444 5284 fidelis
462 5214 644 5268 absconderet
657 5231 694 5282 se,
713 5231 747 5268 ne
764 5233 783 5267 a
796 5233 928 5283 persecu·
956 5215 1066 5283 delum,
1087 5212 1212 5268 hostibus
1230 5228 1294 5266 vero
1312 5228 1408 5265 ansam
1427 5213 1613 5267 calumniandi
1631 5221 1659 5267 et
1675 5211 1790 5267 insidias

94 5304 199 5357 toribus
221 5303 393 5357 irruenirstur
412 5309 437 5354 et
454 5317 489 5353 ne
509 5299 557 5352 illi
572 5315 626 5366 pro
651 5299 767 5352 crimine
794 5302 926 5370 objicere·
955 5299 1071 5354 oviculis
1091 5297 1216 5353 struendi
1233 5297 1406 5352 occasionem
1430 5297 1579 5368 praebeat,
1611 5300 1685 5369 quod
1709 5298 1790 5353 illici-

93 5398 138 5442 tur
158 5389 313 5455 latibulum,
331 5387 488 5456 praecessit
508 5383 648 5454 incapite,
666 5384 743 5451 quod
756 5384 785 5437 in
804 5388 925 5442 membro
954 5387 1038 5441 citum
1048 5384 1293 5441 essearbitramur.
1314 5402 1336 5439 c.
1350 5384 1512 5440 Adversitas
1525 5391 1635 5440 11111.
1648 5391 1754 5456 quaest.
1768 5392 1789 5443 l.

92 5478 313 5543 confirmaretur.
349 5472 519 5530 Athanasius
537 5486 648 5544 quoque
665 5467 858 5525 affirmativam
878 5473 924 5528 de·
952 5471 1085 5543 Gregor.:
1104 5470 1282 5534 Adirsrsitas,
1301 5487 1372 5538 quae
1390 5471 1468 5523 torris
1481 5471 1551 5524 uiris
1564 5471 1703 5540 obJ'icitur,
1722 5490 1792 5540 pro·

91 5561 181 5616 fendit
205 5561 234 5616 in
262 5557 393 5629 apologia
414 5576 465 5630 pro
487 5559 564 5631 fuga.
599 5552 771 5614 Tertulliano
791 5557 923 5628 negativa
951 5559 1027 5614 butio
1045 5558 1155 5612 oirtrms
1176 5565 1227 5625 est,
1244 5574 1306 5610 nou
1319 5557 1454 5611 iudicium
1474 5558 1703 5626 reprobationis·
1719 5557 1788 5622 Quis
