4020 6014
646 218 697 274 na
716 216 968 275 manmena
988 185 1175 277 somnae.
1212 185 1220 208 ‘
1684 234 1743 293 ιιι

53 377 148 441 potest
162 377 194 426 ιι
212 373 259 442 qui
279 373 395 428 maxime
411 380 542 429 terrorem
555 372 661 440 incutit,
682 373 818 445 exprimit,
834 389 889 427 non
915 373 1223 446 JobannisApoc.13,
1252 391 1277 427 v.
1305 379 1349 430 10·
1382 373 1472 437 aar
1459 394 1489 428 m
1513 377 1612 445 plodio
1635 379 1745 448 occidit,
1756 381 1799 431 eri
1813 382 1836 420 ιι

54 457 131 527 quod
150 457 277 512 omnibus
293 459 448 515 maleficis
440 479 463 514 rs
488 462 591 531 gradm
608 476 714 529 poenae
737 459 890 523 conveniat,
916 470 1024 530 oportet
1036 479 1097 515 eom
1114 462 1212 530 plactis
1231 461 1337 528 oceidi,·
1367 461 1416 515 sed
1434 461 1566 527 fatemur,
1592 463 1669 518 illurn
1688 482 1743 519 non
1738 419 1847 528 ιιιιιοιι

53 544 154 597 sedt
124 550 154 596 ιιι
173 551 337 613 potestatem
367 547 544 616 magistratus
570 547 718 616 exprimat,
748 563 819 617 quae
837 546 887 601 rei·
915 563 975 602 esse
992 549 1117 617 ejusdem
1135 548 1245 601 omnino
1266 547 1371 601 roboris
1392 564 1425 601 ac
1443 549 1572 617 ponderis
1590 566 1653 603 cum
1671 551 1742 619 prio·
1754 541 1894 635 ξξζῗξξω,

56 628 187 697 publicae
207 632 371 686 necessitate
391 639 419 686 et
433 632 596 686 delictorum
617 633 764 686 atrocitate
775 633 815 686 ita
835 633 889 687 exi·
900 629 1000 700 tribus,
1019 650 1071 689 nec
1089 650 1172 703 posse
1195 650 1229 687 ex
1244 650 1276 687 ιο
1295 639 1487 703 argumentum
1504 633 1614 689 firmum
1634 636 1742 702 deduci,
1757 637 1837 676 ⁰0⁰¹d¹

54 725 139 784 gente
162 717 245 770 etiam
273 717 309 770 ad
332 717 465 786 capitales
484 736 586 787 poenas
610 719 771 789 irrogandas
794 736 823 772 se
843 706 936 789 enisi
954 720 1108 789 accipiatur
1126 720 1213 786 solus,
1242 717 1333 771 sed
1311 736 1334 771 si
1362 720 1548 790 conjungatur
1567 739 1628 775 oum
1647 722 1742 791 priori·
1791 786 1794 795 ι
1913 718 1915 722 ’

54 802 153 863 tendit,
173 811 202 855 et
220 810 251 856 ut
268 803 430 857 facinorosis
449 811 580 860 terrorem
599 805 724 860 incutiat
766 806 814 859 Vis
831 794 1148 874 northusunense,
1176 822 1201 857 v.
1222 809 1263 859 52.
1287 803 1366 858 Rom.
1390 809 1434 872 13,
1462 821 1488 860 v.
1517 811 1543 862 4.
1582 804 1743 861 Continetnr
1819 800 1822 820 ¹

55 889 152 939 timere
168 898 338 957 potestatem,
359 890 460 959 inquit,
480 892 580 944 bonum
596 894 653 958 sac
676 901 702 945 et
720 892 833 946 leodem
853 883 988 962 ablenim
1017 892 1045 945 in
1072 890 1205 945 hocloco
1231 890 1425 960 apocalyptico
1451 893 1561 961 proprie
1583 893 1742 947 vaticinium

57 992 92 1025 ea
111 976 240 1040 babebis;
260 976 287 1027 si
304 985 397 1028 autem
416 978 624 1045 malefeceris,
642 979 721 1042 time,
741 995 797 1031 aon
817 979 889 1030 oraim
901 978 903 1024 ἓ
914 983 942 1031 ιι
961 977 1112 1048 praedictio
1135 977 1170 1032 de
1185 993 1276 1046 poena
1293 975 1412 1040 talionis,
1432 977 1568 1049 siqnidem
1586 980 1740 1048 praecedit:

10 1053 42 1094 Μ
55 1061 128 1126 perit
145 1061 272 1127 alodiam
293 1062 413 1123 transtra.
449 1062 535 1117 Recte
560 1063 646 1133 igitur
672 1080 705 1118 ιι
730 1072 807 1119 textu
825 1074 902 1133 apo-t
917 1063 971 1126 Qai
1000 1066 1028 1116 in
1058 1064 1247 1132 captivitatem
1274 1063 1360 1129 ducit,
1388 1063 1416 1114 in
1444 1065 1631 1131 captiuitatem
1657 1067 1743 1132 vadit,

56 1147 154 1200 stolico
170 1146 210 1199 sic
227 1146 341 1216 colligo:
368 1147 548 1217 Magistratus
567 1156 658 1219 potest
675 1150 703 1202 in
722 1149 888 1219 quibusdam
901 1144 903 1204 l
914 1155 943 1204 et
961 1149 1081 1217 additur,
1100 1149 1149 1217 qai
1165 1150 1262 1216 plodio
1281 1150 1423 1217 occiderit,
1441 1159 1548 1217 oportet
1567 1167 1626 1203 eum
1644 1153 1743 1219 plodio

55 1231 163 1286 delictis
182 1233 269 1302 gladii
290 1250 406 1302 poenam
427 1235 562 1305 irrogare,
591 1251 658 1304 ergo
687 1236 773 1289 multo
799 1236 887 1306 magis
902 1235 903 1268 f
916 1237 1016 1290 occidi.
1056 1235 1128 1298 Quia
1146 1251 1210 1289 vero
1226 1235 1302 1289 Deus
1320 1236 1391 1288 hanc
1410 1236 1521 1289 talionis
1538 1253 1654 1306 poenam
1673 1237 1743 1291 ordi-

55 1318 174 1372 minores
193 1334 294 1388 poenas
312 1336 395 1388 quam
415 1320 547 1388 capitales
560 1320 682 1391 irrogare
700 1327 800 1391 potest.
824 1322 886 1376 Non
898 1310 901 1359 ¹
913 1323 989 1377 narie
1008 1339 1057 1392 per
1074 1321 1265 1391 magistratum
1285 1326 1405 1387 exercet,
1433 1321 1495 1375 ideo
1515 1322 1679 1376 secundario
1698 1323 1757 1392 hic

55 1412 148 1456 autem
168 1410 242 1459 recte
262 1404 376 1475 colligo:
403 1407 579 1476 magistratus
604 1412 696 1476 potest
720 1407 748 1459 in
774 1407 885 1477 quibus·
913 1408 988 1462 locus
1008 1407 1215 1477 apocalypticus
1234 1407 1287 1460 huc
1307 1408 1506 1461 accommodari
1519 1414 1547 1462 et
1561 1409 1659 1463 ceteris
1679 1425 1741 1463 con-

55 1490 119 1542 dam
140 1490 247 1549 delictis
264 1491 351 1560 gladii
370 1507 487 1560 poenam
507 1491 644 1562 irrogare,
670 1508 735 1562 ergo
756 1493 784 1546 in
802 1494 992 1564 omni-tjungi
1019 1499 1119 1562 potest
1157 1493 1267 1562 Excipit
1295 1492 1476 1548 Schmaltzius
1505 1499 1600 1549 contra
1628 1495 1699 1565 disp.
1718 1502 1742 1549 t.

56 1575 107 1629 bus
126 1577 234 1630 delictis
254 1577 338 1631 debet
354 1577 487 1648 capitales
507 1595 611 1647 poenas
635 1577 798 1633 facinorosis
816 1579 887 1632 iufli·
912 1581 993 1650 prior.
1030 1579 1140 1634 Frantz.
1175 1579 1209 1633 de
1237 1579 1314 1633 bonis
1352 1580 1456 1650 operib.
1494 1599 1520 1650 p.
1550 1587 1613 1636 tta:
1655 1582 1744 1635 Verba

55 1679 129 1727 gere.
154 1661 183 1717 Si
204 1664 275 1716 enim
289 1664 357 1718 baec
371 1664 505 1733 posterior
517 1664 643 1719 collectio
656 1666 767 1728 valeret,
779 1683 887 1735 possem
914 1669 1125 1738 Apoealjpseos
1139 1674 1203 1718 suat
1218 1667 1430 1735 misceamini
1443 1669 1628 1720 denunciatur
1643 1669 1741 1721 divina

55 1767 87 1803 ex
117 1749 264 1818 hypothesi
293 1750 461 1805 Photiniaua
487 1752 584 1806 eadem
613 1752 719 1807 ratione
749 1753 888 1824 colligere,
914 1755 1036 1806 vindicta
1056 1754 1115 1806 illas
1091 1754 1192 1821 ss,qai
1211 1751 1333 1820 injurias
1352 1752 1478 1814 inferent
1497 1754 1540 1805 uel
1555 1752 1639 1805 etium
1656 1763 1743 1807 morte

55 1837 130 1904 quod
154 1838 246 1889 omnia
271 1836 374 1890 delicta
403 1838 581 1892 severissimis
614 1840 709 1909 poenis
737 1838 792 1892 sint
813 1841 888 1893 eoe'r·
915 1840 1045 1907 afficiant
1066 1840 1172 1893 Christi
1185 1838 1296 1907 fideles,
1323 1839 1397 1890 hano
1416 1846 1506 1891 aetem
1520 1840 1673 1892 uindictam
1689 1858 1744 1894 aon

54 1923 158 1984 cende,
184 1940 247 1976 cum
275 1923 328 1992 ipsi
356 1931 494 1991 statuant,
522 1924 609 1995 gladii
637 1925 746 1980 nomine
768 1943 901 1993 poenam
912 1941 965 1995 per
991 1924 1184 1993 magistratum
1210 1924 1339 1993 irrogari
1366 1941 1385 1976 a
1413 1925 1477 1978 Deo
1504 1925 1547 1978 uel
1575 1925 1638 1978 hino
1660 1935 1746 1996 patet,

54 2026 257 2062 severissimam
268 2010 319 2064 hoc
332 2009 391 2064 loeo
405 2011 604 2080 accipiendam.
640 2013 684 2065 Ne
703 2015 766 2080 qais
782 2020 889 2064 stataet
915 2014 990 2080 qaod
1004 2013 1172 2079 pleramque
1187 2011 1369 2079 magistratus
1388 2011 1412 2063 ii
1430 2019 1501 2077 sart,
1521 2028 1636 2079 ariorum
1651 2023 1745 2083 poten·

55 2095 155 2164 (inquit
167 2095 370 2164 Sehmaltzius),
388 2099 440 2150 hac
458 2099 567 2150 ratione
580 2099 692 2166 aliquid
710 2099 891 2166 nmyistratui
916 2099 956 2149 tia
975 2099 1172 2165 opprimuntur
1190 2097 1303 2164 fidelem
1324 2096 1372 2149 illi
1391 2113 1469 2165 vero,
1491 2115 1545 2165 per
1563 2115 1631 2166 quos
1648 2102 1745 2167 gladio

56 2182 187 2243 detrahi,
208 2185 322 2250 quando
342 2185 611 2253 caesarensem
635 2204 690 2239 aon
707 2202 792 2253 posse
812 2186 888 2253 eapi-
914 2185 970 2235 siat
988 2184 1141 2246 occidendi,
1160 2184 1210 2251 qui
1225 2181 1324 2249 plodio
1345 2183 1507 2246 occiderint,
1526 2187 1656 2238 censendi
1674 2198 1745 2248 sant,

55 2267 128 2319 talia
146 2269 288 2336 mpplicia
305 2271 442 2337 irrepere,
461 2270 604 2323 scienciam
623 2281 679 2338 est,
696 2289 747 2324 aas
765 2272 814 2338 qai
832 2288 888 2323 ore·
915 2287 984 2337 qaas
1002 2271 1082 2322 Deae
1101 2269 1223 2321 exaitare
1236 2269 1306 2320 solet
1320 2270 1362 2320 ad
1373 2269 1563 2321 ulciscendam
1580 2274 1743 2341 sanquinem

56 2354 157 2419 dimus,
175 2371 231 2406 aaa
249 2356 333 2407 licere
353 2358 534 2422 mapistratui
546 2356 707 2410 Christiano
726 2357 888 2424 sanguinem
914 2372 1035 2420 suoram,
1056 2354 1106 2423 qai
1121 2370 1319 2421 saepenumero
1338 2371 1394 2406 aon
1414 2355 1609 2424 magistrates,
1629 2360 1681 2410 sed
1695 2360 1745 2423 ses

55 2441 206 2491 barisanam
224 2442 356 2508 fundere,
373 2450 404 2494 ιιι
422 2443 504 2495 hodie
522 2444 567 2507 fit,
587 2445 709 2511 credere,
728 2445 804 2511 qaod
823 2444 889 2496 aliis
915 2442 1034 2495 militam
1060 2449 1086 2494 et
1110 2441 1242 2496 colluvies
1266 2441 1470 2509 mancipiorum
1496 2458 1555 2494 esse
1580 2444 1674 2499 ιοιιιιι.
1709 2445 1745 2499 Ει
1792 2435 1795 2447 ’

57 2526 155 2592 modis,
172 2527 222 2594 qui
238 2528 371 2588 fortassis
390 2536 452 2579 seint
469 2528 620 2581 severiores
643 2546 727 2597 qaam
744 2530 890 2596 sanguinis
914 2529 943 2581 in
963 2544 1033 2596 resp.
1059 2526 1096 2580 ad
1114 2526 1184 2597 disp.
1203 2533 1226 2581 a.
1245 2534 1346 2596 poster.
1373 2526 1408 2581 de
1427 2526 1486 2581 reb.¹
1505 2527 1605 2582 eivilib.
1625 2548 1651 2599 p.
1675 2536 1742 2587 390:

55 2611 145 2678 fusio,
165 2612 195 2664 in
212 2614 309 2678 officio
326 2615 467 2665 continere
496 2614 579 2666 liceat
606 2615 786 2681 magistratui
802 2616 890 2667 borni·
918 2615 1008 2665 Locus
1025 2613 1069 2666 hic
1090 2613 1160 2681 quid
1178 2614 1218 2664 ad
1236 2614 1457 2675 confirmandam
1476 2613 1562 2681 ιιιιιι
1582 2617 1616 2668 ιιι
1629 2619 1747 2685 capitali
1759 2618 1812 2661 Ul·
1829 2617 1872 2659 ¹⁰¹-

56 2715 105 2748 nes
125 2698 311 2766 facinorosos,
329 2701 412 2751 modo
429 2716 463 2753 ae
480 2700 539 2752 vita
548 2701 701 2767 priventur.
727 2700 769 2755 Ex
789 2701 890 2772 quibus
915 2699 1055 2767 supplicio
1069 2716 1123 2767 per
1140 2699 1336 2767 magistratum
1359 2699 1507 2765 inserendo
1528 2703 1627 2763 facere
1644 2711 1745 2771 potest,

56 2782 97 2835 sie
116 2782 232 2852 colligo:
261 2784 305 2836 Illi
329 2786 480 2839 severiores
506 2786 652 2840 coiireendi
670 2787 745 2841 modi
762 2787 785 2841 si
804 2789 889 2857 magi·
916 2804 977 2838 ιιιιι
993 2786 1033 2838 ibi
1049 2803 1128 2839 remo
1146 2786 1228 2837 etiam
1244 2785 1414 2851 nominetur,
1443 2802 1495 2852 per
1521 2803 1600 2853 qaam
1620 2799 1747 2856 oporteat

55 2870 155 2922 stratui
178 2871 241 2938 jure
266 2878 440 2940 competunt,
471 2872 566 2942 utique
585 2874 613 2926 vi
634 2875 806 2943 pronunciati
826 2892 891 2944 apo·
916 2873 1014 2939 plodio
1039 2872 1131 2924 occidi
1150 2871 1243 2933 ilium,
1270 2871 1318 2938 qai
1337 2870 1436 2937 plodio
1461 2871 1618 2926 occiderat
1655 2877 1693 2927 Et
1712 2878 1745 2928 de

55 2954 159 3018 stodor,
187 2958 369 3025 riapsstrataa
390 2975 445 3010 aaa
462 2967 535 3024 perit
552 2958 680 3023 alodiam
697 2961 818 3025 frastra,
835 2961 889 3031 ipsi
917 2958 1086 3024 maqistrotu
1102 2958 1136 3010 ιιι
1155 2957 1369 3024 intelligendum
1383 2956 1535 3009 esseaimis
1551 2959 1685 3010 incertam
1698 2971 1746 3015 est.

56 3051 229 3112 competent,
270 3046 365 3115 utique
394 3062 461 3115 ergo
492 3046 601 3099 nomine
629 3045 715 3116 gladii
750 3049 889 3102 continen-
917 3045 1006 3096 Maltz'
1023 3045 1094 3095 enim
1112 3051 1189 3110 mat,
1220 3044 1269 3109 qai
1292 3041 1391 3109 plodio
1417 3042 1559 3111 oaeiclaat,
1589 3062 1638 3098 aec
1656 3055 1747 3098 tamea

57 3138 113 3197 tur,
132 3147 185 3184 nee
204 3138 297 3185 tamen
311 3149 403 3186 omnes
416 3133 582 3186 facinorosos
599 3134 727 3188 severiori
746 3135 794 3187 illo
808 3135 888 3189 modo
916 3131 1074 3183 remallatio
1091 3130 1263 3198 puniuntur,
1284 3136 1333 3180 aut
1346 3129 1447 3198 puniri
1465 3131 1549 3182 etiam
1562 3142 1679 3198 poseant
1693 3152 1747 3205 per

56 3216 123 3269 licet
148 3219 285 3281 coercere,
314 3226 342 3271 ut
368 3219 421 3287 ipsi
443 3218 603 3272 Photiniani
625 3219 794 3282 concedunt,
823 3237 889 3290 crgo
916 3216 1117 3283 mapistratam,
1136 3216 1181 3268 ιιιι
1198 3223 1289 3268 autem
1301 3232 1391 3268 sermo
1409 3224 1449 3267 ιιι
1465 3218 1500 3268 ιιι
1513 3234 1553 3283 eo,
1572 3220 1648 3285 quod
1664 3219 1749 3272 attor

57 3321 114 3357 non
144 3312 274 3373 poterunt
305 3322 338 3358 ex
367 3310 462 3359 nostra
490 3306 717 3385 interpretatione
749 3306 904 3411 colligere,
916 3303 980 3364 fieri
997 3309 1124 3370 aequem,
1144 3304 1210 3354 dam
1223 3301 1310 3354 dicit:
1331 3300 1445 3373 Oportet
1462 3318 1523 3354 eum
1535 3303 1635 3370 plodio
1649 3305 1747 3357 occidi.

58 3390 132 3458 quod
157 3391 334 3460 magistratus
359 3390 485 3446 omnibus
509 3390 670 3445 facinorosis
687 3392 805 3461 capitale
825 3411 890 3462 sup
902 3376 1100 3440 4Ῥιιιιιινιι
1088 3403 1147 3458 apae
1165 3386 1344 3454 magistrates
1361 3387 1523 3455 plerumque
1542 3397 1590 3453 est,
1611 3391 1660 3458 qai
1677 3392 1748 3443 oe'ei-

56 3475 173 3545 plieium
196 3476 326 3532 debeat'
319 3494 448 3548 irrogare.
484 3476 590 3542 Quodsi
615 3477 782 3532 retineamus
806 3480 890 3534 eolla·
918 3475 960 3527 dit
981 3474 1169 3540 Cdrt'ttwwt
1199 3474 1235 3526 dt
1261 3489 1315 3541 9²⁴⁰
1342 3473 1386 3524 ιω
1412 3488 1502 3525 ⁸⁶tm⁰
1530 3484 1584 3541 ⁶⁸⁶2
1611 3480 1748 3543 twm⁰d⁰

57 3563 160 3616 tionem
191 3562 273 3632 hujus
308 3563 359 3617 loei
397 3563 539 3633 apostolici
578 3580 641 3618 eum
677 3565 750 3619 dioto
791 3563 892 3620 Christi
917 3562 1004 3627 igitur
1028 3578 1046 3613 a
1072 3561 1240 3627 magistratu
1262 3560 1353 3611 occidi
1371 3561 1486 3625 poterit
1514 3561 1556 3613 ita
1573 3569 1603 3612 ut
1622 3580 1667 3615 res
1684 3564 1748 3631 ipsa

58 3648 157 3704 Matth.
180 3657 224 3717 10,
249 3668 275 3701 v.
294 3655 335 3705 ³4.
354 3667 437 3720 quam
455 3650 605 3704 adversarii
629 3657 764 3721 perpetuo
784 3658 891 3723 urgent,
917 3648 1063 3716 loquatur,
1093 3648 1163 3700 alia·
1178 3663 1300 3715 prorsus
1326 3646 1362 3698 de
1385 3662 1417 3698 re
1440 3645 1481 3698 ibi
1503 3664 1655 3701 ammonem
1683 3667 1748 3704 esse.

58 3753 171 3805 pessum
193 3752 225 3789 ex
245 3736 341 3789 eadem
365 3744 461 3790 contra
486 3738 559 3805 ipsos
584 3739 623 3791 sic
648 3738 756 3792 inferre.
792 3736 891 3801 Quem·
919 3734 1127 3804 Respondemus
1149 3739 1175 3788 1:
1195 3732 1384 3801 concedimus,
1411 3750 1444 3787 ex
1469 3733 1522 3788 hoc
1541 3735 1602 3790 loeo
1621 3737 1679 3790 solo
1695 3756 1750 3792 non

61 3822 209 3875 admodum
229 3824 321 3889 aladii
337 3824 446 3877 nominc
473 3823 575 3879 Matth.
598 3830 635 3879 te.
662 3824 847 3894 metaphorice
865 3832 893 3878 et
919 3836 999 3891 posse
1019 3820 1197 3890 magistratus
1222 3823 1388 3890 potestatem
1412 3819 1440 3872 in
1464 3821 1559 3890 poenis
1584 3824 1750 3893 capitalibus

60 3908 259 3978 synecdochice
276 3911 365 3963 {omne
391 3909 534 3963 dissidium
561 3910 739 3981 intelligitur,
758 3909 815 3964 sive
833 3910 891 3980 gla-
919 3907 1074 3979 irrogandis
1092 3905 1216 3977 probari,
1245 3905 1293 3960 sed
1321 3906 1544 3977 conjungendum
1574 3925 1633 3963 esse
1659 3911 1749 3965 locum

60 3995 122 4048 dius
143 3996 177 4047 ad
197 3995 265 4048 illud
284 3995 414 4062 accedat,
433 3996 490 4049 sive
507 4013 576 4060 non;
605 3996 644 4049 sic
664 3996 746 4050 etiam
762 3994 814 4050 boe
831 3990 985 4069 locolGen.
1005 4000 1035 4061 9,
1056 4011 1081 4046 v.
1102 3999 1125 4047 6.
1143 4010 1176 4047 ex
1194 3992 1230 4047 V.
1250 3997 1278 4046 et
1296 3992 1387 4045 locum
1410 3995 1590 4062 apostolicum
1610 3996 1687 4051 Rom.
1711 4003 1750 4063 13,

58 4081 145 4151 gladii
170 4082 280 4135 nomine
316 4081 502 4151 metaphorice
534 4099 566 4135 ac
597 4081 797 4151 synecdochice
823 4082 892 4136 aeci·
918 4099 944 4135 v.
968 4087 992 4136 4.
1019 4098 1052 4135 ex
1078 4080 1111 4135 N.
1137 4084 1168 4132 T.
1187 4079 1235 4132 ubi
1256 4080 1417 4149 exprimitur
1442 4097 1574 4150 persona,
1600 4100 1750 4154 perquam

61 4169 165 4236 pienda
195 4168 247 4223 erit
278 4169 391 4238 quaevis
421 4185 510 4237 poena
529 4168 691 4238 corporalis,
721 4168 780 4222 sive
805 4186 838 4234 ea
856 4170 893 4221 sit
919 4166 1057 4222 ordinarie
1076 4165 1170 4237 gladio
1188 4164 1368 4232 occiduntur,
1397 4167 1444 4236 qui
1471 4167 1564 4238 gladio
1583 4169 1749 4223 occiderunt

58 4254 194 4323 capitalis,
215 4270 284 4323 quae
304 4253 397 4323 gladio
416 4253 551 4325 infligitur
569 4263 596 4310 ιι
620 4254 762 4325 sanguinis
782 4255 892 4309 effusio·
920 4260 944 4309 2.
964 4253 1085 4322 Proponi
1104 4253 1133 4305 in
1144 4252 1196 4305 hoc
1208 4250 1268 4305 loco
1285 4252 1533 4321 comminationem,
1554 4270 1609 4326 qua
1629 4255 1751 4308 vindicta

60 4359 123 4396 nem
142 4342 317 4410 conjunctam
331 4341 425 4409 habet,
443 4342 501 4395 sive
515 4341 551 4396 sit
564 4342 677 4411 capitali
688 4341 784 4396 minor.
812 4339 1102 4413 Quodldenunciatur
1126 4338 1194 4406 illis,
1223 4336 1270 4407 qui
1297 4338 1412 4408 injurias
1438 4339 1582 4407 inferunt,
1599 4340 1642 4393 vel
1668 4342 1749 4393 etiam
1772 4353 1777 4362 “

58 4427 131 4480 enim
146 4426 297 4481 Osterodus
310 4427 384 4496 dicit,
396 4429 482 4482 verba
502 4429 609 4482 Christi
625 4429 706 4498 apud
717 4430 1007 4482 rttasrtaeomtmorte
1024 4425 1149 4480 afficiunt
1166 4423 1267 4480 Christi
1287 4423 1391 4494 fideles,
1418 4431 1446 4479 et
1472 4426 1589 4480 stabiliri
1609 4427 1636 4479 in
1655 4427 1750 4479 eodem

59 4533 115 4567 aori
137 4532 220 4583 posse
249 4515 370 4581 intelligi
396 4518 431 4568 ds
458 4517 580 4570 dissidio
613 4517 697 4568 etiam
724 4516 790 4583 atto,
818 4498 964 4583 qoodljus
988 4511 1075 4582 gladii
1099 4511 1274 4582 magistratui
1300 4511 1413 4578 datum,
1444 4528 1498 4565 non
1528 4517 1594 4565 sunt
1616 4513 1753 4582 opposita,

60 4601 159 4667 plodio
187 4601 352 4669 peragitur,
385 4600 414 4654 id
446 4602 568 4656 nondum
601 4606 644 4656 est
674 4601 821 4671 probatam
849 4600 893 4654 vel
921 4598 970 4652 sed
984 4596 1180 4666 subordinate,
1204 4598 1270 4668 quia
1288 4597 1438 4651 vindictam
1459 4596 1550 4661 illam,
1572 4613 1655 4665 quam
1674 4597 1751 4652 Deus

62 4686 191 4740 evictum.
235 4686 367 4751 Quamvis
398 4687 470 4741 euim
494 4689 522 4742 in
548 4687 726 4759 sequentibus
752 4686 894 4742 versiculis
920 4685 1040 4737 minatur
1066 4684 1158 4754 gladio
1185 4683 1389 4750 occidentibus,
1421 4682 1525 4751 duplici
1552 4683 1657 4738 ratione
1684 4686 1754 4738 solet

63 4772 273 4828 domesticorum
291 4773 418 4840 dissidia,
449 4791 520 4845 quae
544 4776 650 4845 absque
674 4773 760 4827 caede
783 4780 810 4826 et
831 4789 893 4827 san·
921 4786 1056 4839 exercere,
1074 4771 1233 4824 immediate
1252 4777 1280 4823 et
1295 4769 1511 4824 extraordinarie
1530 4786 1579 4839 per
1598 4787 1626 4824 se
1654 4772 1752 4840 ipsum,

63 4861 147 4931 guine
176 4856 235 4911 tisri
263 4874 443 4927 consuevere,
474 4860 591 4930 exempli
619 4859 679 4914 loco
705 4856 1058 4930 subjiciantur„ordinarie
1076 4862 1104 4911 et
1120 4856 1239 4912 mediate
1257 4873 1307 4927 per
1325 4855 1525 4925 magistratum.
1563 4863 1578 4910 3
1607 4857 1752 4928 Magistra-

64 4955 155 4999 tamen
182 4961 214 4998 ex
239 4961 271 4998 eo
291 4944 359 4997 nihil
379 4946 528 5015 derogatur
549 4945 672 5015 generali
693 4945 836 5001 assertioni
862 4962 895 4999 ac
921 4951 967 4998 tus
986 4960 1040 4997 non
1059 4958 1153 4997 omnes
1170 4959 1222 4996 nee
1240 4957 1349 5011 semper
1365 4946 1429 4994 sunt
1456 4941 1505 5005 illi,
1524 4960 1640 5012 quorum
1660 4951 1708 5014 pot
1709 4962 1754 5000 en·

63 5031 185 5102 regulae,
209 5032 332 5101 quinimo
348 5035 467 5084 testatur
490 5031 605 5084 historia
630 5030 822 5099 ecclesiastica,
848 5031 896 5086 ad·
922 5031 962 5084 tia
991 5029 1086 5084 fideles
1112 5029 1312 5099 opprimuntur,
1343 5027 1391 5081 sed
1420 5035 1453 5081 ut
1481 5028 1541 5098 ipse
1572 5028 1754 5083 Schmaltzins

64 5135 159 5172 versus
188 5115 357 5172 Christianos
389 5118 472 5171 etiam
501 5116 573 5170 bella
600 5116 636 5170 ob
660 5118 818 5189 religionem
838 5115 1061 5187 esselagdoscit,
1088 5121 1196 5169 tantum
1211 5108 1384 5181 plerumque,
1403 5129 1469 5184 ergo
1486 5130 1541 5168 nou
1554 5122 1646 5184 potest
1663 5132 1696 5168 er
1713 5132 1754 5183 eo,

65 5212 145 5275 gesta
163 5210 190 5258 et
208 5206 309 5258 multos
324 5204 466 5274 sanguinis
479 5202 638 5299 profusione
654 5204 798 5257 veritatem
815 5192 912 5283 hujus}
924 5209 1021 5272 utpote
1039 5199 1215 5271 particulari,
1239 5197 1382 5261 concludi,
1410 5199 1484 5269 quod
1507 5199 1583 5255 Dens
1601 5218 1650 5271 per
1668 5202 1754 5272 magi-

65 5290 132 5343 dicti
150 5307 167 5343 a
184 5290 293 5345 Christo
312 5292 421 5360 prolati,
439 5307 495 5343 nori
515 5287 578 5342 oeci
595 5289 704 5341 mittere
717 5306 827 5359 pacem,
847 5290 1041 5356 aedistratum
1072 5287 1223 5340 vindictam
1252 5284 1328 5338 illam
1354 5302 1410 5338 non
1435 5286 1544 5341 inserat.
1590 5287 1755 5342 lnvertimua

66 5377 203 5447 pladiani,
221 5376 408 5431 confirmatam
427 5376 544 5431 dedisse.
911 5360 1042 5446 iproinde
1072 5380 1273 5444 argumentum.
1323 5370 1351 5426 Si
1387 5373 1564 5444 magistratus
1593 5374 1756 5446 plerumque

17 5447 50 5497 ¹³³
101 5471 159 5519 ιιι.
196 5469 218 5518 3.
243 5463 429 5533 Adjunginms
455 5464 518 5515 huie
540 5461 601 5513 loco
625 5460 776 5528 apostolico
796 5460 914 5519 diccunt
929 5464 1065 5517 duntaxat
1092 5467 1156 5514 sunt
1183 5458 1234 5527 illi,
1260 5473 1375 5528 quorum
1395 5460 1519 5527 potentia
1542 5459 1638 5516 fideles
1665 5462 1756 5532 oppri-

118 5558 218 5600 Gerhardi
234 5560 280 5598 loci.
301 5558 332 5598 Vl.
1396 5572 1427 5618 23
