4006 6022
653 211 707 269 Da
724 211 977 270 MAGISTRATU
992 213 1181 281 POLITICO,
1699 224 1759 281 ast

57 370 141 418 nesta
160 365 360 442 sustentatione
378 366 446 437 ipsis
465 366 664 437 prospiciatur.
683 366 727 421 Ea
743 383 808 421 vero
827 382 895 418 cura
923 367 1115 422 holocaustum
1129 371 1361 438 asportatam
1370 369 1588 423 ministrandum
1607 376 1632 422 st
1645 370 1760 423 adcon·

57 450 221 520 cumprimis
240 452 276 506 ad
296 452 491 524 magistratum
509 453 637 522 pertinet,
656 452 760 522 quippe
781 450 829 521 qui
849 466 893 504 ec·
922 454 1056 516 hiensium
1084 464 1109 507 et
1133 456 1313 508 laudandum
1344 456 1373 507 in
1393 456 1489 521 portis
1515 462 1673 508 castrorum
1699 457 1759 511 Do·

58 534 160 590 clasiae
180 538 313 591 nutritius
335 555 396 592 esse
415 538 499 593 dehet
516 537 580 591 Esa
601 544 642 599 49,
662 555 686 592 v.
704 542 746 592 23
772 537 898 590 Pertinet
923 539 992 591 mini
1022 545 1046 594 2.
1077 540 1166 595 Ριιιι
1199 546 1249 608 31,
1277 559 1304 594 ι.
1331 546 1354 594 2.
1396 542 1458 597 **2.
1482 540 1575 595 Ριιιι.
1601 545 1650 604 29,
1670 550 1696 593 v
1717 546 1758 595 25.

58 621 160 692 adjus
179 622 252 693 regis
269 629 375 689 repetes
393 630 418 675 et
436 624 545 675 reditus
556 638 700 674 vincornm
712 623 894 674 addecimare
908 604 910 698 i
923 623 1089 679 Constitutio
1116 626 1220 679 ordinis
1247 626 1318 680 inter
1344 626 1458 680 Levitae
1485 635 1613 680 cantores
1630 627 1760 681 tribuitur

57 709 212 776 cademque
231 709 320 761 semis
339 709 398 761 ouis
416 711 485 760 darc
507 713 528 762 l
545 706 773 774 Samia-113.
792 711 910 775 quanto*
923 711 1093 780 conjunctim
1117 711 1176 781 regi
1197 711 1300 765 Davidi
1330 719 1358 767 et
1382 710 1445 766 Gad
1471 712 1575 767 videnti
1599 717 1628 766 et
1648 711 1759 767 Nathan

58 792 149 863 magis
167 794 269 862 adjus
286 794 360 863 regis
380 792 537 863 pertinebit,
559 792 690 846 ministris
709 792 842 847 ecclesiae
861 808 895 844 ex
922 795 1082 865 prophetae.
1089 799 1123 834 *ι

59 879 235 933 subditorum
254 879 335 933 bonis
353 888 442 932 certos
467 877 571 933 reditus
598 878 785 932 constituere?
819 876 896 930 Idem
960 887 1017 935 tes.
1060 885 1084 934 4.
1112 882 1311 944 Ministrorum
1336 883 1545 951 flopitiosorum
1570 885 1760 937 remotionem.
1772 878 1866 921 mni·

59 965 181 1033 probant
200 965 338 1035 exempla:
358 967 471 1033 Moyses
490 964 637 1018 israelitici
656 963 752 1034 populi
770 963 826 1016 dux
843 961 896 1018 Le·
908 965 1003 1020 ¹Voco
1029 973 1122 1020 autem
1157 969 1297 1022 ministros
1321 968 1473 1038 flagitiosos
1503 987 1556 1022 uon
1589 970 1636 1039 qui
1663 971 1758 1023 naevis
1772 937 1870 1033 ιῗςθιιιιῗ

59 1051 160 1104 vitione
179 1050 264 1105 tribui
283 1051 318 1105 ad
340 1052 524 1105 sacerdotium
538 1051 695 1105 destinatae
713 1050 807 1103 divino
820 1066 893 1102 man·
925 1052 1094 1120 quibusdam
1117 1060 1145 1108 et
1168 1054 1296 1107 humanis
1321 1053 1527 1108 infirmitatibus
1554 1062 1619 1107 sunt
1637 1054 1759 1120 obnoxii,
1772 1044 1876 1125 ἓξὲξ,

60 1137 127 1190 dato
161 1136 270 1190 addixit
295 1136 415 1190 decimas
445 1136 584 1190 fructuum
608 1135 759 1206 primitias,
789 1135 896 1230 pensio·
924 1137 965 1190 illi
993 1138 1066 1192 enim
1090 1138 1227 1194 tolerandi
1256 1148 1320 1192 sunt
1344 1145 1373 1193 et
1397 1139 1431 1191 de
1457 1139 1648 1193 emendatione
1665 1141 1759 1210 admo·

61 1240 124 1276 nem
145 1222 205 1275 sicli
226 1239 361 1290 annuam,
388 1221 535 1292 pecuniam
555 1239 588 1276 ex
608 1220 778 1274 redemtione
795 1219 896 1289 primo-
925 1223 1017 1289 nendi,
1038 1224 1086 1278 sed
1105 1224 1152 1294 qui
1173 1223 1218 1277 vel
1236 1223 1393 1278 enormibus
1406 1224 1514 1278 delictis
1526 1223 1669 1294 publicum
1681 1242 1760 1295 prae·

60 1309 359 1378 genitorumvotorum,
372 1314 509 1377 partesex
523 1306 664 1361 sacnficiis
679 1314 730 1361 etc.
755 1305 896 1373 Exedit,
925 1309 993 1363 hent
1026 1309 1189 1363 scandalum
1216 1308 1260 1364 vel
1287 1310 1432 1364 haereticis
1460 1308 1636 1380 opinionibus
1663 1312 1760 1364 imbuti

62 1412 86 1449 v.
107 1399 150 1448 26.
168 1393 236 1447 [ιιι.
258 1399 300 1460 at,
316 1412 341 1446 v.
361 1399 385 1448 3.
402 1401 430 1448 ιι
448 1410 524 1464 seqq.
541 1392 623 1448 Num.
647 1399 686 1459 ta,
700 1410 726 1444 v.
747 1398 771 1446 8.
792 1400 896 1460 etseq.
927 1394 1107 1463 pertinaciter
1124 1395 1234 1449 easdem
1256 1402 1443 1464 propugnant.
1480 1395 1598 1465 Utrique
1620 1404 1685 1449 sunt
1703 1412 1760 1449 car·

61 1480 205 1548 Joscphus
224 1480 349 1549 Aegypti
371 1496 469 1549 prorex
489 1495 553 1532 cum
572 1479 601 1531 in
620 1478 681 1531 dira
705 1478 790 1531 totius
807 1477 896 1547 regio·
928 1481 1037 1534 cinoma
1055 1480 1198 1535 ministerii
1215 1496 1249 1532 ac
1269 1480 1385 1549 proinde
1403 1481 1450 1550 pio
1463 1481 1638 1551 magistratui
1656 1481 1760 1535 incum-

61 1565 104 1617 nis
125 1563 199 1620 fame
217 1581 326 1618 omnem
340 1569 441 1618 terram
459 1563 597 1617 Pharaoni
611 1570 721 1629 emeret,
738 1570 832 1616 tamen
845 1566 897 1613 ter·
927 1565 975 1628 bit,
994 1574 1026 1618 ut
1045 1565 1081 1618 ab
1100 1564 1192 1619 officio
1205 1571 1400 1620 removeantur
1417 1573 1445 1620 et
1459 1566 1550 1621 idonei
1570 1566 1687 1619 ministri
1705 1566 1759 1620 illis

62 1667 120 1703 ram
143 1650 319 1705 sacerdotum
337 1667 392 1703 non
411 1650 493 1717 emit,
515 1650 581 1720 quin
600 1650 693 1720 potius
712 1655 847 1703 statutum
866 1664 898 1700 ac
926 1658 1115 1720 surrogentur.
1164 1648 1211 1704 Sic
1245 1650 1380 1704 Salomon
1413 1650 1593 1705 Abiatharem
1624 1669 1761 1706 summum

64 1736 225 1791 demensum
238 1741 243 1751 ’
258 1735 311 1790 illis
345 1753 377 1790 ex
410 1734 528 1804 publicis
555 1734 692 1805 granariis
721 1733 775 1789 fuit
803 1734 898 1787 datum
926 1736 1097 1790 sacerdotem
1116 1736 1153 1790 ab
1173 1734 1265 1790 officio
1277 1736 1394 1789 removit
1407 1736 1518 1790 Zadoco
1535 1736 1565 1789 in
1584 1736 1658 1790 illius
1669 1737 1761 1792 locum

64 1820 138 1874 Gen.
159 1828 201 1880 rt.
221 1840 246 1874 v.
276 1826 316 1875 22.
338 1822 379 1873 ιιι
403 1835 523 1889 namque
544 1819 703 1875 Hebraeum
721 1811 766 1888 ΡΠ
785 1819 900 1889 vulgata
927 1823 1079 1876 substituto
1102 1830 1120 1877 1.
1138 1821 1209 1893 Reg.
1233 1829 1257 1891 2,
1275 1840 1300 1874 v.
1322 1827 1363 1876 at.
1384 1824 1461 1886 Asa,
1476 1824 1761 1892 Joraptatufflse-

62 1907 153 1960 versio
179 1906 280 1960 ibidem
304 1904 488 1979 πιιραφριέζιι.
527 1905 663 1958 Ezechias
684 1921 732 1958 rex
757 1921 811 1958 non
839 1904 898 1974 ipse
927 1908 1005 1972 chios
1019 1916 1044 1959 ct
1057 1909 1157 1961 Josias
1176 1907 1324 1962 Baaliticos
1342 1908 1687 1963 sacerdotesremoverunt
1704 1909 1761 1962 suf·

62 1991 153 2045 solum
174 1991 261 2045 dabat
278 1995 402 2062 partem,
431 1997 462 2043 ut
479 1990 514 2044 de
534 1989 647 2059 propria
664 1989 724 2059 ejus
744 1989 900 2043 substantia
926 1993 1007 2047 fectis
1029 1995 1057 2046 in
1076 1993 1185 2047 illorum
1204 1993 1295 2048 locum
1308 1993 1377 2049 aliis.
1412 1992 1517 2048 Caveat
1535 2009 1599 2048 vero
1617 1996 1760 2065 magistra·

62 2077 209 2133 offerretur
230 2077 422 2133 holocaustum
447 2092 526 2129 mane
551 2083 578 2129 et
602 2075 719 2146 vesperi,
744 2076 796 2127 sed
813 2077 897 2128 ettam
927 2085 980 2145 tus,
1010 2095 1044 2131 ne
1064 2078 1100 2132 oh
1119 2096 1220 2132 causas
1241 2080 1332 2132 minus
1350 2080 1520 2147 sufficientes
1540 2078 1583 2132 vel
1604 2079 1761 2149 illegitimas

57 2164 208 2235 praecepit
220 2164 328 2233 populo
346 2163 533 2216 habitantium
551 2162 581 2212 in
599 2160 773 2227 Jnucoicm,
799 2168 830 2213 ut
848 2163 898 2212 da·
926 2163 1049 2216 minister
1058 2162 1119 2218 loco
1129 2169 1285 2231 moveatur,
1305 2168 1410 2231 caveat,
1424 2180 1458 2216 na
1469 2164 1524 2215 sihi
1531 2164 1587 2217 ιιοιι·
1595 2169 1760 2235 potestatem

61 2258 125 2302 rent
138 2256 238 2318 portas
251 2249 444 2302 sacaaotioas·
458 2256 482 2299 et
496 2247 609 2308 Levitis,
628 2253 658 2297 nt
669 2246 777 2312 possint
796 2262 898 2298 uacare
926 2255 1037 2317 arroget
1053 2265 1103 2317 pro
1122 2247 1237 2301 arbitrio
1254 2247 1393 2301 ministros
1416 2264 1449 2302 ex
1474 2245 1566 2301 officio
1585 2248 1760 2316 deturbandi,

61 2335 120 2402 lapi
142 2335 269 2402 Domini,
288 2340 311 2389 2.
330 2333 422 2387 Paral.
441 2340 483 2399 31,
500 2350 523 2386 v.
544 2338 569 2386 3.
595 2338 624 2383 et
642 2338 665 2385 t.
685 2330 753 2401 quin
771 2339 800 2384 et
822 2348 898 2385 man-
924 2334 973 2387 sed
991 2333 1113 2396 noverit,
1132 2342 1164 2387 ut
1180 2333 1288 2388 vocatio
1307 2333 1493 2387 ministrorum
1513 2333 1549 2385 ad
1569 2340 1655 2388 totam
1673 2332 1760 2387 eccle·
1821 2353 1824 2356 ’

61 2419 150 2489 davit,
164 2420 273 2487 parari
282 2421 385 2474 horrca
398 2421 427 2471 in
442 2420 524 2471 domo
538 2417 665 2480 Domini,
683 2415 785 2485 quibus
803 2416 899 2471 inferri
924 2419 993 2473 siam
1013 2417 1145 2487 pertinet,
1168 2419 1209 2471 ita
1225 2418 1261 2471 ad
1283 2419 1399 2473 eandem
1425 2435 1534 2489 quoque
1553 2419 1691 2488 pertinere
1710 2419 1759 2472 mi·

62 2512 180 2576 possent
205 2504 360 2574 primitiae,
388 2503 512 2557 decimae
532 2511 561 2556 et
578 2517 760 2573 quaecunque
780 2501 899 2556 Domino
924 2504 1072 2557 sistrorum
1090 2503 1282 2572 remotionem,
1310 2503 1425 2571 proinde
1449 2510 1481 2558 ut
1506 2504 1610 2558 invitae
1628 2504 1760 2560 ecclesiae

62 2599 145 2646 erant
162 2589 333 2646 sanctificata
350 2608 376 2642 v.
398 2594 436 2643 12,
471 2588 578 2643 Caveat
595 2587 734 2658 ergopius
754 2587 898 2657 magistra·
925 2607 980 2644 non
1006 2589 1090 2644 debet
1115 2589 1238 2644 minister
1266 2590 1395 2654 obtrudi,
1421 2590 1461 2644 ita
1484 2608 1595 2662 quoque
1618 2591 1712 2645 invitis
1732 2598 1760 2645 et

61 2687 121 2744 tus,
151 2694 186 2730 ne
210 2674 342 2731 ecclesiae
372 2673 490 2728 ministri
517 2690 579 2726 cum
598 2673 671 2728 tame
696 2681 724 2727 et
744 2672 899 2743 indigentia
925 2675 1126 2730 reluctantibus
1138 2675 1312 2729 auditoribus
1326 2694 1381 2731 non
1399 2675 1484 2731 debet
1501 2677 1617 2731 idoneus
1637 2679 1761 2731 minister

62 2763 250 2818 colluctentur
269 2767 298 2815 et
315 2761 367 2815 bac
387 2761 529 2815 rationes
551 2759 677 2830 partibus
697 2757 782 2812 officii
801 2758 899 2813 sedule
925 2761 1003 2831 eripi.

62 2848 248 2918 exsequendis
268 2846 304 2902 ad
324 2864 419 2901 curam
445 2845 535 2899 victus
559 2861 619 2899 sese
640 2851 810 2900 convertant.
847 2844 897 2899 Ca·
964 2852 1019 2902 186
1078 2851 1103 2899 2.
1135 2847 1240 2914 haum
1274 2846 1526 2899 ecclesiasticarum
1559 2849 1760 2915 promulgatio.
1772 2837 1884 2929 {35:5⁸⁸—

62 2940 145 2996 reat,
172 2950 207 2986 ne
226 2932 366 3002 stipendia
387 2948 405 2986 a
424 2931 477 3000 piis
497 2930 649 3000 maioribus
675 2930 801 2984 instituta
821 2931 899 2984 dimi·
928 2932 971 2987 De
990 2931 1066 2986 cultu
1088 2932 1140 2986 Dei
1158 2933 1267 2985 interno
1285 2948 1336 2985 nec
1356 2931 1549 3001 magistratus,
1569 2950 1619 2989 nec
1640 2932 1759 2987 miniate-
1773 2942 1903 2988 stimmo-

63 3025 133 3072 nuat
153 3017 198 3072 vel
217 3017 331 3072 diminui
350 3034 382 3072 ac
400 3017 543 3071 interverti
562 3016 692 3086 patiatur.
730 3015 805 3069 Deus
825 3016 899 3070 enim
926 3019 996 3072 rium
1017 3017 1235 3071 ecclesiasticum
1253 3033 1338 3070 novas
1357 3018 1432 3088 leges
1449 3016 1521 3072 ferre
1539 3024 1637 3088 potest,
1657 3019 1760 3089 quippe
1774 2991 1866 3040 murm

64 3104 167 3158 vindex
184 3103 284 3157 horum
302 3102 423 3158 omnium
441 3112 465 3154 et
477 3103 589 3169 samem
609 3103 802 3155 ministrorum
821 3101 900 3171 sequi
928 3120 998 3174 quas
1017 3102 1119 3158 Deus'
1111 3119 1140 3154 in
1159 3102 1244 3156 verbo
1263 3118 1313 3155 suo
1323 3103 1382 3171 jam
1402 3110 1466 3157 ante
1491 3102 1615 3174 perfecte
1634 3121 1667 3157 ae
1683 3103 1762 3158 suffi-

63 3191 135 3244 solet
150 3192 245 3254 fomes
259 3189 339 3242 uerbi
363 3189 391 3242 in
410 3189 521 3258 ingrata
538 3187 587 3241 illa
602 3186 727 3258 regione,
756 3186 828 3240 sicut
844 3186 900 3240 Lu·
928 3190 1032 3244 cienter
1047 3188 1233 3259 praescripsit,
1251 3203 1297 3241 eas
1317 3188 1402 3257 igitur
1416 3188 1595 3258 magistratus
1616 3188 1699 3245 debet
1716 3208 1762 3246 cu·

63 3276 160 3330 therus
185 3275 339 3344 praedixit,
366 3275 435 3330 hicn
462 3275 544 3329 tutthe
567 3274 628 3342 noth
652 3287 688 3327 uu
715 3272 797 3328 oicicn
814 3272 900 3327 Dttcu
927 3275 1031 3329 stadire
1055 3291 1087 3327 ac
1111 3274 1224 3329 idoneos
1247 3273 1400 3341 ministros,
1424 3274 1472 3342 qui
1499 3274 1611 3328 easdem
1628 3275 1762 3345 populum

65 3364 117 3415 hat
137 3361 313 3429 Chunuettunt
333 3360 517 3430 cutburgam.
929 3361 1056 3428 doceant,
1075 3359 1258 3425 constituere3
1281 3358 1330 3411 sed
1357 3360 1393 3410 cie
1412 3360 1542 3411 exercitio
1561 3361 1653 3412 cuitus
1671 3348 1764 3416 diuini

14 3466 50 3504 ιι
105 3451 161 3501 186.
208 3449 236 3499 3.
269 3446 388 3499 Ονάίιιιι
423 3445 497 3497 inter
519 3444 664 3498 ministros
691 3443 900 3496 institutionem.
929 3455 1039 3499 asturio
1067 3443 1246 3514 magistratus
1273 3444 1336 3513 pius
1363 3460 1397 3497 uc
1418 3443 1591 3498 Christianus
1616 3452 1709 3514 potest
1734 3455 1763 3502 et

10 3524 33 3564 5
64 3533 136 3586 Cum
166 3533 238 3587 enim
266 3531 301 3585 ob
326 3546 423 3601 pacem
450 3535 479 3583 et
501 3527 709 3582 concordiam
701 3544 730 3580 m
751 3527 902 3582 ministerio
929 3531 1013 3585 debet
1034 3530 1109 3598 leges
1131 3529 1218 3597 terre,
1239 3536 1270 3582 ut
1288 3527 1379 3582 omnia
1396 3529 1424 3581 in
1445 3529 1561 3583 ecclesia
1578 3528 1648 3583 fiant
1667 3531 1762 3600 εὐσχη-

10 3639 51 3718 ¹sos
65 3617 254 3673 ecclesiastico
266 3613 483 3671 conservandam
496 3613 669 3668 eteeclesiae
682 3611 900 3668 aedificationem
927 3616 1020 3689 μόνως
1038 3620 1083 3670 καὶ
1102 3614 1171 3668 κατὰ
1192 3613 1268 3677 τάξιν
1293 3620 1314 3669 1.
1336 3614 1398 3669 Cor.
1423 3621 1461 3681 14,
1478 3632 1502 3668 v.
1524 3617 1567 3668 40.
1601 3615 1671 3669 Cum
1689 3618 1763 3671 enim

10 3695 239 3758 commodius
257 3699 471 3771 promovendam
487 3707 578 3754 certm
591 3698 659 3753 ordo
678 3698 750 3752 inter
762 3698 900 3753 ministros
929 3720 984 3757 non
997 3700 1155 3773 posterioris
1168 3701 1267 3768 solum,
1285 3701 1335 3753 sed
1351 3708 1378 3754 et
1395 3699 1492 3796 prioris
1506 3700 1632 3771 decalogi
1651 3702 1764 3757 tabulae

65 3790 201 3846 ecclesiae
220 3788 407 3843 instituendus
422 3787 473 3851 sit,
494 3787 543 3839 ut
537 3802 566 3839 ιιι
577 3784 761 3855 praecedente
779 3791 901 3839 tractatu
928 3788 1055 3843 custodia
1068 3786 1244 3858 magistratui
1255 3786 1292 3838 sit
1303 3785 1457 3854 commissa,
1467 3785 1564 3856 utique
1575 3786 1658 3841 etiam
1672 3794 1765 3857 potest

63 3895 89 3932 c.
109 3884 133 3931 5.
152 3882 219 3930 sect.
243 3881 267 3929 2.
287 3874 507 3928 demonstratum
524 3871 593 3938 fuit,
621 3869 684 3923 ideo
710 3871 797 3924 etiam
815 3871 901 3942 magi·
928 3874 1004 3945 leges
1025 3872 1234 3939 ecclesiasticas,
1260 3887 1331 3942 quae
1351 3878 1416 3925 sunt
1435 3870 1528 3942 legum
1546 3871 1705 3927 divinarum
1725 3874 1762 3927 ad

63 3966 183 4014 stratum
215 3959 268 4013 hac
300 3958 335 4013 de
361 3974 390 4011 re
420 3955 556 4010 solicitum
586 3971 646 4008 esse
673 3955 811 4010 convenit.
855 3956 901 4011 Sic
928 3961 1047 4030 priorem
1066 3957 1190 4013 tabulam
1208 3955 1406 4027 pertinentium
1434 3956 1603 4037 appendices
1626 3965 1655 4013 et
1673 3964 1763 4013 custo·

64 4049 181 4114 Moyses
202 4061 308 4098 summo
325 4042 463 4097 sacerdoti
481 4040 624 4095 inferiores
652 4041 786 4110 quosdam
813 4059 901 4096 sacer·
929 4045 995 4107 des,
1022 4041 1200 4114 promulgare
1220 4047 1248 4095 et
1267 4040 1436 4096 ceremonias
1456 4041 1492 4094 ad
1514 4041 1647 4096 ecclesiae
1668 4041 1764 4111 aedili

64 4133 145 4186 dotes
165 4148 198 4184 ac
218 4130 330 4184 Levites
350 4128 474 4190 addidit,
502 4125 602 4197 quibus
619 4125 736 4196 singulis
755 4134 844 4180 cenas
862 4127 901 4181 of·
928 4129 1065 4183 sadonem
1106 4132 1266 4197 spectantes
1303 4127 1385 4179 modo
1418 4125 1542 4196 legitimo
1581 4127 1763 4185 introducere.

64 4217 121 4270 ficii
148 4222 242 4286 partes
271 4211 425 4285 assignavit
449 4210 536 4266 Exod.
565 4216 605 4266 28.
649 4209 762 4264 levitas
792 4210 819 4264 in
846 4220 901 4266 tres
929 4217 1042 4281 Moyses
1067 4212 1163 4282 populi
1192 4210 1336 4265 lsrailitici
1362 4210 1418 4264 dux
1443 4211 1573 4266 mundato
1595 4212 1688 4266 divino
1707 4232 1762 4267 ιιοιι

64 4303 170 4356 classes
197 4299 353 4364 distribuit,
378 4296 587 4352 Gereonitarum
617 4295 738 4363 scilicet,
762 4295 900 4351 Caathita·
928 4301 1016 4354 solum
1037 4298 1159 4353 forenses
1176 4304 1205 4350 et
1219 4295 1377 4366 judiciales,
1395 4296 1444 4350 sed
1464 4297 1547 4352 etiam
1564 4297 1761 4352 ceremoniales

65 4406 128 4442 rum
153 4404 186 4441 ac
213 4385 420 4453 Moraritarum,
450 4381 551 4452 quibus
574 4381 692 4452 singulis
716 4383 902 4453 praescripsit,
928 4387 987 4440 sive
1018 4383 1218 4438 ecclesiasticas
1252 4384 1327 4453 leges
1360 4382 1424 4436 tulit
1454 4385 1617 4454 complures.
1662 4384 1762 4437 Dauid
1775 4399 1832 4440 ιιι.
1842 4399 1876 4439 ιι.

66 4489 136 4544 quas
168 4488 263 4525 sacrae
294 4468 474 4540 supellectilis
502 4472 595 4536 partes
631 4468 752 4521 debeant
791 4477 901 4538 portare
928 4470 1086 4542 promulgat
1105 4468 1193 4540 legem
1214 4470 1249 4521 de
1267 4468 1427 4522 reducenda
1436 4466 1492 4523 Dei
1511 4485 1576 4523 arca
1597 4477 1617 4524 1.
1634 4469 1699 4525 Par.
1722 4475 1761 4538 1³,

67 4558 151 4612 Num.
182 4564 203 4610 3.
227 4562 256 4610 ιι
281 4563 305 4611 4,
342 4556 442 4607 Datioi
470 4554 498 4606 in
527 4559 559 4607 24
585 4552 705 4606 familias
728 4555 901 4608 sacerdotum
930 4575 954 4612 v.
993 4563 1016 4611 6.
1054 4556 1090 4608 de
1129 4553 1322 4609 distributione
1352 4551 1505 4609 officiorum
1543 4555 1615 4607 inter
1649 4554 1760 4609 Levitas

67 4643 182 4697 chorum
205 4640 359 4708 distribuit,
390 4645 422 4693 nt
438 4638 556 4709 singulis
574 4638 699 4693 sabbatis
724 4655 796 4692 nova
811 4658 900 4694 sacer·
933 4649 954 4698 l.
980 4640 1072 4697 Paral.
1097 4645 1144 4708 23,
1169 4657 1194 4694 ι.
1214 4645 1237 4695 6.
1257 4640 1450 4709 ¹Joaaphatus
1474 4640 1665 4694 sacerdotibus
1685 4647 1762 4694 certa

69 4729 166 4782 dotum
212 4726 318 4780 familia
358 4741 496 4780 sacrorum
539 4723 690 4779 ministerio
725 4725 903 4783 adhiberetur
931 4725 1095 4798 praescribit
1112 4725 1245 4779 mandata
1262 4731 1285 4783 2.
1304 4724 1396 4779 Paral.
1420 4731 1466 4791 te,
1488 4743 1514 4780 v.
1532 4729 1555 4780 8.
1577 4724 1675 4779 indicit
1688 4727 1762 4797 jeju-

68 4820 91 4869 2.
109 4814 180 4885 Reg.
204 4821 249 4880 11,
276 4831 300 4866 v.
320 4820 344 4868 t.
380 4819 399 4866 t.
419 4810 512 4868 Paral.
532 4815 578 4872 24,
601 4828 627 4865 v.
647 4817 669 4864 t.
703 4810 816 4865 Levites
833 4813 902 4868 alios
930 4814 1004 4867 nium
1015 4811 1156 4881 publicum
1165 4817 1290 4880 tempore
1299 4809 1466 4892 calamitatis
1474 4808 1638 4880 publicaei.
1648 4811 1711 4865 Par.
1722 4818 1764 4880 20,

66 4899 213 4954 constitnit
230 4897 404 4952 sacerdotnm
425 4895 571 4963 ministros,
592 4893 661 4947 alios
681 4903 815 4965 cantores,
833 4898 903 4953 alios
930 4917 953 4954 v.
981 4905 1004 4953 3.
1031 4898 1105 4969 quod
1132 4906 1160 4951 et
1183 4914 1201 4952 ι
1224 4898 1417 4951 Ninivitarum
1442 4914 1507 4965 rape
1527 4895 1632 4952 factum
1657 4897 1722 4951 Jon.
1739 4902 1763 4963 ³,

63 4986 209 5056 janitores,
229 4983 299 5037 alios
318 4980 423 5035 scribas
442 4985 495 5035 etc.
532 4980 658 5050 Cumque
676 4979 744 5034 haec
765 4983 902 5038 ordinatio
930 5003 954 5037 v.
982 4992 1004 5036 t.
1040 4983 1073 5036 ln
1099 4984 1131 5038 N.
1149 4984 1182 5038 Τ.
1204 4984 1244 5054 pii
1265 4984 1444 5054 imperatores
1468 4990 1672 5053 proposuerunt
1687 4982 1765 5053 leges

65 5088 99 5124 ac
117 5069 276 5124 distributio
292 5085 342 5139 per
361 5065 545 5121 idololatriam
564 5064 727 5119 Baaliticam
746 5068 825 5122 sub
817 5071 903 5140 impio
931 5069 1012 5124 utiles
1040 5076 1067 5123 et
1093 5070 1252 5139 praeclaras
1278 5069 1312 5124 ad
1340 5068 1525 5123 Christianam
1550 5067 1710 5138 religionem
1736 5073 1765 5120 et

65 5171 132 5250 rege
151 5154 247 5208 Achae
263 5161 335 5208 esset
347 5152 479 5222 collapsa
500 5149 631 5204 excitavit
648 5148 725 5204 Deus
744 5153 903 5232 Ezechiam,
930 5154 1062 5208 ecclesiae
1082 5153 1301 5208 aedificationem
1320 5159 1492 5222 spectantes,
1521 5169 1593 5226 quae
1610 5159 1720 5207 exstant
1735 5151 1766 5204 ιι

65 5238 115 5308 qui
133 5238 277 5293 constituit
293 5222 432 5312 ιιιΡΒιιιι
451 5236 662 5290 distributiones
680 5216 859 5293 saceriiotum
877 5249 903 5295 ct
929 5239 1025 5294 codice
1052 5240 1103 5294 sub
1135 5240 1178 5293 tit.
1205 5240 1240 5293 de
1268 5255 1365 5292 summ.
1384 5237 1460 5294 Trin
1481 5247 1509 5293 et
1531 5237 1587 5292 tide
1609 5236 1709 5292 cathol.
1731 5237 1765 5291 de

64 5324 268 5376 Levitmum'
256 5342 285 5376 m
321 5260 506 5376 riioisioniiuo
535 5319 603 5384 suis,
626 5339 843 5393 unumquemque
862 5344 902 5380 sc·
915 5345 966 5394 ss
993 5326 1060 5381 eccl.
1086 5326 1120 5379 de
1138 5325 1215 5394 episc
1244 5331 1272 5378 et
1290 5323 1410 5387 clericis,
1440 5324 1475 5378 de
1487 5323 1636 5393 episcopali
1652 5323 1765 5376 audien·

67 5410 192 5461 cundum
209 5408 392 5462 ministerium
409 5424 497 5468 mum,
515 5408 676 5459 socaaotes
689 5418 714 5461 et
733 5412 845 5463 Leonas
863 5378 917 5463 adl
935 5412 990 5481 tia,
1015 5412 1050 5467 de
1067 5411 1212 5466 haereticis
1231 5416 1260 5471 et
1277 5407 1447 5462 Manichaeis
1473 5415 1525 5463 etc.
1565 5407 1661 5462 Item
1654 5426 1683 5462 sn
1702 5424 1764 5462 con·

1383 5509 1433 5565 23*
