4020 6014
231 159 292 219 354
800 152 923 210 LOCUS
941 149 1145 210 mensurus
1166 152 1346 218 QUARTUS

228 322 254 358 v.
268 305 1201 399 18.etpiornmrspumecemplnmoonfirmatPselm.lltl.pstretur.
1240 306 1380 361 Pontificii
1409 309 1499 363 denuo
1527 324 1544 361 a
1573 306 1655 361 nobis
1680 312 1709 361 et
1736 305 1857 360 veritate
1883 302 1928 357 bic

231 394 254 445 2.
274 389 343 461 Reg.
365 397 405 445 23.
433 398 457 447 2.
479 391 569 446 Paral.
586 397 627 447 24.
647 399 672 445 et
690 392 754 461 ipsa
771 392 925 444 necessitas
944 391 1061 461 flagitat.
1088 391 1201 461 abeunt,
1218 393 1329 463 quando
1351 395 1446 462 ajars
1466 393 1622 446 vocationis
1641 391 1835 463 magistratum
1851 387 1928 443 Chri·

228 473 289 530 Nisi
309 476 380 529 enim
399 494 481 530 cocco
494 477 603 547 judicio
622 477 688 531 velit
705 477 834 545 amplecti
856 493 896 536 eu,
916 493 987 546 quae
1001 491 1061 545 pro·
1088 477 1208 532 stianum
1235 479 1346 548 penitus
1374 486 1485 544 arcent,
1513 478 1548 532 ad
1574 495 1657 549 quem
1685 476 1789 547 duplici
1821 475 1928 529 rationo

230 570 370 629 ponuntur
397 568 425 615 et
447 580 524 615 suam
551 561 779 632 subditorumque
802 560 919 614 salutem
946 561 1062 614 aliorum
1089 562 1158 616 illud
1192 563 1330 633 pertinere
1371 564 1398 616 in
1430 569 1551 618 tractatu
1590 563 1713 634 proxime
1742 558 1928 632 praecedente

230 644 344 699 arbitrio
373 653 475 702 temere
507 648 691 714 committere,
719 648 816 718 utique
842 646 1005 718 requiritur,
1032 652 1064 699 ut
1089 648 1273 713 ostendimus,
1303 652 1361 701 tum
1382 650 1493 701 ratione
1512 665 1666 719 personae,
1694 648 1760 719 quia
1780 651 1825 700 est
1843 662 1927 699 mern·

230 728 411 784 fundamenta
439 733 579 787 doctrinae
607 733 733 786 coelestis
760 733 820 801 ipse
844 749 877 785 ex
901 732 987 785 verbo
1012 731 1063 783 Dei
1090 735 1169 787 hrum
1193 735 1326 787 ecclesiae
1344 741 1372 788 et
1396 735 1508 804 quidem
1526 734 1715 804 praecipuum,
1739 739 1798 786 tum
1817 733 1931 785 ratione

231 816 396 886 cbgnosost,
424 817 451 869 in
476 817 595 871 lectione
621 821 681 888 ejus
701 818 826 888 quotidie
845 834 874 871 se
892 824 1018 871 exerceat
1036 821 1065 869 et
1090 820 1190 885 offic-ii,
1209 820 1275 889 quia
1291 820 1425 874 ecclcsiae
1441 820 1571 873 numitius
1591 826 1618 873 et
1636 819 1780 889 utriusque
1800 815 1929 888 decalogi

230 901 284 970 piis
301 918 334 955 ex
358 917 390 954 eo
408 901 540 956 institutis
566 902 711 972 colloquiis
727 901 811 956 fidem
835 919 914 955 suern
931 900 1063 955 stabiliet.
1090 904 1202 958 tabulae
1231 913 1323 958 custos
1356 905 1488 959 divinitus
1516 911 1559 958 est
1586 904 1761 959 constitutus.
1810 901 1930 957 cavebit

231 986 386 1040 Discedunt
405 987 440 1039 nb
459 986 511 1039 hac
529 988 772 1041 sententianostrs
790 986 938 1055 Pontificii,
959 985 1025 1039 dum
1043 993 1062 1040 1.
1089 996 1182 1042 tamen
1202 990 1264 1058 pius
1290 991 1485 1062 magistratus,
1510 1006 1544 1043 ue
1573 988 1718 1043 ministerii
1744 987 1928 1044 ecclesiastici

231 1089 249 1125 a
267 1071 421 1142 scripturae
441 1072 559 1125 lectione
578 1072 676 1137 laicos,
704 1071 806 1144 quibus
831 1073 914 1126 etiam
933 1088 1012 1142 reges
1031 1086 1063 1123 ac
1091 1073 1313 1148 constitutionem
1331 1093 1364 1129 ac
1383 1076 1569 1129 ministrorum
1596 1073 1770 1128 vocationem
1796 1073 1853 1126 sibi
1872 1074 1931 1126 soli

231 1156 369 1228 principes
390 1164 580 1222 annumerant,
599 1158 732 1212 arcendos
752 1174 812 1213 esse
831 1164 969 1222 statuunt3
991 1163 1013 1210 1.
1033 1155 1062 1208 fi-
1090 1160 1218 1214 vendicet
1231 1161 1342 1214 excluso
1354 1161 1528 1232 presbyterio
1541 1166 1570 1214 et
1588 1160 1696 1231 reliqua
1712 1158 1838 1228 eeclesia,
1859 1175 1929 1213 neve

232 1243 295 1297 dem
313 1241 474 1313 implicitam
492 1242 547 1295 illis
568 1244 775 1312 commendant3
794 1249 818 1299 3.
840 1243 944 1311 alienis,
957 1244 1064 1312 praels-
1091 1246 1162 1297 inter
1180 1247 1293 1314 repotia
1311 1246 1363 1300 sibi
1384 1247 1434 1301 soli
1454 1245 1550 1300 debita
1569 1261 1629 1298 eam
1653 1243 1756 1300 referet
1782 1261 1815 1298 ac
1833 1243 1929 1297 invitia
1943 1253 1992 1295 nv.

232 1334 322 1382 torum
333 1328 446 1393 scilicet,
466 1327 554 1380 oculis
573 1327 767 1396 magistratum
780 1328 808 1381 iu
821 1343 905 1381 causa
924 1327 1064 1398 religionis
1091 1329 1262 1384 auditoribus
1282 1336 1407 1401 pastores
1427 1330 1577 1396 obtrudat,
1607 1330 1656 1386 sed
1672 1329 1793 1394 noverit,
1812 1331 1861 1400 jus
1883 1345 1929 1381 vo·

231 1415 325 1469 videre
339 1413 449 1483 jubent.
488 1412 572 1467 Henr.
585 1412 759 1482 Blyssemius
772 1414 800 1466 in
813 1418 892 1467 tract.
913 1413 947 1466 de
967 1412 1064 1466 eccles.
1092 1416 1174 1469 candi
1200 1416 1337 1470 ministros
1361 1421 1402 1469 od
1430 1416 1576 1468 ecclesiam
1599 1424 1626 1468 et
1651 1432 1745 1469 omnes
1763 1424 1819 1468 tres
1838 1422 1929 1468 stabis

231 1518 258 1570 p.
278 1506 323 1555 37:
352 1501 397 1551 De
413 1499 562 1566 redipiosis
584 1507 608 1550 et
626 1499 697 1560 fidei
715 1499 912 1551 controversiis
930 1516 964 1551 oc
982 1515 1064 1567 nepo·
1093 1502 1226 1554 ccclesiae
1244 1502 1390 1571 pertinere,
1409 1519 1427 1556 a
1449 1501 1550 1571 quibus
1563 1500 1701 1571 quomodo
1715 1500 1811 1554 debito
1830 1499 1930 1554 ordine

231 1585 279 1639 tiis
298 1601 476 1653 copnososre,
496 1585 634 1650 judicare
653 1601 688 1636 oc
707 1585 866 1636 discernere
891 1603 946 1637 non
968 1586 1008 1636 ad
1024 1599 1066 1636 se·
1092 1592 1120 1639 et
1139 1585 1244 1655 absque
1263 1586 1424 1642 confusione
1443 1585 1562 1641 exerceri
1584 1586 1671 1656 possit
1689 1602 1723 1639 ac
1743 1585 1856 1652 debeat,
1875 1602 1928 1639 suo

232 1673 345 1725 celares
365 1671 493 1723 dontinos
511 1670 554 1722 nel
571 1671 661 1723 laicos
679 1671 811 1738 borsines,
830 1672 882 1723 sed
900 1673 942 1723 od
963 1671 1067 1740 spisso·
1093 1670 1246 1739 expositum
1265 1672 1390 1726 dedimus
1409 1672 1478 1726 loeo.
1852 1732 1855 1737 ,

232 1776 289 1827 pos
308 1776 342 1809 ac
364 1757 568 1810 scotomaticos
584 1756 732 1824 praelatos
749 1762 871 1824 spectat,
896 1774 931 1808 oc
945 1756 1067 1808 borsines
1133 1762 1187 1812 184.
1226 1757 1270 1809 Ad
1300 1744 1370 1810 lianc
1395 1757 1588 1809 ministrorum
1611 1755 1833 1808 constitutionem
1859 1754 1930 1808 refe·
1943 1753 2009 1814 ¹3⁰⁶

235 1844 305 1897 laici
321 1843 365 1895 oet
381 1842 523 1895 seculares
540 1860 595 1893 non
610 1843 748 1909 prrqrrr's's,
767 1844 819 1894 sed
830 1843 940 1908 alicnis,
962 1841 1067 1909 episco-
1094 1840 1179 1894 rimus
1208 1847 1230 1897 1.
1258 1843 1424 1895 Sebolorum
1445 1841 1610 1894 erectionem
1634 1848 1660 1892 et
1679 1841 1930 1896 conservationem.
1945 1810 1999 1895 deb:

121 1939 178 1982 rw.
188 1939 221 1983 1ο.
230 1948 333 1998 porum
353 1947 387 1980 oc
403 1928 722 1996 praelatoranrsuorurn
742 1929 830 1981 ocrrtr's
845 1929 941 1980 videre
960 1928 1068 1994 debent,
1094 1926 1148 1992 Qui
1183 1928 1218 1980 ad
1256 1928 1436 1981 ministerium
1470 1925 1686 1982 ecclesiasticum
1729 1924 1793 1978 olim
1821 1942 1932 1994 promo-
1945 1906 2009 1997 ἔξω

236 2031 319 2084 qnam
332 2030 392 2067 esse
406 2030 579 2066 communem
594 2011 799 2066 Catholicorum
812 2014 965 2067 doctrinam
982 2028 1066 2084 sguo·
1095 2012 1185 2075 vendi,
1206 2013 1244 2066 illi
1265 2013 1293 2066 in
1311 2011 1413 2067 scholis
1433 2013 1507 2082 prius
1528 2018 1592 2086 suut
1611 2009 1777 2064 informandi
1799 2029 1832 2065 ae
1850 2011 1932 2065 insti·
1944 2020 1968 2049 ⁸·

233 2100 286 2153 scit
307 2099 438 2153 Vetterus
460 2098 487 2150 in
504 2097 667 2167 postoolloq.
688 2097 793 2152 Rutisb.
816 2118 842 2168 p.
863 2105 902 2154 tt.
935 2097 1067 2152 Matthias
1094 2098 1198 2164 tuendi,
1217 2114 1307 2168 neque
1327 2098 1400 2151 euim
1420 2098 1547 2151 salutaris
1571 2097 1621 2148 Dei
1645 2096 1766 2167 cognitio
1786 2103 1850 2165 post
1871 2097 1930 2166 lep·
1944 2108 1997 2151 xlv.

233 2181 433 2238 Maierhiiferus
456 2183 482 2235 in
507 2183 619 2252 speculo
646 2183 863 2251 praedicantium
887 2201 913 2254 p.
940 2189 998 2239 381.
1027 2184 1066 2236 sic
1095 2200 1155 2235 sum
1167 2183 1324 2235 hominibus
1337 2182 1498 2245 innascitur,
1520 2198 1569 2236 nec
1584 2180 1710 2248 1κανότης
1727 2182 1756 2235 in
1776 2182 1930 2235 ministerio
1952 2204 1961 2227 ο
1986 2240 1992 2257 ,

234 2269 365 2323 disserit:
385 2271 483 2321 bfonet
504 2268 590 2337 igitar
602 2271 717 2336 firmam
734 2270 826 2336 tirone,
846 2273 922 2336 quod
938 2288 993 2321 non
1009 2269 1067 2337 qui·
1095 2267 1227 2336 requisita
1259 2268 1416 2321 immediate
1448 2266 1553 2338 sbsque
1588 2266 1702 2337 praevia
1734 2266 1930 2321 informatione

234 2355 299 2407 libet
317 2357 358 2406 od
378 2355 513 2422 lepontios
534 2353 698 2422 Scripturas
719 2356 755 2406 sit
770 2356 925 2407 obstrictos.
966 2356 1013 2421 At,
1028 2354 1067 2406 in·
1096 2352 1177 2405 alicui
1197 2353 1363 2407 conceditur.
1401 2352 1505 2417 Quodsi
1527 2369 1593 2422 ergo
1616 2351 1795 2423 magistratus
1814 2352 1930 2407 idoneos

234 2440 294 2512 quit
312 2439 490 2509 praedicens,
521 2439 717 2507 rnapistrotum
736 2440 883 2506 politicum
902 2441 967 2492 ideo
987 2458 1067 2508 opor-
1096 2437 1230 2491 ecclesiae
1249 2437 1387 2491 ministros
1405 2439 1506 2492 hebere
1526 2437 1607 2501 velit,
1636 2437 1799 2509 diligentem
1824 2436 1930 2493 schola·

235 2535 272 2579 tet
300 2526 391 2591 tepere
420 2525 601 2595 Scripturas,
626 2532 660 2606 pt
680 2542 736 2592 pro
760 2542 789 2576 se
813 2532 840 2576 et
863 2527 922 2580 sais
948 2525 1068 2577 subditis
1095 2540 1155 2575 rum
1177 2539 1270 2575 curam
1297 2530 1369 2594 ngat.
1407 2523 1523 2577 Scholae
1547 2528 1612 2576 sunt
1630 2523 1776 2579 seminaria
1795 2539 1828 2577 ac
1851 2523 1930 2593 plan·

234 2612 371 2664 rationem
399 2612 520 2662 reddere
549 2610 650 2678 possit.
693 2610 913 2680 Respondemus:
948 2611 1068 2672 Quando
1095 2607 1166 2660 teria
1185 2607 1327 2662 ecclesiae.
1363 2608 1603 2671 Quemadmodum
1621 2609 1716 2663 hortus
1737 2608 1840 2677 optime
1865 2607 1932 2664 licet

234 2698 416 2764 nnrpistrntus
433 2696 568 2764 politicus
589 2694 753 2764 Scripturas
772 2697 850 2766 lepit,
871 2699 944 2749 idom
963 2698 1068 2749 eccidit
1097 2692 1186 2746 cultus
1215 2699 1242 2747 et
1272 2693 1448 2748 feracissimis
1475 2691 1620 2748 arboribus
1641 2693 1778 2748 uberrime
1806 2694 1930 2749 consitus

235 2783 290 2849 illi,
308 2784 386 2851 qood
401 2783 525 2835 erravero
540 2782 714 2850 Aethiopico,
733 2790 762 2834 at
780 2800 828 2835 cos
844 2802 899 2836 non
917 2784 1068 2852 iatetlr‘pot,
1095 2784 1214 2831 actaeon
1244 2796 1276 2832 ac
1305 2780 1505 2849 perennitatem
1532 2780 1659 2834 obtinere
1682 2779 1795 2850 nequit,
1828 2779 1882 2834 nisi
1902 2780 1931 2834 in

236 2870 356 2935 ideoque
381 2868 566 2936 mopistratus
586 2866 723 2936 politicus
747 2870 886 2921 rationem
904 2870 979 2938 fidei
1001 2887 1069 2922 strue
1097 2863 1266 2931 seminium,
1297 2882 1369 2934 quae
1389 2866 1429 2919 ita
1446 2869 1560 2933 vocant,
1588 2881 1622 2920 ac
1649 2865 1796 2936 plantariis
1813 2865 1931 2920 tenellae

236 2971 270 3007 er
289 2954 447 3021 Scriptores
465 2954 586 3005 reddero
611 2954 714 3020 nequit.
753 2954 861 3015 Quodsi
882 2956 925 3008 sel
952 2956 1069 3009 suarim
1096 2950 1249 3004 educentur
1267 2949 1469 3006 reformentur
1487 2952 1613 3019 arbores,
1639 2951 1757 3021 quaein
1775 2950 1867 3006 locum
1885 2969 1930 3006 ve

236 3058 292 3093 non
313 3041 389 3108 lepat
417 3038 594 3107 Scripturas,
617 3038 728 3091 interim
756 3047 848 3093 taurea
873 3042 997 3094 observet
1027 3059 1070 3111 eu,
1095 3041 1199 3090 instate
1219 3036 1403 3090 murcidumm
1424 3054 1457 3092 ac
1476 3044 1662 3091 emortuarum
1682 3037 1746 3091 olim
1766 3037 1931 3101 succedunt3

237 3143 309 3195 quoe
335 3130 434 3176 sancta
464 3123 604 3176 corbolien
632 3125 750 3177 ecclesia
777 3128 894 3179 credere
918 3129 1069 3199 proecepit,
1097 3121 1136 3174 sie
1155 3121 1372 3175 ecclesiasticum
1391 3122 1572 3175 ministerium
1592 3122 1641 3175 diu
1659 3122 1817 3177 conservari
1833 3123 1931 3194 nequit

236 3219 292 3262 tom
306 3217 399 3278 potest
411 3209 513 3274 dicere,
535 3208 586 3261 boc
599 3210 678 3260 docet
691 3209 810 3262 ecclesia
827 3211 976 3279 catholica,
997 3230 1068 3282 quoe
1095 3206 1248 3278 incolume,
1278 3206 1330 3259 nisi
1356 3208 1384 3260 in
1412 3206 1512 3261 scholis
1538 3208 1691 3263 formentur
1716 3214 1744 3261 et
1770 3208 1930 3271 educentur,

236 3303 277 3349 est
292 3298 507 3360 fondamentum
528 3302 554 3346 et
573 3294 701 3347 colomna
721 3295 862 3357 sedatis,
891 3314 963 3364 quos
983 3300 1069 3367 mapi-
1096 3293 1143 3363 qui
1160 3293 1291 3346 ministris
1311 3292 1347 3345 ad
1365 3299 1495 3349 aeternae
1513 3294 1587 3348 vitae
1605 3292 1772 3348 consortium
1792 3309 1842 3362 per
1862 3311 1930 3348 mor-

235 3390 296 3435 stro
324 3382 394 3434 mibi
424 3362 569 3434 (livinitus
587 3380 755 3448 constituta,
790 3397 857 3433 vera
891 3383 978 3450 ipitstr
1011 3400 1069 3437 csse
1096 3385 1151 3432 lem
1175 3377 1316 3431 translatis
1335 3379 1362 3431 ln
1382 3378 1475 3432 officio
1493 3380 1651 3435 succedunt.
1689 3379 1930 3444 Quemadmodum

237 3475 361 3537 oportet,
387 3481 457 3535 qrras
476 3465 618 3518 credendo
635 3465 792 3534 praecipit,
820 3466 888 3518 boec
905 3468 981 3519 ratio
997 3470 1072 3537 ,edei
1096 3463 1124 3516 in
1144 3478 1256 3531 corpore
1275 3461 1394 3516 humano
1413 3470 1454 3517 est
1470 3463 1633 3518 suavissime
1660 3480 1793 3517 venerum
1815 3470 1842 3519 et
1860 3474 1931 3520 urte-

236 3554 308 3606 sotis
325 3558 365 3604 est
382 3550 535 3614 sufficiens.
1095 3549 1197 3603 rinrum
1211 3554 1325 3618 συζυγία
1337 3548 1396 3602 sive
1407 3547 1588 3619 combinatio;
1603 3549 1643 3603 ita
1657 3550 1685 3602 in
1698 3565 1812 3619 corpore
1829 3550 1933 3604 l‘hristi

110 3657 185 3697 uus·
276 3643 332 3693 183.
370 3634 499 3689 Ceterum
518 3633 628 3703 utplus
648 3635 825 3704 magistratus
845 3652 938 3690 veram
958 3638 1069 3712 religio·
1096 3634 1214 3704 mystico
1239 3632 1371 3688 ecclesiae
1402 3651 1434 3688 ac
1459 3633 1569 3688 scholae
1599 3633 1784 3704 pulcherrima
1810 3635 1933 3706 quadam

111 3712 211 3799 mbo
237 3740 310 3790 nem,
325 3734 408 3791 quam
430 3734 463 3772 ex
485 3718 635 3788 Scripturis
650 3719 735 3772 sacris
756 3719 861 3784 didicit,
883 3721 956 3792 apud
976 3723 1069 3776 subdi·
1097 3719 1240 3773 hermonis
1258 3718 1310 3775 sibi
1332 3719 1450 3774 invicem
1469 3727 1534 3773 sunt
1553 3719 1726 3790 conjunctae.
1768 3718 1812 3775 De
1832 3718 1935 3776 scholis

111 3821 167 3850 rum.
237 3814 280 3863 tos
307 3805 372 3860 fidei
390 3820 457 3858 suae
475 3805 634 3858 commissos
654 3822 809 3876 propagare
822 3809 993 3879 eandemque
1013 3827 1069 3864 sar·
1097 3804 1182 3875 igitur
1200 3812 1275 3858 recte
1294 3804 1469 3859 instituendis
1488 3804 1666 3875 magistratus
1685 3805 1810 3858 solicitus
1832 3806 1870 3860 sit
1888 3807 1935 3862 rel

112 3861 206 3961 {lollii
238 3901 294 3949 tam
319 3898 422 3947 tectum
448 3898 476 3944 et
501 3907 519 3943 a
543 3892 708 3961 corruptelis
732 3892 880 3948 immunem
907 3911 1070 3950 conservare
1099 3890 1569 3960 maxime‚t⁰¹i1p101>t⁰r⁰8u⁸am
1588 3891 1670 3944 modo
1688 3890 1855 3960 0¹P0⁵st⁸m2
1873 3898 1933 3947 tum

111 3963 334 4053 :2223¹‘„.possit,
352 3975 501 4046 requiritur
525 3982 546 4031 1.
565 3976 765 4031 Ministrorum
784 3979 949 4032 idoneorum
969 3983 1070 4034 coristi·
1099 3976 1165 4046 quia
1190 3976 1346 4045 juventutis
1376 3982 1453 4030 recta
1478 3975 1615 4029 institutio
1638 3974 1789 4030 secundum
1808 3975 1935 4034 Philoso-

112 4066 206 4164 ,⁶332
238 4065 312 4118 ratio.
350 4060 420 4116 cum
439 4062 511 4115 enirn
531 4060 649 4115 fiderit
667 4079 701 4114 er
716 4064 957 4130 ascensoribus
978 4073 1070 4121 autem
1099 4060 1183 4131 phum
1212 4067 1254 4114 est
1284 4059 1497 4114 fundamentum
1528 4059 1706 4128 reipublicae.
1758 4060 1935 4116 Docsntibus

112 4170 182 4207 isram
234 4166 289 4222 per
306 4148 416 4201 nobam
436 4148 494 4199 Dei
520 4147 599 4204 Rom
624 4154 662 4211 10,
679 4166 704 4201 v.
727 4153 764 4204 lt.
784 4149 847 4203 ideo
864 4156 896 4203 ut
915 4162 981 4205 vera
1001 4151 1070 4207 fides
1099 4147 1250 4217 prospiciet
1275 4147 1309 4199 de
1327 4146 1450 4199 honestis
1469 4145 1590 4209 saleriis,
1618 4145 1789 4200 discentibus
1810 4148 1934 4218 quietem

112 4227 215 4309 23⁸2*ss
238 4253 271 4290 ac
295 4232 392 4305 religio
417 4233 565 4286 inanimis
590 4232 764 4287 subditorum
788 4233 895 4304 vigeat,
921 4237 1069 4306 requiritur
1097 4240 1235 4302 procuret,
1257 4233 1400 4301 utriusque
1421 4230 1622 4287 immunitatem
1635 4230 1672 4286 ab
1690 4231 1819 4287 oneribus
1837 4233 1931 4304 publi·

112 4320 225 4410 affin·
238 4321 347 4374 sincera
364 4317 440 4371 vorbi
461 4317 632 4386 praedicatio
650 4324 677 4372 et
694 4317 819 4388 legitima
836 4327 1069 4375 sacramentorum
1097 4319 1151 4386 cis,
1172 4316 1360 4371 defensionem
1375 4333 1406 4370 ec
1427 4316 1611 4386 patrocinium
1638 4322 1766 4387 praestet.
1805 4316 1933 4372 Leo'im-
1975 4334 1979 4339 ·

111 4421 163 4463 stu.
238 4403 446 4460 administratio.
482 4402 550 4456 Itum
571 4419 636 4457 vero
660 4420 723 4456 cum
743 4404 921 4473 magistratus
945 4405 1071 4477 ipseper
1097 4409 1210 4473 perator
1246 4420 1308 4485 epm
1337 4401 1485 4473 Eulogium
1524 4402 1561 4456 sd
1593 4403 1770 4472 aperiendam
1803 4403 1832 4458 in
1863 4405 1934 4460 urbe

112 4470 224 4562 {22⁰4
238 4505 268 4544 se
289 4495 317 4542 et
335 4487 492 4542 immediate
509 4488 649 4558 suscipere
667 4503 718 4541 nec
737 4486 837 4542 debeat
855 4493 967 4558 propter
984 4492 1071 4545 eccle·
1098 4487 1220 4543 scholam
1244 4488 1381 4559 stipendio
1399 4488 1554 4542 liberaliore
1574 4488 1719 4543 invitasset
1739 4494 1768 4543 et
1784 4497 1935 4560 propterea

112 4574 197 4664 ffiffif‘
238 4574 341 4628 sisstici
368 4590 399 4627 ac
425 4572 531 4642 politici
557 4573 678 4626 muueris
709 4572 913 4626 distinctionem
939 4575 1070 4630 divinitus
1097 4574 1293 4628 asatellitibus
1305 4573 1561 4644 reprehenderetur,
1575 4573 1726 4646 respondit,
1744 4577 1801 4629 εἴθε
1824 4581 1934 4645 γένοιτο

112 4679 173 4715 siros
238 4659 370 4713 sancitum
394 4661 458 4712 leuc.
481 4663 522 4720 22,
542 4673 567 4710 v.
591 4663 630 4711 25.
651 4662 678 4711 et
698 4656 885 4712 confusionem
905 4676 998 4714 severe
1018 4680 1070 4732 pu·
1099 4661 1143 4712 tut
1167 4660 1216 4713 τοῦ
1230 4658 1301 4730 ἐμοῦ
1314 4658 1429 4732 χρόνου,
1453 4658 1522 4713 ὥστε
1543 4658 1575 4713 τὰ
1599 4663 1654 4712 τῶν
1679 4663 1936 4729 στρατιωιικῶνιῖς

112 4728 196 4817 2⁰:¹3*
238 4747 325 4800 nitam
346 4752 368 4799 1.
390 4745 460 4800 Sam.
484 4748 522 4809 13,
543 4760 567 4795 v.
591 4747 629 4797 13.
649 4748 672 4798 2.
691 4741 760 4812 ch.
778 4750 815 4811 15,
832 4763 855 4796 v.
869 4751 893 4800 5.
913 4750 937 4799 2.
955 4746 1014 4801 Par.
1029 4752 1069 4810 27,
1097 4743 1283 4803 διδασκάλους
1313 4748 1498 4815 παρέχεσθαι,
1516 4725 1637 4798 ‘utinam
1668 4746 1735 4799 mas
1763 4749 1936 4815 temporibus

239 4850 264 4887 v.
287 4837 326 4886 ie.
347 4845 398 4883 nec
421 4829 565 4883 commode
589 4828 676 4897 possit
693 4835 805 4899 propter
830 4830 950 4883 muneris
970 4832 1069 4886 utrius·
1097 4845 1132 4882 eo
1169 4846 1241 4898 quoe
1274 4828 1411 4882 militibus
1447 4832 1566 4899 dantur,
1598 4831 1759 4885 doctoribus
1788 4833 1937 4886 numerari

239 4933 292 4987 que
312 4914 421 4968 diversa
440 4914 557 4984 objecta,
576 4913 668 4969 medis
688 4919 715 4967 et
734 4914 849 4981 effecta;
869 4915 931 4968 ideo
951 4914 1067 4969 docendi
1098 4916 1245 4968 deberent!

237 5000 350 5072 publice
370 4999 398 5051 in
418 4998 536 5053 ecclesia
556 4999 725 5068 provinciam
744 4999 797 5068 piis
815 5007 843 5053 et
860 4999 965 5054 idoneis
984 5000 1085 5055 homi-⁶
1136 5006 1192 5057 185.
1234 5006 1260 5056 2.
1293 5001 1494 5054 Ministrorom
1524 5003 1668 5056 honestam
1697 5003 1934 5057 mactationem.
1949 5014 1969 5055 2

237 5086 319 5141 nibus
335 5085 529 5139 commendare
548 5082 640 5150 debet,
661 5102 710 5154 per
725 5101 794 5154 quos
807 5083 948 5154 religionis
966 5085 1068 5140 veritas
1097 5086 1168 5141 Cum
1190 5087 1263 5140 enim
1287 5085 1328 5140 illi
1346 5086 1394 5157 qui
1418 5088 1447 5139 in
1476 5089 1557 5141 serbo
1587 5096 1612 5141 et
1635 5088 1765 5139 doctrino
1792 5086 1935 5160 nomam,
1949 5071 1993 5156 2²2:

237 5179 265 5226 et
284 5173 375 5235 cultus
399 5170 484 5222 divini
508 5168 650 5222 sinceritas
674 5188 706 5223 ex
732 5168 882 5239 Scripturis
902 5170 1014 5239 publice
1040 5172 1068 5224 iu
1082 5160 1085 5191 ³
1101 5178 1120 5225 1,
1135 5171 1207 5224 Tim.
1223 5177 1245 5236 5,
1265 5188 1290 5224 v.
1309 5177 1347 5228 11.
1362 5180 1388 5224 et
1401 5173 1574 5238 erronpcliam
1593 5173 1770 5235 onerantium,
1795 5179 1815 5226 1.
1830 5170 1895 5226 Cor.
1908 5179 1937 5243 9,
1950 5178 2007 5259 a

237 5254 355 5309 ecclesia
372 5254 503 5325 expositis
524 5260 678 5321 asseratur,
698 5255 860 5322 inculcetur,
879 5254 1009 5308 contrarii
1025 5271 1068 5309 er·
1097 5274 1123 5312 v.
1145 5262 1184 5310 14.
1206 5273 1260 5309 non
1280 5252 1387 5325 possint
1406 5265 1478 5312 artes
1496 5258 1653 5311 manuarias
1678 5273 1806 5312 exercere
1823 5257 1936 5314 iisdem·

235 5355 309 5395 rores
327 5339 489 5396 refellantur
509 5347 539 5393 et
558 5339 662 5408 populo
674 5340 720 5393 via
740 5339 837 5394 salutis
856 5336 975 5393 fideliter
990 5354 1067 5392 mon·
1099 5357 1152 5410 que
1170 5340 1274 5394 rictum
1294 5340 1346 5394 sibi
1366 5358 1473 5411 parare,
1493 5342 1589 5412 utiquc
1605 5341 1762 5412 requiritur,
1782 5346 1815 5395 ut
1833 5341 1869 5398 ds
1886 5342 1937 5397 bo·
