4020 6014
237 360 296 418 342
813 356 936 414 LOCUS
954 354 1159 414 vlcnsfflns
1178 357 1357 422 QUARTUS

237 508 502 577 wenliaqasodi
510 510 676 563 incentivam
681 512 833 578 praebete
847 510 898 564 Est
906 510 1010 580 injusta
1020 512 1071 562 etc.
1138 514 1193 565 tet.
1231 510 1277 565 Ad
1303 512 1376 566 hunc
1402 528 1521 566 amorem
1546 517 1573 566 ct
1603 510 1767 567 benevolum
1794 512 1824 566 in
1844 507 2008 566 tunimoMol

238 596 280 647 2³.
301 609 329 663 q.
349 601 372 647 4.
411 592 573 649 Celebratur
590 594 693 648 dictum
710 596 873 651 Frontonis:
899 596 1011 650 Malam
1033 602 1072 648 ast
1099 595 1231 666 principis
1253 614 1320 668 erga
1338 597 1464 652 subditos
1482 596 1614 651 affectum
1635 597 1767 653 accedere
1786 597 1872 651 debet
1893 615 1935 649 sa·
1949 559 2008 657 iiiii

125 679 177 721 ¹1V·
192 678 225 720 ²2
239 678 378 747 imperare
399 695 468 748 eam,
487 681 536 732 sab
555 697 610 748 qao
631 681 736 735 nemini
753 680 907 750 quidquam
925 681 1003 748 licet,
1021 681 1073 733 sed
1099 680 1176 734 licito
1195 699 1279 746 cara,
1300 699 1356 753 qua
1373 683 1489 737 anatem
1518 682 1688 759 reipublicae
1714 691 1741 736 ct
1759 683 1936 737 subditorum
1948 670 2008 751 22⁶

239 765 320 831 laaqe
341 766 427 835 pejus
452 766 544 819 visae
563 769 614 820 sab
642 784 688 836 so,
716 769 765 820 sab
785 786 838 837 qno
865 768 959 819 omnia
983 766 1072 818 licent.
1098 766 1242 820 commoda
1258 767 1387 838 princeps
1405 767 1486 821 unice
1504 774 1626 838 quaerat.
1667 764 1777 836 Cogitet
1796 768 1937 837 princeps,

239 850 449 921 Temperandns
461 857 503 906 est
512 852 638 922 justitiae
656 853 731 924 rigor
750 853 890 924 aequitate
909 857 938 907 et
955 850 1071 905 clemen·
1099 868 1154 905 non
1174 851 1226 906 sibi
1247 852 1344 907 datum
1363 870 1421 907 esse
1441 871 1570 922 regnum,
1591 859 1622 906 ut
1643 871 1675 908 eo
1696 870 1746 923 pro
1765 853 1857 907 lubitu
1877 861 1936 908 uta·

239 937 288 1007 tia,
311 954 366 991 non
379 943 472 992 autem
484 937 709 1009 exstinguendus.
745 938 899 993 Clementia
916 943 959 992 est
977 936 1071 1006 impio·
1098 941 1145 990 tur
1164 936 1207 990 vel
1227 938 1367 1008 abutatur,
1386 939 1434 993 scd
1454 955 1483 992 se
1502 938 1595 1008 potius
1613 955 1698 1010 regno
1717 939 1821 1001 datum,
1843 946 1874 992 ut
1897 955 1936 991 sa·

239 1041 299 1076 rum
327 1021 407 1086 luna,
426 1021 537 1092 justitia
564 1023 629 1078 solis
654 1024 743 1077 vicem
767 1023 891 1077 sustinet.
938 1022 1073 1076 &cedere
1099 1021 1149 1074 luti
1175 1028 1202 1077 et
1225 1023 1376 1077 commodis
1400 1024 1459 1094 ejus
1478 1023 1645 1095 prospiciat;
1667 1022 1847 1095 παραπλήσια
1867 1024 1935 1093 ἔργα

235 1109 343 1177 poterit
361 1110 397 1161 ab
409 1110 473 1162 aori
483 1110 616 1178 justitiae
626 1110 685 1164 sola
696 1110 764 1163 laea
776 1110 854 1176 luna,
874 1110 926 1161 sed
935 1110 1073 1170 secedere,
1099 1111 1204 1175 νομέως
1230 1106 1341 1178 ἀγαθοῦ
1365 1112 1409 1161 sul
1434 1112 1568 1175 βασιλέως
1598 1108 1726 1179 ἀγαθοῦ,
1752 1109 1822 1162 dicit
1846 1108 1937 1179 Cyrus

239 1213 294 1248 aaa
314 1194 466 1257 άὶοοοάονο,
487 1195 601 1247 atomo
614 1195 712 1263 patius
738 1213 821 1263 qaam
839 1197 969 1248 advorsa.
1007 1191 1071 1261 Lip-
1098 1192 1174 1263 apud
1202 1192 1414 1262 Xenophontem
1444 1193 1492 1249 lib.
1527 1199 1550 1248 8.
1586 1192 1742 1265 Cyropaed.
1796 1194 1837 1250 Ut
1869 1208 1936 1263 ergo

239 1278 295 1333 sius
319 1278 364 1334 lib.
392 1285 416 1335 2.
441 1279 519 1349 polit.
548 1296 607 1351 cap.
638 1285 675 1335 ta.
714 1280 887 1351 Quandoque
914 1277 1073 1334 adhibenda
1098 1285 1193 1346 pastor
1210 1295 1303 1332 omnes
1322 1280 1460 1349 cogitatus
1472 1295 1537 1333 suos
1558 1279 1654 1350 dirigit
1672 1280 1708 1332 ad
1726 1279 1844 1333 salutern
1864 1295 1935 1331 com-

239 1373 281 1421 est
298 1366 436 1419 salutaris
456 1368 596 1435 quaedam
616 1368 764 1435 severitas,
792 1367 994 1437 quas-iaaaem
1011 1381 1071 1432 spa·
1098 1362 1173 1416 missi
1191 1363 1243 1416 sibi
1262 1364 1363 1436 gregis,
1381 1380 1463 1436 quem
1476 1371 1503 1420 et
1516 1365 1597 1437 regit,
1616 1372 1643 1417 et
1661 1371 1768 1430 tuetur;
1788 1365 1828 1418 sic
1847 1364 1936 1418 bonus

242 1454 310 1504 aiem
329 1451 493 1505 elementiae
511 1453 604 1520 uincit,
622 1451 718 1507 Cicero
737 1452 816 1522 epist.
837 1452 884 1506 lib.
900 1459 923 1506 2.
944 1452 977 1503 ad
994 1449 1072 1504 Brut.
1098 1448 1226 1519 princeps
1246 1466 1340 1504 omncs
1359 1467 1423 1504 suas
1442 1450 1633 1521 cogitationes,
1655 1450 1771 1505 consilia
1788 1451 1883 1505 omnia
1900 1449 1934 1502 ad

238 1536 379 1606 Breviter,
407 1536 671 1594 misericordiosius
685 1537 797 1608 justitia
814 1543 857 1591 est
876 1535 1005 1605 fatuitas,
1027 1536 1071 1604 jn·
1100 1534 1300 1604 procurandam
1314 1535 1487 1591 subditorum
1500 1536 1619 1591 salutem
1638 1536 1719 1590 unice
1737 1535 1851 1607 dirigat,
1865 1552 1935 1606 quos

239 1623 314 1677 stitia
333 1623 392 1677 sinc
410 1623 599 1678 misericordia
617 1619 774 1677 crudelitas
1099 1619 1224 1690 exemplo
1244 1619 1361 1690 pastoris
1380 1626 1408 1675 et
1428 1637 1524 1693 regere
1543 1629 1571 1675 et
1586 1623 1657 1676 tueri
1673 1621 1807 1677 convenit.
1838 1623 1935 1675 Bonas

1099 1713 1123 1758 at
1142 1706 1279 1759 salutaris
1296 1707 1428 1775 princeps
1441 1707 1579 1760 universio
1598 1710 1703 1761 seruire
1724 1708 1804 1760 olebat
1821 1707 1934 1773 civibus,

109 1781 207 1872 ζμ·
277 1783 331 1832 163·
367 1783 389 1831 4·
416 1776 458 1830 Εῑ
485 1792 578 1843 amm.
603 1793 671 1847 ⁰¹8⁸
694 1777 820 1832 ⁸¹¹bdll⁰⁸
845 1777 928 1832 ellam
959 1776 1071 1846 profluit
1094 1792 1262 1860 ptoromqoo
1282 1792 1365 1844 etiam
1385 1792 1519 1860 singulis,
1544 1792 1654 1848 dicebat
1671 1791 1800 1848 Tiberius
1819 1792 1934 1862 impera-

111 1836 223 1924 ostili
239 1863 420 1926 noeficsotio
444 1869 469 1913 ot
496 1861 669 1929 liberaliter,
696 1878 767 1932 quae
792 1863 835 1917 vel
856 1863 974 1917 maxime
993 1868 1072 1916 ornat
1099 1883 1149 1944 por,
1168 1877 1230 1931 me„
1251 1893 1374 1946 „amque
1398 1877 1435 1931 ,d
1451 1876 1520 1932 fflud
1539 1879 1696 1949 dimam,
1714 1877 1888 1933 auctoritati,
1909 1885 1936 1931 et

110 1933 216 1975 sanun.
239 1963 341 2017 ῐθὲθῐῦν
360 1944 436 2000 unde
448 1946 531 2000 ellam
543 1951 677 2001 'mum‘
694 1945 810 2022 ΕὛἾ),
832 1948 980 2020 ‘liulfum
998 1949 1071 2019 <lu⁰d
1099 1963 1244 2032 potestatis
1262 1952 1407 2033 fastigium
1426 1970 1468 2019 est
1487 1971 1616 2029 evectus,
1644 1971 1674 2018 ut
1700 1964 1851 2019 commodis
1871 1961 1934 2017 sub-

237 2033 352 2104 propria
390 2033 512 2103 ipsorum
549 2034 636 2089 virtus
674 2035 776 2091 debeat
822 2054 880 2092 este
918 2037 1071 2092 liberalitas
1099 2047 1217 2100 diturum
1244 2047 1387 2117 provideat
1414 2058 1441 2103 et
1467 2049 1598 2120 injustam
1625 2049 1784 2105 violentiam
1800 2038 1850 2103 'ab
1880 2049 1933 2102 illis

237 2118 300 2174 Μ’·
321 2124 361 2188 Ῑῖ,
381 2136 407 2175 V·
429 2125 468 2175 2¹·
501 2119 568 2174 1¹11&
587 2123 630 2185 ²²,
649 2139 672 2175 V·
695 2127 736 2177 25·
762 2121 896 2194 Princeps
914 2129 956 2177 eti
977 2125 1070 2191 ''mano
1097 2132 1250 2202 prohibeat.
1297 2132 1432 2188 Consistit
1467 2134 1553 2206 igitur
1589 2135 1767 2207 magistratus
1803 2134 1934 2197 officium,

239 2207 303 2268 Dei,
322 2205 380 2274 ij
400 2223 464 2260 γ8ῐο
484 2203 675 2261 benefaciendi
693 2208 816 2262 Studium
834 2207 886 2263 Dei
913 2226 997 2280 quum
1016 2224 1070 2261 ma·
1097 2217 1172 2286 quod
1191 2217 1310 2271 subditis
1330 2218 1420 2282 debet,
1438 2228 1496 2273 trum
1514 2221 1543 2272 in
1557 2223 1764 2274 commodorum
1780 2238 1814 2272 ac
1832 2221 1933 2272 solatis

134 2337 139 2345 .
237 2291 309 2346 xime
326 2308 377 2346 nos
396 2291 499 2346 similes
517 2292 621 2346 reddit:
650 2294 705 2356 Qui
721 2295 881 2362 beneficium
900 2297 958 2360 dat,
979 2296 1072 2347 Deam
1093 2304 1225 2371 poeticae
1248 2305 1427 2372 promam,
1454 2307 1507 2360 hoc
1533 2313 1575 2361 est
1603 2309 1633 2359 ,·„
1651 2308 1777 2374 legitima
1797 2308 1933 2375 wama.
1946 2305 2008 2346 xta:

237 2379 372 2444 imitatur,
389 2377 480 2447 inquit
499 2377 604 2433 Seneca
624 2378 670 2433 lib·
690 2385 714 2435 3.
736 2379 771 2434 de
790 2379 881 2433 benef·
1096 2389 1170 2440 tione
1191 2407 1248 2456 per
1264 2391 1395 2444 honestas
1414 2392 1488 2460 lapsa
1506 2409 1656 2462 contraque
1675 2393 1854 2455 ascalonas,
1875 2397 1933 2445 tum

1098 2473 1127 2525 ia
1146 2475 1319 2543 raspssbliaae
1339 2494 1373 2530 aa
1393 2479 1566 2531 subditarum
1586 2477 1760 2540 defensione.
1788 2476 1934 2549 Magistra·

1097 2558 1138 2612 tui
1159 2576 1241 2615 curas
1258 2560 1307 2628 sit,
1328 2569 1360 2615 ut
1377 2562 1536 2633 respublica
1558 2562 1655 2617 floreat
1680 2563 1797 2615 interius
1822 2567 1851 2617 et
1874 2568 1936 2617 tuta

1099 2645 1135 2699 sit
1156 2648 1298 2715 salaman
1326 2659 1357 2700 ut
1376 2647 1482 2701 subditi
1508 2649 1578 2703 inter
1597 2665 1626 2703 se
1652 2649 1747 2702 vivant
1761 2647 1826 2717 pie,
1848 2649 1934 2716 jaus,

236 2739 312 2793 canit
330 2737 459 2808 Baptista
478 2742 654 2792 Mantuanus.
678 2737 883 2794 ttAriototqlep
901 2738 937 2792 ad
955 2738 1072 2793 Alexan·
1095 2733 1214 2800 pacifico
1234 2738 1262 2786 et
1279 2731 1315 2787 ab
1337 2733 1452 2787 aliorum
1473 2733 1581 2804 injuriis
1599 2742 1682 2804 atque
1707 2734 1934 2805 oppressionibus

237 2825 316 2879 brom
336 2824 460 2879 scribens
478 2822 604 2878 hortatur
622 2838 685 2877 sun
704 2823 740 2879 od
759 2821 969 2880 benefioentism
991 2829 1019 2878 ot
1027 2823 1068 2893 ju·
1098 2835 1208 2886 secoro,
1238 2818 1313 2888 quod
1339 2817 1429 2888 ipsum
1448 2825 1479 2873 ut
1501 2820 1677 2892 magistratus
1698 2820 1832 2883 obtineat,
1855 2827 1884 2875 et
1907 2820 1934 2873 in

237 2911 286 2968 bet
303 2928 367 2966 eum
388 2911 539 2980 potentiam
561 2928 639 2964 suam
659 2909 784 2966 conferre
802 2911 838 2964 ad
858 2910 1000 2981 publicam
1019 2910 1071 2964 uti·
1100 2905 1305 2969 molendinium,
1322 2909 1351 2957 ct
1366 2905 1496 2976 politicis
1509 2905 1561 2961 rite
1578 2905 1778 2959 constituendis
1796 2905 1934 2961 solicitum

237 2997 344 3053 litatem
364 3003 393 3052 ct
412 2989 533 3050 alutem
551 2995 671 3049 omnium
690 2997 822 3068 gentium,
846 3013 902 3050 non
922 2996 958 3050 ad
978 3012 1072 3067 snper·
1100 3006 1161 3043 eum
1187 3006 1246 3044 esse
1269 2991 1404 3047 convenit.
1446 2989 1493 3044 Ad
1518 2993 1573 3046 tria
1600 2992 1685 3063 igitur
1709 2991 1833 3047 membra
1852 2992 1935 3062 juxta

237 3082 327 3150 biam,
354 3082 402 3138 διὸ
427 3087 513 3156 πειρῶ
543 3080 587 3149 ιὴν
612 3079 701 3152 ἀρχὴν
717 3082 756 3151 μὴ
776 3086 815 3141 εὶς
836 3082 928 3155 ὕβριν,
956 3080 1013 3135 ἀλλ’
1036 3086 1072 3142 εἰς
1099 3075 1215 3146 apostoli
1234 3076 1338 3130 dictum
1359 3082 1377 3131 l.
1396 3075 1469 3131 Tim.
1488 3083 1511 3146 2,
1530 3095 1553 3129 vs
1571 3084 1594 3132 2.
1614 3077 1793 3148 magistratus
1812 3076 1934 3133 officium

237 3167 396 3244 εὐεργεσίαν
415 3167 667 3223 suscitabant*
691 3167 849 3237 Principem
867 3167 947 3223 decet
964 3167 1071 3222 animus
1099 3178 1165 3230 erga
1182 3161 1307 3215 subditos
1326 3161 1531 3218 revocabimus:
1556 3163 1680 3217 Primum
1699 3169 1741 3217 est
1759 3181 1870 3225 curma.
1904 3172 1935 3218 ut

237 3272 354 3327 magnus
374 3260 403 3310 et
421 3271 586 3322 generosus,
608 3255 667 3323 jam
691 3270 755 3308 vero
773 3255 904 3323 generosi
919 3261 945 3307 et
963 3256 1071 3325 mapai-
1097 3245 1200 3301 subditi
1218 3247 1312 3301 vivunt
1332 3245 1463 3316 ›bospoi;,·
1482 3250 1644 3318 secundum,
1666 3255 1697 3304 ut
1711 3249 1807 3305 vivant
1827 3253 1933 3321 septulo

236 3342 284 3406 nos·
299 3341 389 3393 animi
406 3349 445 3393 ost
461 3340 563 3409 juvare
584 3358 618 3392 oo
632 3342 780 3408 prodesse,
799 3339 905 3394 Seneca
925 3340 972 3394 lib.
993 3347 1017 3395 3,
1037 3341 1072 3395 dc
1099 3338 1143 3385 sol
1165 3333 1291 3394 δικαίως,
1312 3335 1442 3396 tertium,
1464 3341 1495 3388 ut
1513 3335 1607 3390 vivant
1629 3334 1742 3405 ἡσυχώς.
1780 3326 1875 3394 Prima
1894 3336 1932 3390 of-

236 3426 325 3482 bengf,
352 3442 410 3495 cap,
437 3431 476 3479 15,
500 3431 597 3479 contra
624 3442 689 3479 vero
716 3425 833 3480 avaritia
864 3442 898 3480 ac
922 3427 1071 3482 tenacitate
1096 3417 1152 3472 ficii
1171 3436 1236 3489 paru
1248 3420 1383 3489 pietatem
1404 3420 1578 3475 subditorum
1598 3438 1766 3477 concernens
1787 3422 1816 3476 in
1836 3441 1869 3478 eo
1889 3442 1932 3478 oc-

236 3511 304 3567 nihil
317 3511 469 3582 quidquam
485 3511 630 3574 sordidius,
643 3511 712 3565 nihil
726 3511 852 3566 servilius
866 3517 914 3566 aut
925 3512 1070 3583 abjectius.
1097 3512 1199 3576 cunata
1222 3512 1279 3568 eti,
1307 3511 1339 3558 ut
1360 3523 1424 3560 veru
1445 3507 1541 3579 religio
1570 3525 1603 3561 at
1622 3508 1744 3564 sincerus
1767 3509 1821 3565 Dei
1841 3511 1933 3564 cultus

236 3597 313 3651 Talis
332 3597 415 3651 etiam
435 3595 620 3652 beneficentia
637 3614 671 3650 ac
683 3596 835 3651 liberalitas
854 3597 986 3653 conciliat
996 3598 1070 3669 prin·
1096 3595 1192 3660 utpote
1216 3589 1426 3645 fundumentum
1455 3593 1564 3661 pietatis
1589 3594 1664 3665 apud
1688 3595 1815 3650 subditos
1840 3597 1933 3667 vigeat

238 3683 294 3755 cipi
313 3682 488 3737 subditorum
506 3683 621 3737 animos.
660 3683 739 3736 Titus
751 3683 940 3754 Vespasianus
958 3689 1071 3754 propter
1097 3681 1180 3745 atque
1209 3677 1318 3740 ssOretts
1352 3678 1386 3731 dt
1415 3694 1470 3748 qut
1497 3677 1580 3732 etlam
1611 3679 1699 3748 primo
1724 3679 1783 3735 1000
1808 3699 1931 3754 agrinius.

236 3787 341 3824 morum
360 3767 522 3823 facilitatem
539 3776 568 3823 et
581 3769 739 3843 εὐεργεσίαν
753 3769 873 3822 deliciae
894 3770 1004 3837 pencris
1022 3770 1069 3822 ltu·
1097 3762 1139 3817 Sit
1159 3778 1225 3833 ergo

236 3856 314 3909 maai
331 3854 384 3908 fuit
402 3853 505 3921 dictus,
531 3859 587 3908 tam
608 3855 694 3907 comis
717 3853 790 3908 enim
818 3871 851 3908 ac
870 3853 992 3909 liberalis
1010 3855 1071 3922 fuit,

237 3946 269 3995 ut
286 3939 355 3994 nulli
376 3939 527 4011 quidquam
548 3944 677 4010 negaret3
696 3938 725 3992 id
744 3957 806 3993 cum
824 3938 906 3993 amici
923 3940 1070 4009 repreben·
1324 3983 1357 4041 H
1375 3983 1400 4042 Ε
1419 3984 1495 4043 H
1517 3984 1546 4042 R
1563 3985 1590 4044 U
1608 3987 1641 4045 H
1681 3986 1696 4044 Ι

236 4027 342 4093 derent,
362 4025 537 4096 respondisse
555 4025 672 4092 dicitur,
696 4027 830 4079 neminem
853 4044 871 4078 a
895 4026 974 4079 valta
987 4028 1068 4096 prio-
1699 4028 1704 4039 '

1096 4136 1351 4215 aaron
1699 4139 1933 4220 aaut

308 4241 314 4253 ·
498 4236 500 4240 ¹
722 4223 724 4227 ’
977 4219 1502 4306 ’¹⁴⁰anunrnnrtunn
1552 4241 1933 4310 vnntnsarnr-

235 4285 307 4339 otton
331 4286 460 4354 cuiquam
482 4283 682 4353 praemisisset,
715 4283 846 4338 Aurelius
874 4283 971 4338 Victor
989 4290 1068 4340 etex

235 4388 268 4426 eo
283 4373 410 4425 Guevara
428 4371 444 4423 l.
465 4377 488 4424 3.
508 4370 595 4425 borol.
618 4387 641 4426 c.
661 4376 701 4424 31.
723 4368 911 4423 Diocletianus
929 4371 1067 4441 propriam
1096 4341 1192 4406 ΟΕΤ
1211 4342 1545 4408 RELIGIONEM
1560 4343 1933 4413 MAGISTRATUS

234 4455 389 4527 principum
401 4457 494 4510 dotem
506 4456 657 4526 appellavit
668 4454 870 4522 liberalitatem,
889 4454 985 4526 Pomp.
1000 4456 1069 4512 Lae-
1122 4444 1262 4510 APUD
1292 4445 1552 4512 SUBDITOS
1583 4444 1897 4514 PROMOVERE

234 4548 279 4597 tus
292 4543 319 4596 in
331 4542 447 4598 Dioclet.
476 4541 635 4598 Cavendum
649 4550 749 4609 tamen,
767 4559 803 4596 ne
814 4541 966 4597 liberalitas
987 4543 1068 4615 dege·
1411 4547 1509 4611 DEB
1519 4549 1544 4612 Ε
1553 4547 1581 4611 Α
1590 4548 1625 4612 Τ,

233 4635 310 4682 neret
329 4628 358 4682 in
375 4627 575 4699 profusionem:
595 4631 660 4682 Noa
679 4628 721 4682 ita
735 4629 897 4682 claudenda
914 4639 955 4683 est
971 4648 1067 4702 respa·

234 4716 317 4781 blica,
341 4723 371 4767 ot
399 4731 460 4767 cam
484 4716 640 4784 boniportus
666 4716 780 4783 aperire
807 4733 863 4768 aaa
885 4717 992 4787 possit,
1019 4734 1068 4771 aaa
1130 4720 1188 4769 165,
1224 4715 1286 4769 Non
1305 4714 1362 4768 heri
1382 4733 1433 4769 nec
1452 4716 1553 4769 nudius
1573 4715 1685 4783 tertius,
1717 4717 1766 4771 sed
1794 4720 1848 4786 jam
1867 4718 1934 4773 olim
1947 4729 2008 4771 ano

233 4801 275 4853 ila
293 4800 458 4869 aperienda,
478 4809 507 4852 at
518 4809 618 4868 pateat
639 4801 773 4867 amnibus,
790 4801 880 4871 inquit
893 4801 991 4857 Cicero
1009 4803 1027 4857 l.
1045 4810 1067 4858 2.
1095 4801 1253 4857 dubitatum
1270 4818 1303 4856 ac
1326 4800 1509 4872 disceptatum
1528 4801 1595 4869 fnit,
1611 4821 1660 4866 ,aa
1679 4806 1720 4854 ad
1738 4805 1935 4872 mapistratam
1947 4781 2008 4880 ff,

234 4886 269 4940 de
289 4884 361 4939 offic.
397 4886 544 4939 Aerarium
568 4886 659 4940 nimiis
685 4886 878 4957 largitionibus
905 4888 1068 4943 exhaustum
1092 4889 1241 4956 politicam
1269 4889 1417 4956 reliqioais
1446 4898 1472 4943 et
1502 4907 1649 4943 sacrorum
1680 4908 1750 4944 cara
1778 4891 1934 4960 periissent,
1948 4886 1980 4976 ᾖ·

232 4969 448 5042 expilationibus
474 4972 648 5026 subditorum
674 4981 770 5042 postea
788 4973 896 5043 impleri
914 4976 1066 5033 consucvit.
1095 4972 1262 5044 quibusdam
1287 4973 1467 5044 peccantibus
1491 4976 1521 5027 tu
1541 4975 1678 5042 ἐλλείψει,
1712 4975 1778 5029 dum
1805 4976 1841 5030 ab
1859 4977 1935 5032 omni
1949 4997 2006 5027 sora

232 5056 324 5122 Quare
342 5074 406 5111 cum
425 5056 479 5110 duo
499 5057 554 5111 sint
572 5061 689 5112 nicoisas
705 5060 865 5128 probabilis
885 5059 1066 5114 liberalitatis
1094 5074 1186 5112 rerum
1199 5058 1446 5114 ecclesiasticarum
1459 5078 1526 5115 cura
1543 5061 1744 5131 magistratum,
1759 5061 1843 5115 etiam
1856 5062 1934 5132 pium

230 5145 333 5210 scates,
356 5160 449 5196 sertim
475 5143 582 5195 scilicet
606 5145 744 5211 isselt-'ciam
763 5153 789 5198 et
811 5145 927 5198 loricata
953 5147 1065 5200 beneoo·
1094 5151 1122 5198 et
1141 5141 1325 5198 Christianum
1349 5153 1460 5211 arcont;
1486 5147 1654 5219 quibusdam
1673 5150 1702 5199 ἐν
1722 5147 1861 5221 ὑπερβολῇ
1884 5147 1933 5202 ab·

231 5230 328 5298 batia,
348 5236 417 5283 teste
436 5229 547 5282 Valerio
560 5229 681 5284 Maximo
693 5230 741 5286 lib.
761 5237 784 5285 i.
805 5230 974 5285 memorabil.
994 5248 1018 5287 o.
1041 5238 1063 5287 t.
1094 5228 1258 5293 errantibus,
1278 5232 1325 5302 qui
1344 5238 1573 5304 aasoopoaontov
1587 5233 1727 5303 quandam
1741 5234 1932 5298 introducunt,

231 5315 294 5370 ideo
312 5322 387 5369 recto
403 5313 511 5384 judicio
530 5320 558 5367 ct
578 5314 730 5369 deliberato
757 5316 873 5370 consilio
900 5315 995 5387 largiri
1020 5317 1064 5370 de·
1094 5319 1258 5385 potestatem
1283 5317 1499 5372 ecclesiasticam
1524 5335 1631 5374 omnem
1662 5320 1837 5391 magistratui
1867 5337 1932 5374 ven-

230 5401 280 5455 bet
302 5399 448 5471 princeps,
481 5418 515 5454 ne
539 5400 642 5454 scilicet
667 5417 749 5456 coeco
775 5401 941 5473 profusionis
961 5401 1066 5473 impetu
1095 5400 1190 5455 dicant
1210 5408 1238 5456 et
1262 5403 1334 5458 inter
1360 5405 1467 5476 regalia
1496 5405 1618 5475 ipsorum
1647 5406 1779 5470 referunt,
1806 5407 1931 5477 adeoque

231 5486 311 5559 regni
329 5502 395 5555 opes
415 5487 565 5558 dispergat,
584 5487 631 5540 sed
653 5486 723 5542 benc
743 5487 778 5541 de
797 5487 940 5558 republica
959 5504 1064 5543 mercn-
1095 5488 1281 5546 ecclesiastico
1303 5489 1455 5545 ministerio
1481 5492 1592 5560 penitus
1618 5508 1749 5562 oppresso
1775 5492 1869 5546 omnia
1894 5491 1932 5545 ad

232 5564 308 5627 tibus
327 5571 450 5640 praemia
466 5572 548 5642 juxta
567 5571 691 5642 regulam
707 5571 833 5642 justitiae
850 5571 1007 5629 distribuat.
1097 5581 1195 5630 nutum
1215 5580 1243 5631 st
1254 5575 1425 5631 voluntatem
1437 5577 1616 5647 magistratus
1626 5575 1807 5634 conformant.
1834 5576 1934 5632 ttlla·

307 2518 388 2581 Erpa
405 2516 473 2568 aliis
491 2515 619 2568 meritam
636 2516 704 2569 bene
721 2517 757 2569 de
774 2515 940 2569 mortalibus
958 2532 1024 2578 asse,

307 2601 369 2655 Hoc
389 2609 430 2653 est
449 2617 507 2653 esse
525 2602 626 2663 Deam,
645 2601 734 2655 oneri
749 2602 776 2654 si
794 2601 935 2654 aodimus
953 2618 1030 2669 aava,
