4020 6014
285 226 345 283 434
454 271 456 274 s
852 216 973 275 Locus
990 212 1193 273 Vtcusuffls
1211 214 1391 282 QUARTUS

285 381 410 443 muntur,
439 391 505 445 ergo
532 373 680 444 aliquando
707 374 885 444 magistratus
917 377 980 426 sunt
1013 371 1053 442 pii
1081 375 1111 424 ct
1136 367 1354 426 Melchisedecus
1373 369 1539 440 jamdudum
1562 368 1592 422 in
1616 368 1685 421 viris
1709 382 1772 422 esso
1789 365 1921 428 desierat,
1936 370 1963 418 ut

286 458 448 525 Christiani,
471 461 518 531 qui
542 460 734 531 potentianus
758 460 853 514 fideles
873 458 1026 513 defendunt
1049 464 1077 512 et
1094 473 1111 510 a
1137 455 1259 511 'Ihamar
1279 457 1351 511 illius
1368 456 1426 510 filia
1442 455 1538 511 haberi
1559 471 1614 510 non
1633 454 1766 525 potuerit.
1802 451 1863 506 Alii
1881 452 1964 505 existi

285 547 505 614 persecutoribus
521 547 671 601 vindicant.
706 545 753 600 Sic
778 546 975 600 Constantinus
996 544 1112 613 impera·
1138 549 1225 606 mant,
1251 544 1360 597 ,ladam
1384 544 1458 596 inter
1477 544 1643 598 Oorsasaaoa
1659 538 1842 594 ssewdotuli
1863 553 1965 590 mame

287 639 332 709 tor·
345 632 549 687 laudatissimus
562 639 763 704 persecutorem
780 631 918 685 Licinium
932 630 967 684 ab
980 628 1112 684 effusione
1136 631 1265 693 furiatum
1297 647 1330 682 oc
1355 631 1424 699 qaia
1452 646 1539 682 nanis
1562 646 1619 699 pro
1652 627 1715 690 iilia
1740 626 1879 685 habetur,
1909 623 1965 675 idco

289 717 435 772 Christiani
454 719 595 789 sanguinis
614 718 688 773 bello
713 719 842 774 coercuit.
879 725 901 771 4.
921 717 962 770 Ex
978 733 1032 786 quo
1052 697 1229 784 ipsoiipsum
1259 723 1392 785 tanquam
1413 715 1508 783 filium
1532 713 1688 767 sacerdotia
1715 713 1750 765 ob
1774 709 1966 764 scortationes

287 810 420 873 apparet,
449 823 504 859 non
524 823 582 859 esse
599 804 763 871 absurdum,
779 804 866 858 occidi
885 804 1075 873 magistratum
1095 799 1258 880 alflommis
1275 803 1403 855 &votam
1419 802 1519 865 faisse.
1555 799 1610 855 Sed
1639 797 1691 852 hoc
1714 804 1808 868 ipsum
1834 796 1916 849 etium
1932 795 1965 846 in·

288 891 465 960 magistratu,
481 898 512 943 ut
530 889 712 945 Schmaltzius
729 889 892 953 arbitratur,
911 888 1020 958 quando
1040 886 1244 941 enim¹certum
1279 894 1336 956 est,
1364 886 1481 957 proinde
1513 885 1715 956 simplicissime
1742 881 1867 948 dicitur,
1901 879 1967 949 quod

288 976 463 1045 magistratus
489 975 661 1035 Christianus
686 974 787 1029 bellum
809 975 881 1045 gerit
904 974 1035 1029 adversus
1057 989 1113 1025 ma·
1139 972 1228 1028 Judas
1244 972 1410 1027 Thamsrem
1430 979 1527 1043 utpote
1546 970 1603 1026 filio
1620 988 1670 1025 suo
1682 969 1763 1025 Seiae
1775 969 1966 1037 desponsatam

288 1062 433 1131 gistratum
460 1060 598 1115 ethnicum
633 1060 764 1114 ecciesiae
797 1066 1012 1129 persecutorem,
1047 1063 1114 1110 tunc
1141 1059 1269 1113 adulterii
1297 1075 1373 1113 ream
1404 1058 1542 1129 peregerit
1571 1064 1599 1112 et
1630 1071 1706 1109 more
1735 1054 1812 1108 illius
1844 1052 1968 1122 temporis

289 1147 465 1217 magistratus
506 1146 631 1201 ethnicus
669 1145 763 1216 gladio
797 1146 900 1216 petitur
933 1154 962 1200 st
992 1142 1115 1197 vindicta
1142 1161 1231 1214 poena
1251 1145 1323 1215 ignis
1344 1145 1455 1214 dignam
1472 1142 1618 1213 judicarit,
1636 1158 1688 1197 usu
1706 1141 1794 1211 igitur
1815 1146 1885 1193 tunc
1908 1146 1969 1191 tsn-

288 1232 418 1286 adversus
442 1251 503 1288 eum
537 1237 679 1287 exercetur
707 1249 724 1285 a
754 1232 918 1302 magistratu
949 1228 1114 1285 Christiano.
1140 1231 1214 1300 poris
1242 1239 1382 1301 receptum
1399 1231 1466 1293 tuit,
1497 1229 1637 1283 adulteras
1664 1227 1795 1282 comburi.
1855 1221 1969 1277 Rabbini

290 1325 314 1374 5.
331 1318 562 1390 Distinguendum
581 1325 623 1373 est
634 1319 686 1385 jas
704 1319 797 1384 gladii
813 1317 850 1371 ab
877 1319 1001 1385 ejusdcm
1021 1315 1114 1368 abacis
1141 1317 1244 1382 volunt,
1263 1318 1371 1370 Judam
1390 1318 1477 1384 spisse
1494 1316 1652 1384 principem
1670 1315 1700 1367 io
1718 1314 1775 1367 ilia
1794 1321 1891 1378 tarra,
1912 1310 1970 1361 ideo

289 1404 341 1459 Jus
360 1404 447 1474 gladii
469 1404 601 1458 divinitus
625 1404 719 1458 datum
747 1410 788 1457 est
812 1402 900 1456 cuivis
917 1401 1041 1472 legitimo
1059 1415 1115 1452 ma·
1136 1406 1187 1472 jur
1210 1405 1305 1471 pladii
1332 1419 1417 1472 pansa
1444 1404 1535 1471 ipram
1553 1402 1652 1468 fuisse,
1675 1399 1724 1454 sed
1745 1399 1813 1469 quia
1836 1397 1928 1452 Jacob
1946 1404 1970 1448 et

289 1491 426 1561 gistratui,
447 1491 504 1545 sive
523 1491 546 1542 is
565 1489 601 1543 sit
626 1489 758 1557 ethnicus,
778 1489 835 1542 sive
853 1487 1038 1550 Christianus,
1067 1485 1114 1539 sed
1142 1490 1228 1559 ipsius
1252 1488 1311 1557 filii,
1335 1494 1430 1558 utpote
1449 1487 1596 1558 peregrini,
1622 1486 1745 1540 nondum
1764 1484 1874 1556 aliquid
1900 1487 1970 1552 pote

290 1583 380 1646 potest
402 1577 581 1646 magistratus
604 1576 656 1628 hoc
680 1575 765 1645 gladii
788 1575 852 1643 jure
873 1573 950 1627 abuti
976 1578 1004 1627 et
1021 1572 1117 1627 eodem
1143 1576 1221 1630 statis
1247 1592 1280 1629 ac
1303 1574 1497 1629 dominationis
1521 1590 1553 1629 eo
1578 1579 1703 1642 tempore
1732 1570 1761 1624 in
1785 1569 1836 1624 illa
1863 1568 1970 1638 regione

195 1674 199 1681 '
290 1679 450 1733 oppugnare
473 1662 557 1715 alium
574 1661 766 1732 magistratum
786 1665 814 1712 et
832 1660 963 1729 populum
981 1659 1034 1727 ipsi
1052 1658 1116 1710 sub·
1143 1662 1270 1716 habuisse
1289 1661 1424 1725 videntur,
1445 1660 1507 1714 ideo
1526 1659 1610 1714 verba
1628 1658 1720 1713 Judae
1732 1655 1906 1711 commodius
1925 1653 1971 1706 hoc

286 1750 402 1818 jectum,
424 1764 457 1801 ac
484 1753 550 1801 tunc
566 1747 641 1802 licite
658 1746 698 1799 illi
721 1746 872 1814 resistitur,
895 1763 950 1799 non
974 1743 1118 1814 quidemn
1144 1765 1226 1802 sensu
1245 1748 1430 1818 accipiuntur,
1458 1746 1532 1816 quod
1551 1746 1587 1799 ad
1605 1744 1797 1820 magistratum
1818 1741 1971 1796 adulteram
2002 1746 2004 1750 '

290 1834 413 1903 privatis,
430 1834 479 1888 sed
496 1850 514 1886 a
531 1832 702 1902 magistratu,
723 1832 766 1885 cui
790 1831 899 1901 gladius
927 1830 963 1884 ad
981 1829 1116 1884 defensio·
1144 1833 1258 1904 produci
1274 1833 1380 1903 jubeat,
1400 1839 1431 1885 ut
1448 1831 1600 1885 secundum
1614 1833 1679 1900 jura
1698 1830 1773 1884 illius
1796 1829 1929 1897 temporis
1947 1833 1971 1879 et

290 1937 351 1974 nem
371 1919 543 1974 subditorum
563 1919 655 1972 datus.
694 1918 752 1973 Nec
768 1917 948 1986 perabusum
963 1916 1025 1986 ipsa
1042 1921 1117 1985 pote
1144 1919 1263 1990 regionis
1283 1919 1427 1988 puniatur,
1451 1933 1512 1971 cunr
1537 1933 1581 1971 res
1608 1917 1644 1970 sit
1668 1922 1766 1986 aperta
1784 1922 1814 1969 et
1833 1913 1918 1968 nullis
1935 1913 1971 1964 in·

290 2013 346 2060 stas
366 2014 393 2060 et
408 2007 456 2075 jus
476 2005 563 2076 gladii
581 2004 682 2059 desiuit
699 2020 759 2058 esse
777 2004 955 2073 magistratus
967 2001 1116 2071 proprium.
1144 2023 1226 2076 super
1258 2004 1376 2059 testibus
1409 2011 1496 2074 egeat
1540 2001 1610 2056 Gen.
1639 2008 1686 2065 lc,
1704 2020 1729 2055 v.
1766 2007 1814 2056 22:
1859 2001 1971 2053 Pharao

291 2092 335 2148 Sic
356 2093 384 2145 in
402 2091 497 2162 politia
513 2091 633 2146 dudaica
650 2107 729 2160 reges
749 2090 912 2144 occidebant
923 2087 1071 2159 prophetas
1089 2091 1117 2140 et
1149 2093 1264 2160 Aapypti
1280 2109 1330 2144 rar
1345 2092 1501 2161 principem
1515 2091 1655 2158 pistorum
1672 2089 1820 2156 suspendit
1847 2088 1879 2139 is
1901 2085 1971 2153 puti-

290 2195 368 2232 vercs
385 2179 441 2232 veri
460 2177 512 2231 Dei
532 2179 663 2241 cultores,
689 2178 736 2247 qui
762 2183 821 2230 erat
838 2175 1014 2245 turpissimus
1033 2173 1118 2244 gladii
1145 2180 1245 2233 balam,
1269 2177 1388 2242 Quidam
1401 2177 1520 2231 Rabbiui
1538 2175 1708 2242 fabulantur,
1724 2181 1873 2244 peccatum
1892 2173 1973 2241 hujus

291 2265 408 2328 abusus,
438 2263 616 2318 nihilominus
636 2262 766 2316 manebat
785 2277 869 2331 penes
889 2261 962 2330 ipsos
982 2258 1118 2314 ordinarie
1142 2266 1259 2334 pistoria
1269 2266 1359 2328 faisse
1369 2265 1555 2333 latitantium,
1568 2271 1662 2335 utpote
1672 2263 1751 2331 quod
1758 2262 1787 2313 in
1794 2277 1873 2331 pase
1886 2259 1973 2312 eohri-

292 2357 413 2421 potestas
437 2356 466 2404 st
486 2351 533 2419 jus
559 2349 645 2420 gladii
670 2348 802 2402 adversus
827 2347 992 2410 homicidas,
1022 2350 1118 2399 contra
1145 2353 1188 2405 lua
1198 2353 1295 2420 justas
1307 2351 1466 2417 transsierit
1477 2351 1610 2403 iuventas,
1633 2347 1689 2403 Sed
1700 2346 1776 2400 nullo
1788 2345 1873 2399 modo
1884 2344 1974 2398 verisi-

291 2454 375 2507 q¹¹⁰⁸r
398 2436 422 2490 11
442 2436 552 2505 1111811110
568 2434 691 2505 gladium
711 2433 892 2504 mingebanb
912 2440 972 2486 61111
990 2432 1013 2484 11
1031 2430 1117 2502 gladii
1145 2438 1207 2493 mile
1217 2445 1266 2504 est,
1278 2454 1370 2508 regern
1380 2437 1465 2505 illum,
1476 2436 1560 2507 quiin
1572 2434 1751 2505 sequentibus
1765 2441 1797 2486 ut
1807 2433 1904 2495 bonus,
1914 2449 1975 2500 pru-

291 2540 357 2576 ¹¹⁸¹¹⁸
387 2520 534 2591 legitimi
558 2519 672 2588 Di⁰q¹¹0
702 2523 807 2589 81111111·
852 2519 899 2571 310
924 2523 1046 2586 11111110111
1076 2533 1117 2579 110,
1145 2526 1213 2579 dens
1232 2541 1264 2579 ac
1283 2524 1439 2578 moderatus
1453 2523 1582 2592 princeps
1595 2520 1768 2582 describitur,
1789 2526 1846 2572 tum
1866 2534 1976 2572 saevum

292 2626 346 2680 quo
362 2607 502 2678 apostolus
524 2622 601 2659 suam
619 2604 654 2658 ad
672 2605 810 2658 Romanos
836 2603 981 2673 epistolam
1000 2603 1118 2674 scripsit,
1145 2609 1324 2665 uastandam
1343 2608 1436 2671 suiaaa,
1455 2608 1539 2662 utob
1559 2622 1652 2661 pagum
1670 2605 1815 2660 fortuitum
1837 2611 1897 2656 tam
1916 2619 1975 2673 gra.

292 2696 366 2751 Nero
395 2693 620 2763 imperatorium
641 2690 727 2761 gladii
753 2688 1117 2760 11111181161111110111111101111·
1145 2700 1215 2752 viter
1238 2697 1266 2749 in
1288 2697 1377 2765 ipsum
1400 2694 1654 2756 animadverteret.=
1674 2691 1863 2762 Cogitandum
1885 2690 1976 2760 igitur,

293 2782 443 2836 etiamtum
461 2778 618 2848 111ρὶ111116
630 2776 804 2840 abutebatur,
821 2777 907 2830 nihilo
919 2783 1010 2831 1111111111
1029 2777 1118 2830 minus
1147 2783 1221 2855 quod
1248 2799 1333 2853 grase
1359 2780 1470 2850 aliquod
1501 2779 1633 2833 delictum
1653 2778 1833 2840 commiserit,
1865 2776 1977 2829 insidias

293 2867 433 2938 apostolus
450 2865 557 2930 asserit,
576 2865 666 2934 ipsum
680 2863 780 2918 habere
789 2864 837 2932 jus
849 2864 949 2931 gladii,
969 2863 1119 2933 etquidem
1148 2869 1255 2924 seilicet
1271 2868 1345 2920 vitae
1364 2867 1437 2936 regis
1455 2865 1587 2919 struendo
1599 2865 1642 2918 vel
1655 2864 1789 2918 adversus
1806 2863 1898 2932 ipsum
1916 2879 1977 2915 cou-

295 2953 424 3007 divinitus
450 2950 553 3004 datum.
590 2956 615 3004 6.
641 2949 732 3003 Deum
761 2950 976 3003 extraordinarie
993 2950 1070 3019 justo
1089 2964 1122 3002 ac
1145 2955 1272 3025 jurando.
1304 2952 1423 3017 Quidam
1441 2969 1473 3006 ex
1491 2949 1627 3004 Rabbinis
1646 2955 1781 3018 statuunt,
1803 2949 1896 3017 ipsum
1913 2948 1978 3001 soii·

294 3036 412 3092 mirabili
428 3036 533 3105 judicio
552 3035 639 3090 secem
659 3035 775 3087 militurn
799 3042 827 3089 et
851 3034 995 3089 colluviem
1022 3035 1120 3087 manci-
1150 3042 1248 3093 citasse
1270 3039 1440 3108 pudicitiam
1463 3037 1588 3100 fitiorum
1615 3038 1702 3104 repis,
1727 3035 1812 3105 idque
1842 3033 1979 3103 colligunt

294 3124 401 3193 piorum
421 3122 455 3174 ad
473 3121 661 3175 ulciscendum
680 3136 790 3175 suorum
817 3121 980 3190 sanguinem
1000 3119 1122 3190 quando·
1150 3146 1182 3182 ax
1200 3125 1283 3180 verbo
1303 3128 1396 3191 Nion,
1414 3122 1463 3177 sed
1480 3121 1646 3192 significatio
1663 3121 1737 3174 illius
1750 3119 1828 3174 verbi
1842 3124 1886 3175 est
1896 3135 1978 3190 gene·

296 3227 349 3280 que
362 3209 480 3264 excitare
492 3225 547 3261 non
565 3222 709 3277 negamus,
726 3206 834 3260 interim
852 3206 1005 3260 ordinarius
1017 3206 1122 3272 modus,
1150 3212 1222 3266 ralia,
1256 3212 1384 3281 Apparet
1401 3210 1500 3280 igitur,
1518 3209 1601 3263 etiam
1619 3209 1647 3261 iu
1667 3207 1798 3278 Aegypto
1816 3206 1978 3277 capitalium

296 3313 350 3367 quo
368 3295 445 3350 Deus
462 3292 614 3348 homicidas
632 3299 660 3346 et
686 3292 754 3346 alios
770 3292 937 3346 facinorosos
957 3293 1050 3362 punit,
1082 3299 1124 3346 cst
1150 3298 1347 3369 aupplicioruur
1366 3310 1468 3350 morem
1487 3300 1551 3349 auta
1568 3295 1698 3363 scriptum
1716 3293 1807 3363 legem
1826 3292 1979 3347 Mosaicam

296 3391 325 3437 et
350 3387 442 3435 manet
469 3381 507 3447 is,
538 3395 621 3450 quem
644 3395 694 3447 per
719 3378 911 3447 magistratum
937 3378 1068 3431 divinitus
1087 3378 1123 3431 ad
1150 3384 1235 3439 fuisse
1260 3382 1406 3445 usitatum,
1431 3398 1464 3435 ac
1487 3387 1599 3451 possent
1623 3381 1706 3450 hujus
1724 3379 1833 3450 generis
1852 3379 1979 3446 exempla

296 3468 446 3522 vindictam
459 3465 638 3520 constitutum
650 3463 729 3518 Rom.
745 3469 784 3530 13,
796 3482 821 3516 v.
836 3471 858 3519 4.
878 3464 986 3519 exserit.
1002 3471 1026 3519 7.
1045 3463 1124 3528 Quod
1151 3488 1184 3526 aa
1204 3470 1330 3524 omuibus
1348 3467 1477 3539 gentibus
1495 3474 1524 3521 at
1535 3467 1644 3537 populis
1662 3465 1765 3533 afferri,
1783 3480 1856 3535 quae
1869 3464 1978 3520 eviden-

297 3553 390 3621 multi,
417 3552 464 3622 qui
489 3551 582 3622 gladio
601 3551 738 3618 Occidunt,
765 3567 819 3604 11011
836 3549 989 3620 puniuntur
1006 3567 1023 3603 11
1040 3549 1124 3620 magi·
1149 3563 1192 3612 ter
1210 3562 1355 3621 testantur,
1374 3554 1430 3624 legi
1442 3560 1556 3608 naturae
1572 3559 1785 3608 consentancum
1796 3567 1866 3615 esse,
1878 3549 1980 3605 dehcta

297 3646 394 3707 stratu,
411 3655 466 3692 non
482 3637 556 3692 tollit
574 3637 739 3692 ordinariam
758 3635 891 3706 regulam,
910 3636 984 3706 qnod
1002 3653 1020 3689 a
1039 3637 1124 3707 magi·
1150 3644 1278 3714 graviora
1295 3640 1407 3711 capitali
1425 3639 1562 3711 supplicia
1581 3655 1599 3693 a
1616 3638 1779 3709 magistratu
1800 3638 1901 3706 puniri
1928 3636 1978 3690 Εχ.

298 3732 386 3780 stratu
403 3723 494 3795 puniri
513 3723 649 3786 debeant,
676 3722 720 3775 vel
740 3722 812 3776 enim
830 3721 982 3776 homicidae
1000 3722 1041 3776 illi
1060 3729 1124 3777 sunt
1149 3730 1218 3800 cipit
1245 3726 1428 3784 Schmaltzius
1458 3733 1553 3781 contra
1582 3725 1653 3795 disp.
1685 3729 1709 3779 6.
1736 3731 1835 3795 poster.
1863 3723 1979 3783 thane.

298 3811 413 3873 occulti,
443 3809 518 3863 etin
537 3808 673 3862 hoccasu
692 3807 872 3878 magistratus
891 3823 983 3863 coram
1001 3807 1061 3863 Deo
1082 3816 1124 3864 est
1150 3835 1177 3885 p.
1212 3820 1271 3870 390.
1306 3813 1479 3879 evangelium
1512 3820 1570 3865 tarn
1603 3810 1784 3879 temporibus,
1815 3827 1888 3878 quoe
1916 3817 1980 3862 oute

297 3903 457 3963 excusatus,
489 3896 511 3948 si
538 3893 684 3964 diligenter
706 3900 734 3946 et
760 3893 928 3948 sufficienter
954 3894 987 3947 de
1011 3902 1124 3949 auctore
1150 3903 1249 3967 tapam,
1275 3916 1359 3968 quam
1375 3897 1424 3964 iis,
1449 3915 1520 3965 qrsac
1540 3898 1591 3949 sisi
1611 3896 1670 3964 ispe
1681 3898 1810 3962 fuessent,
1829 3897 1936 3964 opponi
1955 3903 1980 3947 ot

297 3982 390 4037 caedis
412 3980 554 4051 inquisivit
569 3979 652 4033 Dent.
671 3985 718 4046 21,
740 3996 765 4031 s.
785 3985 807 4032 1.
826 3979 869 4034 vel
887 3985 952 4032 sunt
969 3981 1077 4048 notorii,
1095 3987 1124 4035 et
1149 3987 1221 4041 uitii
1239 4003 1310 4039 auae
1329 3986 1421 4051 licere,
1440 3986 1517 4053 quod
1536 3982 1641 4036 Christi
1652 3981 1795 4048 cvangelio
1808 3983 1980 4045 odoardus,

298 4068 476 4137 magistratus
500 4064 536 4118 ad
559 4064 680 4134 ipsorum
704 4064 807 4118 scelera
824 4065 959 4129 connivet,
980 4074 1008 4120 et
1026 4066 1054 4119 in
1072 4067 1125 4121 hoc
1150 4072 1262 4126 etiamsi
1277 4071 1314 4124 ab
1330 4071 1414 4123 initio
1425 4070 1523 4122 mundi
1534 4069 1655 4131 licuerit,
1672 4068 1756 4136 idque
1776 4068 1840 4120 Dec
1857 4075 1980 4120 auctore.

300 4170 367 4208 casu
398 4151 588 4223 gravisdmam
615 4150 733 4221 neglecti
768 4149 852 4204 oflicii
883 4150 1016 4206 rationem
1048 4152 1124 4207 Deus
1151 4157 1372 4227 Respondemus:
1391 4138 1516 4209 Christus
1529 4154 1630 4208 diserte
1642 4158 1735 4223 negat,
1753 4168 1783 4206 se
1800 4152 1909 4206 vennae
1927 4150 1981 4206 linc

300 4258 317 4294 a
345 4238 508 4308 magistratu
544 4235 649 4305 exiget,
677 4235 785 4289 interim
815 4235 936 4289 mandati
964 4236 1126 4307 obligationi
1152 4260 1193 4306 eo,
1212 4247 1243 4296 ut
1261 4242 1351 4312 legem
1368 4241 1499 4294 moralem
1515 4239 1624 4294 tolleret
1642 4237 1741 4293 Matth.
1763 4244 1788 4301 5,
1807 4257 1833 4290 v.
1858 4245 1896 4292 11.
1914 4255 1981 4308 ergo

299 4344 332 4381 ex
345 4326 445 4380 omissa
459 4323 581 4394 ejusdem
596 4321 754 4393 impletione
766 4321 833 4375 nihil
845 4322 996 4392 quidquam
1010 4324 1125 4380 decedit.
1152 4331 1236 4384 etiarn
1254 4344 1310 4381 non
1327 4327 1438 4381 sustulit
1457 4327 1546 4396 legem
1565 4331 1688 4393 naturae,
1706 4324 1810 4394 quippe
1827 4340 1900 4394 quae
1919 4341 1981 4378 curn

175 4425 229 4469 nv.
244 4424 287 4469 tta
336 4418 394 4467 3111.
431 4411 525 4480 Atque
542 4409 609 4463 haec
628 4416 669 4462 est
685 4408 774 4478 prima
790 4406 884 4461 dassia
904 4417 1126 4478 argumentorum
1153 4417 1214 4486 lege
1233 4412 1329 4467 morali
1348 4415 1390 4466 est
1408 4412 1513 4466 eadem.
1553 4410 1663 4465 Diserte
1681 4410 1765 4464 etiam
1783 4415 1877 4480 negat,
1896 4427 1981 4464 seve-

173 4485 287 4535 ²·⁸¹¹⁸⁸⁸
300 4507 454 4553 nostrorum
472 4496 590 4550 deducta
609 4513 642 4548 ac
667 4496 728 4564 lege
749 4495 847 4548 divino
865 4495 988 4564 scnium
1011 4497 1126 4552 alteram
1154 4502 1240 4565 nisse,
1260 4504 1291 4551 ut
1307 4498 1420 4562 caesari,
1439 4496 1490 4551 hoc
1508 4504 1550 4551 est
1560 4496 1742 4566 magistratui,
1759 4495 1887 4566 eriperet,
1908 4493 1981 4564 quod

174 4541 286 4638 322„th
300 4585 419 4656 petimus
439 4600 472 4637 ca
488 4583 548 4649 ispa
565 4600 621 4635 non
638 4583 752 4649 scripta,
771 4582 822 4634 sed
839 4581 972 4635 mentibus
988 4583 1127 4637 hominum
1154 4586 1206 4657 ipsi
1223 4586 1287 4655 jure
1304 4582 1398 4636 divino
1414 4598 1447 4634 ac
1459 4582 1577 4637 naturali
1592 4582 1707 4637 debetur
1724 4581 1823 4636 Matth.
1843 4586 1885 4648 22,
1904 4600 1929 4635 v.
1941 4588 1980 4637 21.

176 4639 287 4742 fflffi'
300 4671 468 4724 naturaliter
488 4670 582 4726 insito.
608 4667 742 4736 irrogatio
756 4667 915 4736 capitalium
931 4668 1126 4738 suppliciorum
1154 4689 1219 4743 ergo
1249 4686 1304 4723 non
1332 4667 1442 4722 sustulit
1463 4669 1510 4737 jus
1536 4668 1622 4738 gladii
1648 4667 1823 4738 magistratui
1849 4667 1982 4721 divinitus

302 4774 356 4812 non
386 4758 495 4810 demum
524 4758 575 4809 sub
605 4754 701 4824 Moyse
733 4771 782 4823 per
806 4754 897 4825 legem
921 4756 1051 4825 scriptam
1075 4755 1129 4809 fuit
1154 4760 1257 4813 datum.
1291 4754 1405 4808 Frustra
1433 4754 1534 4824 excipit
1557 4754 1738 4808 Schmaltuius
1763 4772 1790 4825 p.
1812 4758 1871 4809 393.
1896 4755 1981 4821 tepens

301 4843 471 4911 introducta,
501 4843 550 4896 sed
568 4842 651 4911 longe
670 4845 734 4895 ante
751 4840 868 4910 Moysen
885 4840 996 4909 usitata,
1016 4841 1128 4912 exlege
1154 4841 1422 4900 risisornmoroism
1435 4849 1461 4893 st
1473 4841 1561 4909 tepens
1575 4850 1692 4894 acturos
1711 4842 1753 4894 ad
1769 4841 1858 4907 issem
1880 4839 1985 4895 camir·

302 4930 408 4983 scilicet
431 4935 559 4993 naturae,
588 4944 658 4999 quae
682 4926 809 4980 omnibus
837 4925 965 4996 gentibus
982 4927 1036 4981 fuit
1053 4934 1126 4996 nota,
1154 4928 1375 4993 reformandam,
1393 4927 1572 4980 limitandum
1589 4945 1623 4980 ac
1641 4927 1858 4995 temperandam,
1880 4927 1983 4997 quippe

301 5014 375 5069 unde
394 5017 489 5068 iudos
508 5032 607 5068 nurum
626 5030 701 5068 suam
721 5013 887 5068 Thamarem
905 5013 1033 5068 adulterii
1052 5030 1127 5068 ream
1155 5031 1225 5083 qaue
1243 5014 1279 5066 sit
1296 5013 1417 5067 omnium
1431 5014 1641 5079 perfectissima
1668 5012 1803 5080 stirpam
1822 5012 1982 5084 diacorum

302 5117 407 5170 poenae
428 5101 500 5170 ignis
520 5099 669 5169 adjudicat
706 5098 775 5153 Gen.
798 5105 839 5167 38,
860 5117 884 5155 v.
903 5105 950 5154 24:
976 5100 1128 5153 Producite
1154 5100 1282 5166 coronas,
1308 5098 1478 5153 ostendimus
1503 5099 1576 5152 enim
1599 5098 1732 5167 superius,
1758 5097 1900 5152 Christum
1929 5115 1982 5152 non

302 5203 376 5248 eom,
409 5185 511 5256 inquit,
540 5191 571 5236 ut
603 5185 788 5239 comburatur.
823 5184 945 5239 Rabbini
963 5184 1128 5253 susurrant,
1153 5185 1207 5255 ipsi
1227 5184 1337 5240 divinae
1356 5184 1420 5254 legi,
1438 5184 1486 5240 sed
1503 5183 1665 5254 corruptelis
1685 5184 1795 5239 divinae
1812 5184 1884 5255 legis
1906 5201 1982 5238 suam

306 5272 471 5324 Thamarem
484 5272 575 5335 fuisse
591 5271 682 5332 tiliam
698 5273 853 5325 sacerdotia
871 5271 1079 5338 Melchisedeci,
1095 5289 1129 5324 ac
1154 5269 1407 5340 interpretationem
1435 5269 1610 5341 opposuisse,
1643 5285 1676 5323 ac
1712 5268 1794 5339 louge
1829 5270 1906 5324 aliud
1944 5277 1984 5323 ost

299 5361 421 5427 proinde
439 5360 525 5427 juata
547 5358 635 5425 tepent
657 5357 723 5412 Lev.
744 5363 794 5424 21,
826 5377 850 5414 v.
870 5365 894 5414 9.
918 5360 991 5427 ipsis
1011 5375 1129 5426 poenam
1155 5358 1316 5427 temperatio
1336 5358 1419 5427 legis,
1442 5374 1514 5427 quae
1532 5357 1679 5425 opponitur
1705 5356 1830 5426 ejusdem
1850 5356 1934 5427 rigori
1952 5373 1984 5410 ex

302 5453 418 5516 propter
435 5445 631 5499 sccrmticscm
648 5444 704 5511 apsi
718 5445 813 5510 fuisse
831 5444 1035 5512 adiudicatum.
1074 5444 1130 5499 Sed
1142 5430 1146 5510 l
1157 5444 1219 5514 lege
1237 5444 1315 5514 regia
1332 5444 1463 5510 caritatis,
1482 5443 1558 5497 aliud
1580 5458 1644 5496 vero
1662 5441 1754 5496 totalis
1774 5442 1888 5498 abolitio
1906 5442 1997 5512 legis„
