4020 6014
665 184 720 245 D!
737 176 991 247 momento
1004 180 1200 249 rotnace.
1477 249 1482 259 ,
1692 179 1753 252 stt

58 361 135 418 quas
150 345 238 402 rerba
255 344 296 400 sic
313 350 514 402 commentatur
526 344 671 417 Remigius
687 362 716 416 p.
729 350 778 402 88:
797 345 896 401 800011
922 360 987 399 cum
1002 342 1120 400 Jndmis
1138 340 1247 400 etcum
1264 341 1392 415 praeside
1403 341 1538 408 11010000,
1555 341 1674 413 ideoque
1690 354 1755 396 cum

57 439 203 487 amatores
228 433 314 502 hujus
339 433 439 487 maedi
460 440 486 487 et
511 433 652 503 mhpucs
674 433 794 504 spiritus
812 432 894 503 jadi-
919 428 1031 487 fidelem
1048 431 1244 504 magistratum
1260 446 1317 486 non
1336 428 1466 498 haberet,
1493 445 1545 485 nec
1561 427 1644 483 aliter
1661 432 1756 498 posset

58 519 163 573 cubam
179 518 306 588 exempto
325 519 396 586 fidei
411 536 480 574 0000
498 527 526 574 et
542 519 753 588 comparatione
769 519 895 574 melioris
920 517 976 590 egi,
987 523 1016 572 et
1033 516 1092 572 rita
1103 517 1190 589 ipsias
1202 516 1413 589 periclitaretur,
1427 515 1582 571 nmessario
1598 513 1755 585 imploravit

58 604 140 671 faeti.
178 603 283 661 Sensus
299 605 455 677 argumenti
479 604 624 676 apostolici
649 624 667 657 a
683 604 782 660 minori
800 620 895 676 proce·
919 602 1004 658 fidem
1023 608 1052 659 et
1067 604 1200 659 auxilinm
1217 604 1396 676 magistratus
1413 603 1498 659 stiam
1517 601 1628 669 ethnici,
1648 617 1681 656 cx
1699 616 1754 671 quo

59 690 152 746 dentis
176 689 223 745 hic
239 696 296 746 est:
324 690 432 759 Sancti,
457 690 511 745 boc
537 695 579 746 sst
601 689 765 755 Christiani,
790 707 808 745 a
833 690 895 746 Deo
921 689 982 762 ipso
999 690 1143 746 evidenter
1159 690 1308 762 colligitur,
1325 698 1361 746 ne
1378 690 1432 745 hoc
1451 689 1564 761 quidem
1581 687 1709 743 absolute
1726 691 1755 742 et

59 776 139 848 digni
166 781 328 846 censentur,
358 777 406 847 qui
429 777 581 847 mnndum,
605 775 658 832 boc
686 782 729 831 est
750 775 849 847 impios
867 783 896 832 et
922 775 1083 847 simpliciter
1103 776 1274 849 prohibitum
1297 775 1480 845 censendum,
1509 772 1626 845 erperin'
1648 773 1755 844 judicio

58 863 174 934 angelos
189 860 296 918 scilicet
308 863 404 930 malos,
417 863 546 933 judicent
561 862 592 916 in
604 861 649 917 die
661 862 776 918 extremi
784 861 894 933 judicii.
923 878 1015 917 coram
1033 862 1143 919 ethnico
1160 863 1325 933 magistratu
1343 868 1372 917 st
1389 861 1576 916 innocentiam
1595 876 1674 914 uuam
1693 876 1754 930 pro

58 949 136 1020 Ergo
153 949 241 1004 multo
260 949 349 1019 magis
376 948 455 1021 digni
474 966 493 1004 a
511 947 591 1004 robis
610 948 742 1004 censendi
759 954 838 1018 sunt,
864 953 896 1002 nt
921 949 1046 1005 vocando
1063 950 1195 1005 adversm
1212 950 1329 1022 injurias
1349 949 1423 1022 apud
1436 948 1527 1020 ipsum
1543 947 1624 1002 tueri.
1651 946 1755 1002 Beller-

57 1034 185 1105 jndicent
210 1035 245 1089 de
267 1035 350 1090 rebus
368 1034 502 1099 minimis,
527 1039 666 1101 βιωτικαῖς
691 1034 805 1104 seilicet,
822 1050 896 1107 quae
922 1036 1013 1090 minus
1036 1035 1083 1091 lib.
1107 1041 1131 1092 3.
1155 1036 1191 1092 de
1214 1036 1292 1091 laicis
1314 1054 1339 1092 c.
1359 1041 1398 1093 12.
1418 1032 1581 1106 respondet:
1602 1039 1625 1089 1.
1650 1033 1754 1107 ἥττημα

59 1122 97 1176 ad
119 1121 193 1187 vitae
217 1119 302 1193 hujus
330 1138 412 1177 usum
441 1126 470 1175 et
493 1120 723 1177 smtentationem
747 1120 895 1192 pertinent
922 1140 978 1177 000
997 1122 1156 1190 sipmisicare
1171 1130 1326 1193 peccatum,
1343 1124 1396 1177 sed
1409 1120 1664 1192 imperfectionem
1685 1122 1711 1175 2.
1729 1119 1757 1172 si

60 1227 86 1264 v.
106 1214 132 1265 4.
150 1208 234 1263 infert
252 1207 471 1276 conclusionem,
495 1213 528 1262 ut
552 1205 692 1278 colligitur
709 1223 742 1263 ex
758 1205 897 1278 particula
923 1211 1056 1264 delictam
1073 1210 1228 1278 sipeificat,
1247 1209 1289 1263 sic
1306 1210 1416 1274 securi,
1433 1226 1490 1264 000
1506 1210 1584 1285 quod
1600 1207 1630 1260 10
1646 1223 1676 1261 se
1691 1223 1755 1277 pec-

59 1289 124 1350 oris:
145 1293 181 1348 ss·
197 1311 263 1364 erpo
280 1294 386 1348 1010110
400 1293 518 1362 judicia
538 1289 668 1362 βιωτικά,
687 1308 735 1347 eor
751 1294 802 1362 qai
816 1292 896 1348 00110
923 1304 1016 1351 catam
1033 1298 1077 1366 sit,
1094 1299 1147 1350 sed
1164 1298 1232 1367 qaia
1250 1297 1433 1368 atpiarimam
1457 1313 1514 1350 mou
1535 1301 1613 1349 curet
1628 1301 1754 1363 peccate,

59 1381 123 1436 1000
143 1380 277 1434 hahentur
298 1381 329 1433 in
347 1379 478 1444 ecclesie,
504 1395 551 1433 eos
574 1379 690 1448 impsum
707 1379 738 1432 im
755 1379 897 1433 mbsstiiis
923 1382 967 1436 eet
989 1383 1099 1437 ratione
1116 1383 1195 1453 fisis,
1219 1391 1250 1437 ut
1274 1385 1389 1454 quando
1416 1383 1547 1451 litipatar
1572 1398 1605 1435 00
1624 1381 1755 1444 00001110,

60 1466 216 1520 consuete?
241 1465 362 1530 stidam
380 1464 412 1520 τὸ
436 1469 560 1527 καθίζετε
579 1464 723 1535 accipiunt
738 1466 769 1519 10
787 1465 898 1520 indica·
923 1469 1089 1524 cetratiome
1099 1471 1194 1541 medii,
1211 1478 1243 1524 ut
1254 1471 1369 1542 000000
1383 1470 1514 1539 titipatar
1531 1470 1607 1536 odio,
1626 1484 1755 1532 rancore,

60 1554 128 1622 tice,
145 1558 178 1607 ut
196 1552 232 1607 sit
248 1553 378 1624 repetitio
397 1552 627 1624 reprehensionis,
639 1551 703 1607 illos
716 1552 765 1625 qui
784 1557 850 1608 sunt
867 1553 897 1608 in
917 1556 1045 1626 jtupiis,
1063 1556 1107 1610 oet
1124 1557 1235 1610 ratione
1259 1556 1400 1626 imtitiae,
1424 1556 1588 1626 01000000
1607 1554 1757 1608 miscentur

60 1640 180 1695 eeclesia
199 1638 418 1708 contemtibiles,
443 1638 497 1694 hoc
514 1645 557 1694 est
575 1637 622 1710 qui
640 1639 677 1694 ab
697 1638 817 1694 ecclesia
834 1644 896 1694 tan·
924 1642 987 1697 doti
1003 1650 1029 1696 et
1042 1644 1179 1709 fraudes,
1201 1641 1246 1697 est
1262 1643 1380 1696 'ratione
1396 1642 1544 1711 scandali,
1569 1647 1600 1694 ut
1618 1639 1759 1695 Corinthii

60 1744 145 1797 quam
164 1726 273 1798 profani
287 1732 315 1782 et
333 1724 435 1781 ethnici
448 1729 670 1789 contemnuntur,
685 1722 741 1780 illis
758 1725 895 1797 judicium
924 1746 985 1784 cum
1003 1729 1175 1800 offendiculo
1193 1730 1339 1800 postitium
1357 1729 1526 1798 titipcbout5
1543 1730 1572 1784 3.
1589 1742 1646 1782 mes
1662 1743 1757 1799 repre-

59 1813 182 1883 defertis,
199 1813 274 1869 unde
285 1811 397 1868 additur
408 1831 434 1867 r.
453 1819 477 1869 5.
495 1813 566 1883 πρὸς
582 1811 719 1883 ἐκτροπὴν
732 1810 801 1886 ὑμῖν
815 1817 897 1885 λέγω,
923 1817 1011 1871 heredi
1026 1817 1143 1886 judicia
1166 1833 1199 1871 ec
1219 1825 1305 1888 purte
1323 1817 1449 1887 judicis,
1476 1817 1529 1870 sed
1552 1832 1585 1869 ec
1597 1820 1681 1885 purte
1701 1813 1757 1867 iiti-

60 1909 91 1954 as
112 1919 160 1954 res
181 1902 299 1972 pudeat,
321 1899 399 1954 uobis
420 1899 472 1953 hec
498 1900 571 1954 dico.
613 1898 738 1953 Paraeus
755 1898 852 1955 itidem
867 1901 897 1955 in
923 1903 1058 1972 partiam.
1088 1904 1189 1975 Itaque
1202 1902 1314 1957 etiamsi
1319 1911 1467 1972 peccatam
1480 1908 1550 1956 esset
1566 1901 1757 1968 titipare,meu

65 1986 215 2042 indicativo
233 1987 346 2057 accipit,
365 1986 414 2041 sed
425 2004 476 2058 per
487 1985 684 2040 000100οὥ1100
698 2001 754 2041 non
765 1986 898 2059 intelligit
924 1997 1015 2043 tamem
1036 1997 1182 2059 peccatum
1200 2006 1259 2043 esse
1278 1989 1428 2058 judicare,
1453 1988 1521 2058 quia
1538 1987 1655 2057 judicie
1675 1987 1758 2051 ficem

60 2073 204 2138 ethnices,
223 2089 318 2128 verum
338 2072 523 2141 Christianos,
546 2072 599 2127 hoc
618 2088 702 2128 muru
721 2077 898 2145 praepostere
924 2078 1069 2147 imponant
1087 2077 1192 2145 titides,
1212 2077 1290 2146 quod
1306 2082 1348 2129 est
1366 2075 1473 2129 10000.

60 2159 147 2230 agitis
165 2158 314 2229 deligendo
335 2159 454 2214 arbitres
474 2177 508 2216 ex
527 2159 606 2215 robis
625 2159 716 2214 minus
735 2159 898 2230 idoneos,a
959 2168 1018 2219 181.
1052 2161 1186 2233 Reliqua,
1216 2177 1289 2234 quae
1318 2159 1354 2215 ab
1381 2159 1576 2232 tinebaptistis
1605 2157 1759 2214 afferuntur

63 2245 166 2317 quibus
192 2245 293 2301 deinde
319 2245 356 2299 ad
379 2244 505 2301 infideles
533 2245 750 2316 provocandum.
791 2246 846 2304 Sed
865 2263 897 2302 ex
924 2254 953 2305 et
960 2248 1075 2320 judiciis
1086 2248 1215 2303 civilibus
1224 2251 1409 2320 opponuntur,
1421 2245 1534 2302 lesionis
1546 2245 1757 2301 suntmomsnti.

63 2331 204 2404 particula
220 2333 414 2405 00110000οῇ
427 2327 479 2385 οὖν
490 2336 520 2386 01
538 2349 571 2386 ex
591 2332 662 2388 serie
676 2331 822 2388 verborum
835 2333 899 2398 τοὺς
929 2339 949 2391 1.
968 2335 1050 2392 Pror.
1071 2342 1117 2406 10,
1133 2354 1160 2393 v.
1182 2340 1228 2392 12:
1257 2335 1393 2389 Umbersa
1409 2333 1515 2387 delicta
1535 2333 1626 2401 operit
1645 2333 1758 2388 0001100.

63 2420 301 2486 ἐξουθενημένους
317 2414 432 2478 τούτους
449 2417 602 2490 colligitur,
629 2418 704 2489 quod
721 2421 846 2482 καθίζετε
863 2419 899 2474 sit
926 2425 1005 2493 Erpa
1024 2422 1194 2477 Christianis
1209 2440 1266 2477 000
1287 2422 1352 2475 ticet
1370 2421 1500 2491 querelae
1519 2421 1554 2473 de
1572 2417 1641 2483 silis,
1661 2437 1680 2471 0
1699 2418 1758 2488 qui-

63 2507 142 2561 modi
158 2506 327 2574 imperativi,
347 2504 400 2559 hoc
417 2521 513 2561 sensu:
531 2505 609 2560 Lites
622 2505 759 2575 ejusmodi
768 2504 895 2576 jndican·
926 2511 976 2564 has
992 2511 1147 2579 laesisset,
1165 2511 1207 2562 ed
1221 2508 1420 2577 mapistratssm
1440 2507 1562 2570 deferre.
1599 2504 1759 2576 Responde·

63 2593 116 2647 das
133 2591 284 2665 permittite
301 2589 449 2656 iratribus,
476 2596 505 2647 et
524 2591 637 2662 quidem
654 2591 705 2660 iis,
724 2591 773 2663 qui
792 2591 898 2646 minimi
925 2614 1001 2651 mus:
1018 2596 1244 2669 distinguendum
1263 2594 1336 2650 inter
1346 2594 1475 2665 priuatas
1494 2592 1670 2663 offensiones,
1685 2597 1757 2662 qdac

63 2679 136 2735 finnt
151 2678 182 2732 in
201 2677 328 2747 ecclesia,
351 2677 425 2749 quod
448 2684 546 2760 tamen
566 2695 621 2733 non
646 2677 840 2750 accipiendum
857 2684 899 2734 est
925 2684 954 2739 in
978 2683 1099 2739 hnmana
1114 2683 1174 2737 sita
1201 2681 1328 2737 incidunt
1345 2679 1469 2753 quotidie
1492 2678 1565 2735 inter
1584 2678 1659 2750 pios,
1689 2694 1760 2750 quae

10 2772 51 2814 141
63 2767 200 2834 adscisce,
218 2764 285 2835 quit
301 2782 327 2819 v·
346 2771 369 2819 5·
389 2763 549 2818 immediate
567 2764 687 2831 additur,
705 2768 747 2819 ad
758 2767 899 2834 pudorem
927 2786 960 2825 ex
976 2769 1134 2826 Christiana
1151 2773 1180 2824 et
1201 2768 1327 2824 fraterne
1346 2766 1495 2824 dilectione
1519 2770 1586 2820 sunt
1604 2764 1760 2820 condonan-

62 2854 142 2910 aebis
168 2852 359 2906 incutiendum
384 2851 436 2905 hoc
456 2851 536 2921 dico,
559 2852 664 2907 siccine
686 2869 743 2906 000
768 2859 809 2906 est
825 2852 899 2906 ister
926 2857 993 2925 dac,
1024 2855 1162 2929 tegendae
1182 2860 1212 2912 et
1235 2854 1367 2910 oblivioni
1398 2852 1654 2922 uadendmjuxta
1671 2850 1760 2905 dicta:

63 2959 113 2996 uos
130 2939 257 3010 sopitas,
281 2955 316 2992 00
340 2955 413 2991 unas
440 2938 565 3007 perideus,
591 2938 643 3008 qus·
657 2940 750 3009 poerit
764 2939 900 3008 judicare
925 2943 1068 2998 Remittite
1089 2950 1115 2997 et
1134 2941 1290 2996 remittetur
1307 2940 1384 2995 uehis
1403 2937 1501 2994 Matth.
1520 2943 1552 3002 d,
1576 2955 1602 2991 r.
1625 2943 1665 2994 14.
1690 2936 1759 2991 Luc.

63 3028 137 3082 iuter
156 3026 285 3090 fratres?
304 3024 354 3079 ubi
365 3024 496 3094 ostendit,
514 3025 551 3080 ad
569 3024 660 3080 litium
672 3025 899 3098 dijudicationem
927 3035 959 3097 6,
977 3047 1003 3083 v.
1031 3035 1071 3085 41.
1104 3028 1217 3084 Caritas
1242 3027 1336 3080 ommia
1354 3026 1456 3080 tolerat
1482 3029 1504 3081 1.
1525 3021 1588 3079 Cor.
1607 3028 1654 3087 13,
1681 3040 1709 3081 r.
1735 3027 1759 3079 1.

65 3114 230 3186 deligendos
250 3129 309 3168 esse
328 3129 362 3167 ex
380 3110 514 3167 fratribus
530 3112 604 3166 risos
623 3111 762 3185 rapientes
780 3117 809 3169 et
823 3112 899 3183 Judi·
928 3119 1098 3186 Seppcrtute
1121 3131 1170 3168 sos
1195 3113 1313 3168 inuicem
1339 3120 1365 3167 et
1392 3113 1494 3166 domate
1519 3111 1598 3165 vohis
1624 3110 1707 3180 ipsis,
1732 3110 1761 3164 si
1844 3170 1847 3175 ,

65 3202 149 3258 candi
168 3200 284 3272 peritos3
308 3198 357 3253 sed
376 3207 552 3269 corapurats,
574 3198 705 3254 videlicet
726 3199 819 3270 potius
836 3217 898 3255 con·
927 3203 990 3274 qais
1013 3204 1149 3256 adversm
1179 3201 1302 3270 0110000
1331 3200 1415 3254 hahet
1438 3199 1599 3269 querelem,-
1630 3199 1703 3251 01001
1733 3205 1759 3251 et

65 3286 256 3360 temptissimis
280 3303 314 3342 sc
332 3285 488 3340 rudissimis
505 3285 534 3339 in
551 3284 672 3341 ecclesia
689 3285 781 3341 litium
800 3285 901 3358 dijudi-
927 3289 1055 3346 Christus
1072 3287 1293 3356 domuissetis,
1316 3287 1359 3340 its
1380 3293 1407 3339 et
1430 3302 1479 3339 ses
1497 3284 1601 3340 coloss.
1619 3289 1651 3349 3,
1669 3302 1694 3338 r.
1719 3289 1759 3340 13.

66 3375 204 3433 sationem
235 3372 463 3429 committendam
494 3389 584 3445 quam
612 3372 729 3429 ethnicis
755 3372 900 3444 judicibus
926 3393 960 3433 ec
983 3377 1057 3431 inter
1084 3391 1210 3429 semies
1235 3373 1361 3443 injurius
1390 3388 1424 3425 00
1450 3373 1556 3425 damma
1582 3369 1758 3439 prmissime,

67 3460 255 3526 deferendam,
273 3460 347 3515 unde
366 3459 448 3514 etiam
466 3476 493 3512 r.
513 3464 538 3515 t.
558 3458 650 3515 denuo
666 3458 770 3530 repetit
785 3475 899 3530 scopum
928 3479 1000 3535 qnae
1025 3461 1104 3517 selva
1128 3459 1275 3531 discipline
1295 3465 1324 3514 et
1342 3456 1543 3529 tranquillitate
1560 3455 1676 3526 publica
1692 3455 1760 3511 tole-

65 3546 227 3621 primarium
253 3563 319 3600 snae
346 3544 579 3616 reprehensionis,
607 3545 683 3616 qnod
713 3546 808 3610 freter
839 3565 900 3600 cum
927 3550 982 3605 rari
1001 3548 1045 3604 rel
1064 3547 1186 3618 mitigari
1203 3549 1353 3618 nequeunt,
1371 3543 1489 3615 proinde
1506 3541 1760 3614 permagistratum

63 3638 160 3700 fratre
180 3632 287 3704 judicio
313 3632 471 3702 experiatur
494 3630 571 3702 apud
591 3630 724 3688 infideles.
755 3631 789 3686 Id
810 3637 900 3704 ipsum
924 3640 992 3691 sunt
1010 3632 1182 3706 corrigenda.
1227 3637 1250 3688 2.
1271 3631 1369 3686 Mattb.
1394 3637 1424 3701 5,
1449 3647 1475 3683 r.
1495 3634 1542 3685 44:
1564 3629 1681 3683 Inimici
1696 3637 1761 3684 sant

64 3722 140 3779 enim
157 3719 275 3773 maximo
293 3735 356 3773 cum
375 3717 548 3773 incommodo
568 3733 602 3772 ao
614 3717 745 3773 scandalo
759 3724 819 3773 erat
836 3735 899 3774 con·
928 3721 1075 3791 ditipeudi.
1112 3722 1192 3788 Erpo
1217 3736 1278 3772 cam
1299 3718 1360 3773 iliis
1381 3719 1412 3770 10
1431 3717 1546 3786 judicio
1565 3724 1760 3771 000001000-

62 3809 199 3881 junctum.
240 3803 471 3860 Producebsntnr
493 3801 646 3877 ἠπήμαια,
669 3803 843 3860 infirmitates
872 3813 901 3862 et
926 3809 1102 3863 10000πά00.
1137 3805 1362 3875 Respondemus:
1387 3818 1485 3858 causas
1502 3803 1532 3857 in
1552 3801 1612 3857 foro
1631 3818 1716 3874 agere
1733 3810 1762 3859 et

66 3894 209 3958 defectus,
234 3891 351 3946 usuum
376 3890 434 3945 sire
452 3889 673 3945 Christianorum
691 3890 720 3945 in
740 3892 831 3946 lucem
849 3909 899 3964 pu·
924 3892 1061 3966 J'udicium
1077 3892 1257 3963 magistratus
1276 3895 1373 3946 contra
1389 3888 1507 3962 proximi
1527 3888 1643 3959 injurias
1663 3889 1760 3960 implo-

66 3980 177 4044 blicam‚
196 3994 269 4048 quae
286 3976 401 4033 caritate
419 3977 477 4048 tegi
496 3982 525 4032 et
538 3976 674 4033 abscondi
691 3977 807 4049 aequius
825 3985 900 4043 erat;
926 3997 988 4035 rare
1006 3978 1041 4033 -in
1064 3996 1094 4034 se
1117 3994 1151 4033 ac
1172 3994 1224 4048 per
1251 3994 1282 4032 se
1307 3992 1362 4031 non
1388 3981 1496 4049 pugnat
1522 3992 1585 4030 cum
1614 3976 1761 4031 dilectione

67 4065 195 4122 doctrina
227 4063 365 4135 evangelii
395 4063 585 4134 exponebatur
617 4063 738 4119 hostium
772 4064 900 4133 ludibrio,
926 4065 1057 4138 proximi,
1087 4064 1153 4137 quia
1177 4068 1207 4120 et
1228 4062 1336 4135 judicia
1359 4068 1425 4118 sunt
1448 4062 1502 4117 Dei
1527 4069 1556 4117 et
1584 4062 1760 4118 dilectionem

67 4159 163 4226 utpote
181 4153 263 4223 cujus
279 4150 450 4206 confessores
465 4150 495 4204 in
506 4150 649 4220 perpetuis
669 4150 764 4206 litibus
785 4168 817 4206 ac
836 4167 900 4206 con·
926 4152 1031 4208 inimici
1053 4151 1131 4206 Deus
1155 4150 1305 4222 praecepit.
1348 4149 1391 4204 Ex
1417 4148 1554 4204 accidenti
1577 4155 1670 4204 autem
1695 4165 1760 4204 con·

67 4239 236 4297 tentionibus
255 4238 393 4301 viverent;
420 4236 602 4293 exhibebatur
618 4237 737 4292 ethnicis
756 4238 900 4309 magistra·
926 4239 1024 4312 tingit,
1049 4242 1083 4292 ut
1096 4253 1178 4292 ‘cum
1197 4237 1346 4293 dilectione
1371 4236 1488 4308 proximi
1511 4241 1619 4308 pugnet
1643 4236 1760 4306 experiri

65 4328 140 4383 tibus
168 4325 277 4382 occasio
306 4322 476 4378 Christianos
503 4322 663 4395 affligendi,
690 4324 839 4380 divexandi
867 4341 900 4379 ac
923 4325 1031 4399 judicio
1049 4331 1146 4381 contm
1165 4325 1292 4393 irahem,
1317 4325 1446 4379 nimirum
1473 4322 1497 4377 si
1525 4322 1599 4377 adsit
1623 4322 1761 4392 cupiditas

67 4411 257 4484 opprimendi3
281 4410 355 4482 qnod
382 4409 473 4480 ipsum
492 4409 679 4482 contingeret,
706 4410 729 4465 si
751 4408 900 4466 Christiani
926 4414 1051 4486 privatae
1078 4411 1230 4481 vindictae,
1264 4410 1288 4465 si
1316 4411 1462 4467 verberum
1493 4414 1578 4481 atque
1607 4408 1760 4463 animorum

66 4500 120 4556 sub
138 4499 232 4553 Turca
251 4497 384 4568 demtos
398 4495 434 4550 sd
450 4496 593 4566 praesides
605 4496 738 4552 ancicos
756 4496 819 4552 lites
836 4512 900 4551 suas
926 4498 1079 4555 acerbitate
1102 4498 1300 4567 contendatur,
1325 4497 1349 4550 si
1372 4494 1530 4569 praestigiis
1555 4493 1761 4565 sycophanticis

67 4587 214 4643 deiemcnt
247 4585 294 4652 At,
314 4583 416 4655 inquis,
434 4601 489 4652 quo
502 4583 571 4652 jars
584 4584 729 4654 apostotus
743 4583 901 4638 Corinthios
926 4590 1028 4658 egetur
1047 4590 1098 4640 etc
1136 4590 1158 4639 3.
1178 4582 1278 4638 Matth.
1298 4590 1321 4646 7,
1340 4601 1367 4639 v.
1393 4588 1422 4638 1:
1441 4581 1538 4636 Nolite
1552 4581 1703 4649 judicare,
1726 4597 1761 4635 me
1774 4591 1829 4635 m.
1844 4590 1887 4633 tte

66 4672 262 4743 reprehendit,
289 4671 367 4740 qaod
391 4687 488 4723 coram
511 4669 629 4723 ethnicis
647 4670 770 4740 judiciis
798 4687 901 4724 causus
919 4671 1099 4742 judicemini.
1127 4669 1243 4725 1100100.
1265 4675 1304 4738 14,
1322 4687 1348 4723 v.
1369 4675 1399 4724 4:
1419 4670 1463 4722 Tu
1482 4669 1545 4736 0010
1562 4684 1599 4731 es,
1618 4668 1761 4736 00110011-

67 4761 202 4830 apebcet,
221 4777 282 4812 cum
304 4759 365 4828 ipse
384 4757 587 4810 adsessorem
611 4757 749 4811 ethnicum
769 4763 902 4827 prouocet
926 4776 976 4813 cus
993 4758 1116 4812 alienum
1131 4757 1261 4812 serram!
1299 4762 1321 4811 1.
1341 4754 1405 4811 cor.
1425 4761 1451 4823 4,
1470 4772 1497 4809 v.
1517 4759 1549 4809 5:
1570 4754 1666 4808 Nolite
1681 4755 1759 4823 jadi-

66 4855 206 4901 01000000
229 4844 325 4914 impiis
348 4843 491 4912 iudicibus
518 4844 560 4896 ud
576 4842 736 4908 heneficium
754 4844 827 4914 lepis
844 4845 901 4898 tto·
927 4861 994 4901 care
1017 4852 1083 4900 oute
1111 4851 1227 4914 terupssa
1271 4844 1352 4912 Erpa
1375 4841 1406 4893 10
1429 4841 1465 4893 N.
1496 4841 1529 4896 T.
1558 4840 1672 4895 sublata
1698 4849 1761 4895 sunt

66 4950 166 4987 00000
190 4931 361 5002 0001001011
388 4929 454 4986 Act.
484 4932 528 4993 16,
553 4945 580 4981 r.
610 4933 651 4983 31.
684 4945 708 4982 0.
732 4934 780 4994 15,
807 4947 833 4986 v.
861 4934 900 4985 11.
921 4932 1039 5004 judicia
1057 4931 1162 4986 0100110.
1191 4928 1416 5000 Respondemus:
1436 4926 1673 4999 Distinguendum
1690 4927 1761 4984 inter

65 5019 290 5091 Respondemus:
311 5014 446 5072 Corinthii
459 5018 588 5087 poterant
604 5014 707 5070 hahere
721 5013 900 5086 Christianos,
926 5019 1038 5089 judicie
1052 5018 1178 5092 0010010,
1197 5014 1357 5082 marta,
1375 5012 1560 5078 0010001000,
1578 5014 1685 5084 iniqua,
1702 5033 1760 5069 ma·

67 5107 116 5178 qui
135 5104 279 5162 decausis
297 5102 462 5175 ipsorumin
479 5100 597 5157 ecclesia
613 5108 820 5173 cognoscerent,
838 5102 901 5159 ideo
928 5107 1022 5176 tipau,
1045 5104 1135 5173 10010,
1160 5118 1193 5157 ee
1208 5101 1293 5156 meris
1309 5099 1515 5169 suspicionum
1539 5108 1623 5169 0010,
1650 5100 1761 5170 quando

72 5212 128 5250 non
148 5191 328 5264 congruebat,
349 5191 399 5246 scd
411 5206 474 5246 cum
485 5188 618 5245 scandalo
638 5189 817 5259 conjunctum
836 5195 903 5259 erat,
927 5191 1033 5247 scilicet
1049 5190 1176 5263 privatae
1193 5201 1328 5260 personae
1342 5185 1505 5241 debebam
1523 5185 1604 5241 dictis
1617 5185 1661 5240 vel
1678 5187 1760 5242 iactis

66 5281 142 5353 quod
160 5279 390 5334 christianicum
410 5274 575 5332 Christianis
591 5275 628 5329 sd
646 5275 796 5333 tribunalia
811 5277 901 5333 ethni·
927 5295 978 5350 per
996 5295 1025 5334 se
1042 5277 1123 5335 bonis
1141 5282 1190 5331 aut
1206 5273 1303 5329 mediis
1315 5272 1493 5329 temerarium
1504 5271 1598 5329 ierunt
1612 5272 1759 5342 judicium,

65 5384 160 5423 corum
184 5366 347 5436 litigabant3
374 5364 424 5420 sed
450 5361 554 5431 Panlo,
581 5378 644 5418 cnm
673 5355 836 5434 provocaret
863 5360 900 5419 ad
926 5366 962 5421 ds
984 5381 1039 5438 qno
1064 5363 1158 5437 egitur
1180 5351 1280 5416 Mettis.
1309 5367 1338 5423 1,
1365 5377 1391 5414 r.
1416 5365 1439 5415 1.
1463 5359 1508 5413 rel
1534 5357 1645 5430 quando
1674 5358 1760 5432 aliqui

66 5469 214 5524 canerem
235 5451 380 5524 negotium
405 5455 467 5507 erat
489 5466 545 5505 nen
563 5465 627 5505 cum
646 5448 824 5520 Christianis,
848 5449 897 5507 ssd
925 5450 1085 5522 cognitione
1107 5447 1279 5505 christianae
1307 5445 1444 5502 libertatis
1468 5444 1566 5501 tumidi
1584 5445 1701 5502 fratrum
1718 5445 1760 5502 in·

1376 5549 1431 5606 tt*
