4020 6014
703 258 755 313 DE
780 257 1033 315 MAGISTRATU
1055 257 1241 314 Pontico.
1537 299 1538 302 =
1763 267 1822 322 511

127 410 210 466 armis
235 411 458 480 recuperandum
483 411 533 474 sit,
558 411 630 482 ipsis
656 412 794 482 eripuere,
822 412 868 467 hic
894 428 960 482 ergo
976 411 1054 482 lejus
1074 418 1167 481 part-es
1187 412 1288 466 11111111
1308 411 1501 481 decerpuntur,
1521 411 1588 482 quia
1607 410 1724 466 sublatis
1741 411 1826 481 parti-

126 497 218 552 locum
229 496 315 551 babet
328 497 397 550 illud
409 497 559 567 Augustini
572 498 618 551 lib.
632 505 655 552 4.
669 499 703 552 de
717 499 768 553 civ.
781 498 836 552 Dei
849 515 910 568 cap.
929 503 960 551 a:
990 498 1042 573 bus
1052 499 1165 552 tandem
1173 498 1257 552 etiam
1266 505 1356 552 totum
1365 497 1466 552 interit
1498 504 1521 552 l.
1531 498 1605 552 Sam.
1616 502 1657 561 ³⁰,
1676 514 1700 551 v.
1713 502 1752 552 16.
1762 513 1826 552 cum

127 584 242 646 inferre
271 583 346 636 bolla
369 585 498 645 finitimis
517 591 543 635 et
563 585 629 636 inde
650 585 680 637 in
700 591 792 637 cetera
806 586 962 652 procedere
976 578 978 652 1
990 583 1165 638 Amalecitae
1183 584 1315 654 oppidum
1336 583 1429 654 Sicleg
1441 583 1631 638 incendissent
1648 599 1681 637 ac
1701 583 1827 653 captivas

129 686 164 720 nc
179 669 300 737 populos
328 669 384 720 sibi
403 685 460 720 non
480 669 609 721 molestos
627 669 690 722 sola
709 670 792 738 repni
809 661 1135 737 cupiditate'duxisseut
1161 669 1305 735 mulieres,
1334 670 1435 721 Dauid
1462 669 1535 738 ipsos
1563 668 1719 739 insequitur
1744 667 1826 722 etad

128 761 271 808 canterma
290 762 314 805 et
325 754 453 820 medere,
473 754 543 821 quid
555 754 639 806 aliud
655 772 738 823 priam
751 757 859 823 prande
877 724 1207 827 latro-linternecionem
1226 772 1314 825 usque
1331 754 1429 808 caedit.
1466 753 1568 824 l.Reg.
1583 759 1623 817 2⁴2,
1643 772 1668 809 v.
1682 759 1706 809 3.
1725 760 1749 808 2.
1762 754 1826 810 Par.
1862 823 1864 827 y

127 840 232 892 mnium
250 839 451 891 nominandum
472 840 531 890 esti
573 838 651 903 Quae
670 840 698 892 in
717 841 883 895 conuariam
901 842 978 913 par-f
994 846 1033 903 18,
1052 858 1078 892 v.
1098 845 1123 895 2.
1164 841 1293 893 delatus
1312 856 1361 893 rex
1381 840 1466 894 lsrael
1495 839 1564 892 dicit
1582 839 1619 892 ad
1636 855 1731 893 servos
1750 856 1827 894 suos:

127 933 185 978 tem
202 922 372 986 afferuntur,
400 923 538 977 sabacium
566 925 761 995 consequentis
787 926 965 994 conjunctam
991 927 1148 994 Ipnoratis,
1181 928 1258 993 quod
1285 933 1383 977 nostra
1415 926 1453 977 sit
1487 923 1768 988 damam-Galaad,
1802 933 1828 977 et

128 1008 233 1063 habent
250 1010 351 1064 omnia.
388 1009 450 1064 Nou
468 1010 542 1063 enim
561 1011 700 1080 sequitur,
727 1012 905 1077 innumeri,
934 1019 964 1063 11
991 1011 1157 1078 neplipimus
1177 1010 1276 1063 tollere
1291 1027 1353 1062 eam
1373 1013 1408 1064 de
1425 1012 1598 1079 manurepis
1612 1010 1736 1077 Syriae!
1753 1010 1827 1080 quod

133 1094 291 1157 Christiani
308 1101 402 1162 utpote
430 1096 562 1148 meliores
581 1097 716 1164 imperent
734 1097 850 1150 minicia
870 1094 1055 1165 utpotc'huic
1087 1095 1158 1149 bello
1195 1103 1309 1150 eventus
1347 1102 1493 1166 exoptatus
1528 1096 1640 1150 minime
1675 1096 1827 1165 respondit,

129 1181 326 1233 deterioribus.
357 1181 437 1248 Erpa
456 1181 533 1233 isici
551 1182 611 1235 iilis
629 1183 717 1236 armis
735 1191 798 1236 sunt
809 1184 964 1251 schipendi.
992 1181 1099 1235 Achabi
1132 1181 1267 1251 impietati
1299 1181 1485 1237 tribuendum.
1534 1182 1695 1237 Notandum
1724 1191 1826 1249 tamen,

129 1265 246 1334 Religio
263 1274 291 1320 ct
314 1267 373 1318 vita
400 1268 556 1331 infidelium
583 1277 648 1321 sunt
667 1270 844 1337 corripenda.
884 1271 964 1337 Erpa
992 1268 1066 1338 quod
1085 1284 1133 1335 ea,
1155 1283 1226 1337 quae
1240 1268 1317 1335 juste
1335 1267 1415 1322 uobis
1442 1275 1537 1337 erepta
1556 1274 1630 1336 sunt,
1649 1267 1721 1320 bello
1740 1267 1829 1320 neuti-

129 1353 218 1404 armis
236 1360 301 1405 srnst
323 1353 487 1406 invadendi.
527 1355 644 1407 Delicta
667 1355 793 1425 ipsorum
807 1356 965 1423 munienda.
992 1368 1076 1422 quam
1103 1352 1285 1422 reposcenda,
1313 1353 1442 1422 quodque
1468 1369 1531 1406 cum
1561 1351 1762 1421 potentioribus
1792 1352 1828 1405 ob

129 1439 209 1506 Erpa
228 1438 307 1491 nobis
322 1438 386 1491 licet
404 1439 477 1491 bello
495 1454 542 1493 eos
562 1440 704 1496 inuadere.
735 1440 768 1493 ln
780 1447 966 1509 consequente
992 1439 1232 1507 recuperationem
1247 1439 1408 1492 1111111111
1425 1445 1528 1493 temere
1549 1454 1603 1491 nou
1621 1437 1657 1491 sit
1676 1436 1827 1506 confligen-

129 1540 238 1592 semper
254 1523 318 1593 plus
337 1522 515 1591 subsumitur‚
534 1541 616 1595 quam
637 1527 804 1580 antecedens
824 1526 966 1595 permittit.
993 1523 1067 1587 dum,
1086 1542 1121 1578 ne
1139 1525 1204 1578 dum
1220 1535 1327 1595 partem
1339 1525 1505 1596 quaerimus,
1523 1531 1614 1578 totum
1626 1523 1737 1577 interim
1749 1522 1828 1577 amit·

130 1608 233 1663 Refero
257 1610 310 1662 huc
336 1610 427 1664 locum
455 1626 489 1663 ex
512 1609 681 1664 Bellarmino
707 1610 755 1664 lib.
781 1620 805 1668 3.
834 1612 870 1665 de
889 1611 967 1665 laicis
993 1615 1091 1665 tamus.

130 1714 154 1749 c.
171 1691 244 1768 15.§
264 1695 394 1750 Secunda
409 1695 532 1751 conditio
545 1701 597 1750 etc.
623 1698 761 1764 Princeps
780 1697 893 1767 (inquit)
911 1715 967 1751 non
1029 1702 1087 1752 413.
1122 1697 1303 1767 Atquehaec
1323 1698 1470 1751 dictasint
1493 1698 1628 1767 dejustis
1647 1713 1680 1750 ac
1698 1697 1828 1766 legitimis

131 1789 172 1834 est
184 1782 278 1849 judea
294 1782 352 1833 nai
374 1782 515 1833 hominum
540 1783 596 1833 sibi
613 1783 801 1850 mediterrone,
828 1800 895 1851 erpo
912 1801 965 1835 non
980 1850 982 1860 Ι
996 1782 1061 1837 belli
1082 1783 1188 1849 causis,
1214 1800 1248 1837 ex
1273 1783 1376 1853 quibus
1401 1782 1484 1845 facile
1504 1789 1597 1853 potest
1616 1782 1674 1837 fieri
1692 1783 1828 1851 judicium

128 1875 221 1935 potest
241 1883 420 1935 paeanaque
435 1877 554 1935 peccata
566 1869 689 1921 aliorum
704 1869 845 1922 lominum
855 1870 967 1938 punire,
979 1864 983 1939 1
996 1871 1031 1921 dc
1046 1870 1159 1936 1111111111
1173 1878 1199 1921 11
1211 1869 1368 1936 illepitimis
1381 1870 1482 1936 cauus,
1502 1870 1567 1939 quia
1584 1886 1679 1924 verum
1692 1876 1734 1922 cst
1746 1869 1789 1921 sui
1801 1875 1830 1922 et

131 1955 184 2005 sed
202 1953 292 2005 sotum
309 1970 357 2018 aa,
382 1970 453 2021 quae
479 1954 580 2006 cedunt
605 1955 635 2006 in
654 1955 849 2008 detrimentum
866 1956 970 2024 popuii
995 1952 1100 2023 obliqui
1119 1954 1209 2009 index.
1228 1953 1404 2009 Chemuicius
1422 1971 1456 2010 ex
1473 1954 1565 2009 verbis
1582 1953 1716 2010 iohannis
1733 1953 1829 2022 Bapti-

131 2039 188 2092 sier·
210 2038 335 2105 subjecti.
378 2041 455 2092 Nam
479 2040 534 2092 etsi
554 2057 609 2093 non
634 2048 674 2092 est
695 2041 781 2107 judee
801 2042 967 2095 ordinarius
995 2045 1055 2092 stae
1080 2040 1148 2095 Luc.
1168 2046 1197 2104 3,
1224 2058 1249 2094 1.
1269 2047 1309 2096 14.
1333 2040 1441 2095 erudite
1465 2040 1573 2111 colligit
1596 2042 1649 2094 tria
1665 2040 1830 2109 injustorum

131 2127 269 2188 aliorum,
297 2108 389 2178 tamcr's
407 2135 447 2179 est
466 2127 602 2194 defensor
618 2144 733 2179 suorum
753 2135 779 2180 et
792 2129 903 2180 ratione
921 2128 969 2180 ltn-
996 2123 1131 2180 bellorum
1155 2143 1273 2197 genera:
1304 2130 1327 2182 1.
1350 2143 1383 2180 aa
1407 2129 1601 2194 concussione,
1632 2126 1744 2197 quando
1770 2127 1831 2197 qius

126 2214 179 2279 jus
207 2212 382 2264 necessitatis
415 2214 539 2276 efficitur
567 2229 626 2267 esre
655 2215 860 2282 qrrodammodo
884 2215 970 2281 indes
996 2210 1058 2265 ideo
1079 2211 1181 2266 bellum
1200 2211 1296 2278 infert,
1322 2211 1389 2281 quia
1413 2218 1456 2266 est
1480 2213 1633 2281 potentior,
1657 2214 1683 2264 2.
1703 2228 1736 2264 es
1754 2228 1830 2278 syco-

134 2315 237 2360 eorum,
258 2298 307 2366 qni
319 2299 378 2352 suis
396 2299 533 2366 injuriam
550 2301 687 2364 fecerunt,
706 2301 746 2352 ita
764 2307 795 2352 ut
811 2303 903 2368 possit
924 2317 970 2353 ecs
994 2297 1127 2364 plantio,
1153 2297 1265 2368 quando
1283 2298 1343 2352 sine
1359 2298 1437 2367 justa
1457 2314 1541 2352 causa
1559 2303 1705 2368 praetextu
1723 2297 1830 2366 quaeri·

133 2385 234 2452 plodio
259 2386 371 2455 punire.
408 2386 486 2439 Haec
514 2384 706 2453 Bellarminus,
734 2401 806 2454 quae
833 2386 970 2455 quomodo
996 2390 1055 2450 tur,
1082 2399 1145 2437 vere
1169 2383 1242 2437 enim
1262 2382 1331 2436 dixit
1355 2383 1504 2453 Polybius:
1529 2379 1572 2436 In'
1592 2384 1673 2436 bellis
1692 2383 1775 2436 aliud
1792 2391 1831 2436 est

134 2486 197 2523 cum
216 2470 364 2525 donatione
390 2469 540 2524 Alexandri
560 2470 609 2525 Vl.
633 2470 681 2540 qui
700 2470 840 2524 Lusitania
860 2457 969 2525 Indiam
997 2472 1079 2527 alita,
1100 2468 1176 2522 aliud
1190 2467 1349 2539 apiacam,-
1367 2473 1523 2540 3.prcpter
1532 2471 1683 2538 praedam.
1715 2468 1831 2523 Testru-

134 2553 305 2617 orientalem,
324 2555 456 2625 Hispanis
475 2556 675 2610 occidentalem
689 2557 762 2611 bello
774 2557 970 2626 acquirendam
996 2561 1041 2607 tur
1064 2553 1194 2609 historiae
1219 2560 1247 2608 ct
1265 2554 1429 2624 comprobat
1447 2555 1631 2624 experientia,
1656 2571 1755 2610 causas
1774 2553 1831 2609 bel·

134 2649 164 2695 et
181 2640 372 2709 occupandam
397 2640 517 2694 mirabili
551 2641 719 2697 liberalitate
738 2644 859 2707 donavit,
880 2642 965 2696 conci
981 2641 1085 2723 ¹lorum
1111 2640 1285 2707 manifestas,
1317 2657 1388 2710 quae
1418 2642 1538 2696 exterius
1558 2649 1765 2712 praetexuntur,
1793 2641 1830 2696 ab

134 2727 197 2781 liari
215 2727 329 2796 possint,
348 2727 407 2796 ipse
427 2727 535 2780 viderit.
996 2726 1126 2791 occultis,
1148 2744 1220 2797 quae
1238 2727 1313 2781 intus
1339 2734 1509 2796 premuntur,
1535 2728 1646 2797 saepius
1670 2736 1729 2782 toto
1754 2727 1831 2781 coelo

47 2832 71 2870 ur
168 2817 229 2867 411.
265 2812 414 2877 Quaeritur
432 2819 457 2866 4.
492 2815 539 2865 An
551 2820 671 2881 propter
687 2822 816 2879 nepatum
837 2815 971 2868 enercitni
996 2813 1138 2867 dissidere.
1169 2812 1301 2880 Ambitio,
1316 2812 1442 2880 avaritia,
1460 2813 1508 2880 ira,
1526 2812 1695 2877 dominandi,
1710 2812 1831 2868 habendi

47 2886 112 2973 222,
129 2915 186 2966 per
207 2907 312 2950 terram
331 2897 455 2950 alienam
472 2899 621 2950 transitum
647 2900 760 2952 domino
777 2901 857 2954 illias
876 2909 969 2953 terrae
997 2904 1025 2952 et
1054 2897 1205 2952 ulciscendi
1233 2898 1372 2968 cupiditas
1397 2898 1545 2952 multorum
1571 2898 1706 2953 bellorum
1730 2914 1832 2953 111111

47 2981 115 3075 iii-⁸⁰³
128 2986 207 3052 juste
227 2984 370 3047 inseratur
388 2984 507 3036 lelium?
542 2983 673 3038 Affirmat
686 2984 861 3056 Augustinus
880 3004 906 3056 q.
926 2993 1068 3051 4111111,
1089 3002 1160 3055 quae
1179 2984 1214 3038 ob
1233 2985 1262 3037 id
1281 3002 1343 3039 raro
1361 2986 1435 3039 felici
1454 2986 1636 3039 terminantur
1648 2986 1738 3039 exitu.
1775 2986 1832 3039 Ac·

47 3099 51 3124 ι
70 3085 118 3126 noi·
134 3071 163 3123 in
182 3069 325 3126 Numeros,
358 3071 524 3124 Notandum
542 3077 583 3123 est
600 3071 720 3142 (inquit),
738 3075 971 3140 quemadmodum
997 3071 1067 3125 cidit
1085 3071 1159 3124 cuim
1178 3070 1333 3141 plerunque
1351 3071 1502 3126 ambitiosis
1523 3078 1552 3125 et
1572 3070 1661 3124 avaris
1679 3069 1734 3124 illis
1747 3070 1831 3126 bella·

47 3138 120 3230 {ss'st
130 3156 211 3223 justa
230 3156 305 3209 belia
316 3156 495 3222 parabamur,
513 3157 642 3210 innacius
656 3159 792 3211 transitus
806 3160 969 3227 nepotatur,
995 3157 1110 3219 toribus,
1130 3158 1205 3227 quod
1222 3158 1341 3220 camelo,
1368 3159 1418 3225 qui
1434 3175 1540 3210 carrina
1561 3159 1729 3211 desiderans
1747 3158 1832 3211 etiam

134 3243 185 3310 qui
195 3243 265 3310 jure
277 3242 416 3295 hurnanae
426 3243 567 3294 societatis
582 3244 750 3311 aequissimo
765 3253 865 3312 patera
883 3247 969 3298 debet.
995 3261 1079 3297 aures
1095 3244 1233 3312 perdidit.
1269 3243 1404 3313 Princeps
1418 3243 1531 3313 quidam
1543 3242 1722 3297 Tartarorum
1737 3261 1831 3313 regem

132 3327 276 3382 iustitiam
288 3343 355 3398 ergo
373 3327 439 3382 belli
461 3328 532 3383 inter
551 3327 681 3383 Sihonem
699 3330 911 3385 Amorraeorum
930 3348 969 3386 re·
994 3330 1166 3384 Rutenorum
1193 3347 1247 3383 non
1268 3329 1453 3384 necessarium
1478 3329 1582 3385 bellum
1602 3328 1656 3383 sibi
1675 3336 1830 3384 moventem

133 3431 198 3485 gem
211 3420 240 3468 et
250 3413 392 3468 Israilitas
402 3413 484 3470 Num.
499 3421 538 3469 21,
553 3430 585 3468 ex
597 3422 698 3485 negato
716 3418 834 3470 11111111
846 3418 967 3473 deducit.
995 3417 1024 3470 in
1050 3416 1154 3486 proelio
1180 3422 1293 3484 captum
1321 3415 1459 3470 interiecit
1490 3423 1573 3470 etex
1597 3416 1718 3470 calvaria
1744 3416 1830 3485 ipsius

136 3498 218 3552 Hanc
237 3499 389 3569 Augustini
414 3501 579 3554 sententiam
599 3501 693 3571 glossa
707 3503 779 3570 juris
797 3504 930 3559 canonici.
945 3521 969 3560 c.
995 3502 1124 3572 poculum
1142 3501 1300 3556 inauratum
1318 3500 1378 3557 fieri
1397 3501 1516 3564 curavit,
1537 3501 1584 3555 cui
1601 3502 1668 3555 haec
1687 3501 1773 3555 verba
1790 3501 1831 3554 in-

133 3585 294 3640 Notandum
307 3592 358 3640 etc.
371 3602 445 3640 caus.
465 3591 506 3641 23.
517 3604 543 3655 q.
557 3592 579 3640 2.
589 3586 733 3642 confirmat
753 3605 786 3642 ex
804 3590 868 3658 jure
886 3590 969 3646 civili.
995 3588 1118 3657 scripsit:
1155 3588 1211 3640 Hic
1246 3587 1343 3640 aliena
1378 3588 1537 3656 appetendo
1573 3588 1668 3639 amisit
1700 3589 1829 3657 propria.

132 3672 150 3725 1.
168 3672 197 3724 iu
218 3685 342 3726 summa·
361 3671 388 3726 ff.
409 3671 444 3724 de
463 3687 506 3741 aq.
527 3672 623 3741 pluvia
652 3675 817 3736 animanda,
841 3675 889 3729 ubi
910 3693 969 3747 per·
995 3673 1134 3744 Pyrrhum
1152 3673 1258 3744 gloriae
1275 3672 1414 3743 cupiditas
1427 3680 1455 3728 et
1467 3672 1606 3742 profunda
1624 3672 1731 3742 imperii
1743 3673 1830 3726 libido

132 3756 251 3810 mittitur
273 3757 379 3827 aliquid
403 3758 432 3810 in
449 3773 518 3828 agro
544 3758 650 3827 alieno,
676 3759 759 3814 modo
788 3761 817 3814 id
839 3762 888 3816 fiat
911 3763 969 3821 siue
996 3758 1169 3814 difficillimis
1190 3758 1270 3813 bellis
1289 3758 1595 3829 implicuitactandem
1614 3758 1744 3828 perdidit,
1766 3758 1831 3812 Plu·

131 3842 297 3913 possessoris
306 3849 480 3897 nocumento.
491 3843 509 3897 l.
518 3860 570 3912 per
582 3846 719 3914 agrumC.
735 3846 770 3900 de
783 3847 969 3912 servitutibus,
996 3846 1107 3899 tarchus
1130 3846 1160 3898 in
1185 3843 1302 3914 Pyrrho.
1348 3844 1557 3915 111111311111111
1576 3844 1713 3900 bellorum
1732 3860 1832 3898 causae

132 3929 181 3984 ubi
205 3928 392 3982 Maximianus
417 3933 446 3983 et
461 3928 652 3985 Diocletianus
680 3932 846 4000 decernunt,
869 3943 899 3987 at
923 3935 970 3987 uia
995 3940 1060 3985 sunt
1084 3931 1186 3986 111111.
1233 3934 1256 3984 1.
1276 3932 1397 3983 Ambitio
1423 3939 1449 3984 et
1475 3926 1609 3985 avaritia}
1655 3931 1776 4002 Scythae
1795 3931 1830 3984 ad
1903 3937 1912 3955 ·

128 4017 246 4086 publica
258 4017 358 4078 utaris,
371 4035 449 4068 nenio
462 4025 553 4085 potest
562 4019 720 4086 prohibere.
747 4012 851 4073 At'hoc
863 4021 969 4073 1111111-
995 4018 1185 4071 Alexandrum
1197 4016 1234 4070 M.
1250 4033 1284 4072 ex
1295 4016 1446 4072 ambitione
1456 4017 1530 4072 bella
1548 4024 1717 4071 moventem:
1739 4017 1772 4071 Si
1788 4019 1832 4070 dii

131 4111 180 4158 tae
199 4108 307 4157 tantum
321 4104 461 4172 petebant,
478 4121 545 4173 ergo
559 4105 662 4174 repulsi
672 4107 749 4174 juste
762 4106 866 4160 bellum
878 4125 969 4162 susce·
994 4105 1118 4157 labium
1130 4105 1256 4173 corporis
1269 4104 1312 4156 tni
1328 4103 1463 4158 acidimti
1481 4104 1571 4156 animi
1584 4121 1686 4172 parem
1705 4120 1763 4157 esse
1781 4120 1828 4157 co-

130 4195 241 4260 perunt.
284 4189 340 4244 Sed
357 4189 468 4258 justitia
496 4191 579 4259 hujus
603 4190 668 4245 belli
692 4191 881 4247 israelitarum
904 4210 968 4247 cum
995 4190 1255 4253 tumeant,‘orbiste
1269 4208 1324 4243 non
1341 4197 1463 4258 caperet,
1481 4189 1573 4242 attera
1590 4207 1675 4242 manu
1688 4190 1831 4256 orientem,

130 4273 234 4331 Sihoue
253 4292 287 4329 ex
306 4274 361 4328 alio
376 4274 467 4345 capite
478 4276 580 4330 rectius
594 4276 749 4342 deducitur,
768 4294 894 4348 egressus
907 4279 968 4348 ipse
994 4278 1088 4331 altera
1106 4277 1276 4331 occidentem
1294 4277 1459 4345 attingeres,
1481 4275 1594 4331 Curtius
1611 4274 1659 4330 lib.
1680 4282 1702 4330 i.
1723 4293 1749 4346 p.
1773 4281 1829 4330 161.
1916 4319 1918 4323 ,

130 4368 193 4414 crat
214 4376 229 4415 e
256 4359 357 4416 finibus
381 4361 439 4415 suis
465 4378 528 4414 cum
549 4363 670 4417 exercitu
695 4368 724 4416 et
742 4363 876 4418 Israiilitis
895 4365 966 4436 iuju·
979 4399 982 4421 2
995 4370 1021 4419 2.
1041 4364 1170 4418 Nocendi
1187 4364 1339 4432 cupiditas,
1359 4363 1516 4417 ulciscendi
1529 4362 1685 4414 crudelitas
1701 4369 1728 4414 ct
1741 4361 1831 4415 libido

59 4455 61 4458 '
130 4447 201 4500 1111111
221 4445 373 4513 inferebat,
391 4446 456 4501 Jud.
483 4452 527 4510 11,
555 4465 580 4501 v.
608 4454 648 4502 20.
670 4428 1210 4531 11111111ςί11111111111111111111111*
1246 4448 1378 4519 Cogitant
1395 4464 1459 4502 vero
1472 4446 1622 4502 Christiani
1640 4464 1674 4501 ac
1692 4446 1733 4517 pii
1753 4448 1832 4518 prin·

131 4532 265 4586 adversus
297 4532 388 4603 ipsum
414 4533 572 4603 capiebant.
621 4534 745 4589 Dubium
774 4536 847 4589 enim
877 4536 1079 4662 adhucpcipes,
1098 4535 1169 4593 serio
1191 4534 1304 4605 inquam
1324 4534 1462 4604 cogitent,
1478 4532 1669 4603 gravissimam
1690 4533 1752 4588 Deo
1770 4534 1833 4589 red·

132 4624 189 4687 est,
214 4635 251 4672 an
276 4626 389 4689 propter
415 4620 561 4673 transitum
579 4628 712 4690 negatum
732 4628 806 4675 recte
821 4622 1113 4692 capianturdendam
1133 4619 1283 4687 rationem,
1301 4619 1323 4672 si
1344 4619 1419 4674 bella
1437 4636 1492 4672 non
1511 4620 1666 4674 necessaria
1687 4621 1831 4688 moverint,

132 4721 224 4772 arma,
249 4721 312 4759 cum
338 4705 393 4758 alia
417 4705 489 4758 ratio
511 4705 548 4759 sit
564 4707 740 4774 privatorum
757 4708 912 4772 bominum,
934 4704 1017 4777 deisi
1038 4705 1155 4776 populos
1175 4704 1241 4760 fidei
1261 4715 1328 4759 suae
1346 4710 1551 4758 commendatos
1572 4704 1692 4758 hostium
1710 4707 1831 4775 praedae

47 4790 301 4862 ’,1111111111111
318 4789 399 4845 civile
416 4791 484 4860 agit,
503 4790 558 4844 alia
574 4793 736 4846 verototius
756 4795 900 4860 1111111111,
918 4788 1187 4863 sedlexposuerint,
1223 4791 1247 4845 si
1279 4791 1388 4845 illorum
1424 4790 1602 4860 sauguinem,
1641 4808 1693 4860 pro
1728 4792 1832 4863 quibus
1861 4838 1864 4843 .

134 4877 170 4930 de
188 4875 232 4929 his
245 4875 438 4945 jurisconsulti
456 4876 573 4945 plenius.
980 4844 1121 4955 lChristus
1150 4878 1313 4948 sanguinem
1340 4893 1421 4929 suum
1447 4875 1534 4938 fudit,
1565 4882 1667 4931 temere
1698 4877 1830 4946 profundi

47 4975 104 5018 inlr·
168 4968 228 5018 412.
263 4967 291 5016 3.
308 4962 478 5017 Ablatacum
503 4972 527 5015 et
556 4963 659 5031 injuste
681 4983 873 5033 possessorum
891 4965 1160 5026 recu-icmaveriut
1202 4967 1298 5016 Bonus
1315 4962 1466 5030 princeps,
1484 4960 1575 5030 inquit
1593 4960 1714 5027 Seneca,
1735 4964 1831 5016 alieno

47 5039 97 5129 ff..
129 5049 308 5118 perationem
320 5067 380 5104 esse
393 5050 498 5119 justam
517 5049 584 5103 belli
602 5066 722 5119 causam,
741 5057 850 5105 constat
864 5068 897 5105 ex
906 5052 969 5121 jure
994 5052 1128 5119 sanquini
1151 5058 1285 5119 tanquam
1310 5066 1361 5101 suo
1384 5048 1478 5116 parcit
1503 5055 1529 5101 et
1549 5049 1614 5114 scit,
1641 5049 1748 5101 homini
1776 5067 1832 5102 non

48 5143 70 5172 ⁰·
133 5136 229 5191 (1111111
246 5142 275 5190 11
291 5136 426 5201 hnmano,
446 5137 521 5208 quod
539 5138 651 5207 rapinas
669 5142 698 5191 et
717 5138 848 5207 injustam
866 5137 968 5192 alieno·
995 5155 1053 5191 esse
1071 5138 1178 5190 bomine
1194 5135 1318 5204 prodipe
1338 5135 1475 5186 utendum.
1502 5134 1546 5188 Ac
1556 5134 1644 5204 probe
1662 5136 1825 5202 notandum,

134 5240 196 5277 rum
224 5222 359 5278 bonorum
393 5223 593 5292 possessionem
624 5223 759 5293 prohibet.
809 5224 844 5276 Id
877 5223 1069 5295 ipsum.quod
1090 5221 1254 5279 Scholastici
1270 5227 1345 5276 recte
1365 5219 1517 5291 disputant,
1534 5236 1605 5289 eum,
1624 5221 1674 5290 qai
1691 5222 1829 5290 injustum

131 5309 274 5380 colligitur
304 5325 337 5362 ex
364 5308 523 5364 defensione
558 5310 731 5368 subditorum
756 5316 783 5364 et
808 5286 1383 5378 111111ῑεῦ1111111111111111
1402 5307 1831 5377 bonaconscientiapossidcre,

130 5395 306 5466 magistratui
335 5395 510 5450 demandata.
559 5396 587 5452 Si
617 5396 690 5451 enim
723 5397 851 5465 princeps
878 5405 965 5451 totum
992 5413 1063 5464 qaae
1075 5396 1147 5449 bello
1159 5401 1223 5448 sunt
1235 5394 1382 5463 acquisita,
1401 5395 1453 5446 sed
1468 5395 1557 5448 teneri
1568 5395 1609 5446 ad
1619 5393 1832 5459 restitutionem,

129 5482 277 5552 imperium
296 5482 403 5537 salvum
424 5499 484 5538 ctae
502 5482 584 5549 velit,
608 5499 665 5536 uon
682 5481 769 5546 ierat,
791 5489 822 5535 ut
837 5482 965 5553 singulae
994 5499 1049 5554 qna
1073 5483 1108 5537 de
1133 5499 1162 5536 re
1189 5480 1385 5535 annotabimus
1414 5480 1549 5552 quasdam
1579 5481 1769 5539 conclusiones
1798 5499 1831 5538 ex
