4020 6014
236 138 296 198 stt
806 132 927 192 LOCUS
943 129 1147 191 VIOESIHUS
1164 133 1345 198 QUARTUS

234 290 279 340 ⁰¹²¹
297 300 366 339 (Μ
386 285 504 356 ffiffliffl
527 289 569 344 ²05
585 288 767 343 wmmitfitur
789 289 834 342 vel
853 288 999 342 commisse
1016 290 1067 353 est,
1096 286 1172 356 dieti,
1190 289 1304 358 quidam
1321 305 1386 343 sero
1403 287 1548 353 infideles,
1566 287 1663 356 quales
1686 291 1766 339 ιιιιι
1784 283 1932 354 imperato·

234 380 546 441 mmmmm,
559 375 688 429 ”scaritu-
700 374 728 428 Ὁ
742 373 869 439 ’‘satiri''
887 371 998 449 Λιθόην
1012 372 1068 422 ἐπί·
1094 393 1138 429 ιιι
1156 376 1275 429 Romani
1295 375 1390 444 primis
1410 374 1518 428 dnobus
1534 379 1601 442 post
1615 373 1753 426 Christum
1773 376 1869 423 natum
1888 384 1928 421 se·

235 475 337 526 ¹9⁰⁷¹⁰s
355 458 431 526 apud
448 457 638 514 Herodianum
656 460 704 515 lib.
724 468 747 514 7.
769 467 811 513 est
824 458 932 527 Libyae
951 455 1064 510 admini-
1095 461 1176 526 culis;
1201 459 1314 530 quidam
1338 466 1403 513 sunt
1422 460 1571 512 orthodoxi
1593 467 1621 512 et
1639 473 1720 511 veras
1737 454 1866 525 religioni
1883 453 1930 506 ad·

235 542 364 595 mendae
382 543 539 611 praefectus
557 561 606 598 seu
626 545 739 600 Africae
759 552 928 614 procurator,
947 549 979 595 ιιι
996 540 1068 594 Ροιι-
1095 545 1178 612 dicti,
1196 546 1311 615 quidam
1328 561 1393 599 vero
1414 544 1564 597 haereticis
1581 541 1757 612 opinionibus
1781 538 1881 593 imbuti
1899 554 1930 589 ac

234 627 328 680 ‘imm'
341 629 430 681 vestii
450 629 516 683 1¹¹¹&
536 637 564 693 2,
591 647 616 682 V·
629 638 651 685 2·
665 646 724 699 081¹·
744 637 768 694 ³,
787 648 812 682 V·
834 636 856 685 l·
886 627 1023 697 Cyrenis!
1040 611 1070 679 'et
1095 630 1240 698 fascinati,
1258 638 1286 684 et
1304 631 1375 683 inter
1395 630 1444 683 hos
1462 629 1576 699 quidam
1595 633 1660 681 sunt
1679 643 1762 680 cerac
1781 624 1930 690 relipr'ous's

235 711 343 765 Pilatus
352 715 478 766 Romani
484 716 632 781 praesidas
640 715 811 768 indudaeam
819 715 854 768 ab
862 710 1069 779 imperatoribus
1094 725 1298 783 peruramur,
1326 715 1438 784 quidam
1464 730 1528 767 vero
1550 714 1638 768 eidem
1667 713 1695 765 in
1713 712 1771 765 rui„
1791 710 1886 779 regnir
1904 716 1931 760 rt

236 798 705 871 mini¹0⁰⁸11iu¹irtrt⁰1¹t¹3⁰mc
740 801 808 854 Post
824 800 979 870 relegatum
998 797 1070 851 enim
1097 800 1247 855 ditionibus
1273 804 1366 853 sedam
1396 800 1518 869 aliquam
1554 798 1721 865 concedunt,
1753 796 1801 866 qui
1827 802 1855 849 et
1882 794 1933 863 ipsi

237 883 405 938 Archelaum
429 886 514 954 ipsius
548 886 630 951 ditio,
658 886 791 940 Idumaea
820 885 933 952 scilicet,
961 882 1072 937 Judaea
1096 887 1221 940 maximis
1240 886 1353 939 laudum
1371 885 1525 955 praeconiis
1538 884 1615 954 digni
1630 889 1694 936 sunt
1708 881 1855 945 censendi3
1875 879 1934 949 qui-

180 958 184 971 ’
237 971 349 1039 proprie
367 971 503 1024 sicdicta
520 978 548 1025 et
566 973 691 1026 Samaria
718 974 745 1025 in
771 973 888 1027 formam
913 968 1071 1039 provinciae
1096 972 1160 1025 darn
1178 977 1244 1024 sunt
1263 974 1336 1039 horsi,
1355 972 1402 1041 qui
1421 976 1558 1041 potestate
1578 986 1630 1024 sua
1642 969 1677 1022 ad
1691 967 1867 1021 subditorum
1880 966 1932 1017 uti-

240 1056 379 1123 redactae,
398 1073 454 1109 non
471 1073 521 1125 per
541 1058 681 1127 proprium
707 1065 755 1128 aut
780 1055 950 1110 ordinarium
972 1053 1071 1124 princi·
1096 1056 1202 1110 litatem
1219 1061 1344 1122 utuntur,
1361 1056 1475 1126 quidam
1496 1057 1579 1121 mcls',
1600 1055 1647 1124 qui
1668 1053 1764 1107 eedem
1783 1051 1819 1104 ad
1841 1050 1932 1118 perni-

237 1157 308 1209 pem,
329 1141 378 1194 sed
395 1157 445 1211 per
463 1143 625 1210 praesidem,
647 1144 694 1211 qui
709 1160 727 1197 a
743 1141 876 1194 Romanis
894 1156 927 1194 eo
946 1138 1071 1193 mitteba·
1097 1143 1166 1195 ciem
1198 1149 1226 1196 et
1255 1144 1460 1211 oppressionem
1488 1140 1661 1194 subditorum
1685 1139 1854 1198 abutuntur,
1884 1152 1933 1203 per

238 1232 284 1278 tur
303 1231 332 1279 et
351 1244 400 1294 pro
419 1229 563 1282 occasione
581 1229 749 1292 mutabatur,
769 1227 817 1279 illo
830 1232 953 1295 tempore
970 1224 1070 1294 guber·
1098 1229 1292 1281 madelhatcm
1312 1228 1418 1281 scilicet
1435 1226 1479 1280 rel
1498 1243 1548 1296 per
1565 1226 1718 1278 auaritiam
1738 1229 1790 1277 eto.
1835 1227 1859 1275 2.
1880 1221 1933 1273 Ra-

238 1311 365 1366 nabatur.
408 1312 514 1367 Ibidem
545 1314 629 1367 etiarn
661 1314 763 1366 mentio
794 1311 827 1364 iit
855 1312 1069 1363 tetrarcharum.
1097 1314 1172 1367 tione
1198 1315 1332 1379 majorica·
1357 1314 1490 1381 temporis
1516 1312 1629 1380 quidam
1654 1315 1720 1362 sunt
1749 1308 1854 1375 capati,
1886 1306 1932 1375 qui

238 1396 337 1451 Strabo
356 1396 373 1451 1.
395 1403 436 1452 13.
455 1398 559 1464 scribit,
578 1398 718 1468 regionem
734 1397 896 1451 Galatarum
909 1396 938 1448 in
952 1400 1071 1465 quatuor
1097 1405 1229 1469 praesunt
1246 1405 1370 1468 tempore
1388 1398 1479 1467 pacis3
1501 1397 1615 1467 quidam
1627 1396 1774 1464 militares,
1796 1393 1845 1462 qui
1865 1399 1932 1446 tem·

238 1482 426 1550 praefecturas
444 1482 530 1537 fuisse
548 1483 679 1548 leiSRm,
705 1499 777 1553 quae
800 1482 903 1535 fuerint
922 1481 1013 1534 dictae
1032 1488 1070 1531 ιθ·
1097 1502 1164 1554 pore
1183 1484 1250 1538 belli
1263 1492 1409 1553 prssfflunt'
1430 1483 1603 1553 quorundam
1616 1481 1796 1550 maglmtlls
1816 1487 1858 1532 est
1868 1494 1931 1547 pgr.

231 1569 379 1620 trarchr'ae
398 1568 856 1636 etearumpraefectitctrarchar,
876 1565 1071 1627 indefectam,
1094 1578 1203 1639 petuas,
1222 1570 1395 1640 quorundam
1415 1586 1481 1624 ιιιο
1500 1568 1713 1620 ambulatorius.

239 1661 271 1706 ut
291 1653 412 1718 generali
431 1654 551 1723 quadam
564 1653 751 1723 appellatione
766 1652 898 1722 praefecti
917 1651 1071 1721 provincia·
1135 1662 1191 1711 130,
1239 1655 1387 1718 Quaeritur
1405 1657 1457 1709 hoc
1482 1655 1551 1717 loco,
1579 1656 1748 1717 Praestare,
1778 1651 1979 1704 ambulate-¹¹
1946 1647 1979 1685 ⁸¹
1947 1699 2006 1744 mn

238 1748 300 1792 rum
329 1739 486 1793 dicerentur
508 1738 665 1792 tetrarchae
687 1739 793 1792 ratione
820 1736 1014 1807 appellationis
1038 1751 1071 1788 ex
1097 1744 1171 1794 riam
1199 1744 1243 1796 sal
1265 1749 1430 1811 perpetuam
1454 1758 1513 1793 essa
1540 1741 1723 1808 mapistrctas
1746 1709 1968 1839 ds'pru'tatcmiIin
1947 1756 2004 1839 ιιοιιδ
2008 1767 2010 1776 ι

240 1824 444 1894 quadripertita
460 1824 509 1877 illa
529 1823 661 1878 divisione
681 1824 814 1891 deducta,
844 1823 970 1892 quamvis
988 1820 1072 1874 etiam
1099 1827 1151 1891 Qui
1171 1827 1247 1896 prius
1266 1828 1392 1893 suadent
1410 1827 1486 1881 hrree
1497 1833 1613 1880 utuntur
1630 1823 1814 1895 argumentis:
1832 1828 1856 1878 1.
1876 1802 1976 1889 ΙιΙιιζ10
1948 1802 2004 1889 en:

239 1911 350 1979 proprie
375 1909 533 1963 tetrarchae
555 1925 655 1963 nomen
682 1909 727 1963 hic
752 1910 840 1977 accipi
867 1915 975 1976 posset,
1006 1905 1073 1975 quia
1099 1923 1165 1965 tura
1184 1929 1278 1966 omnes
1299 1911 1366 1966 fecit
1385 1928 1480 1981 pares,
1508 1929 1557 1980 per
1575 1911 1649 1964 vices
1667 1909 1754 1979 igitur
1771 1907 1985 1991 ιιιιιιιιιιι,Η
1948 1910 2000 1950 ⁹⁶²⁰

239 1993 365 2049 Herodes
384 1993 532 2064 Magnus
524 2012 554 2052 ιι
573 1999 737 2049 testamento
755 2002 843 2049 totum
861 2012 940 2048 suam
957 2010 1072 2065 regnum
1100 2015 1149 2067 per
1165 1999 1239 2052 vices
1253 1997 1453 2066 imperandum
1491 1996 1616 2050 insolens
1635 1995 1708 2049 enim
1727 2001 1754 2048 et
1772 1992 1933 2062 infrequens
1948 1965 1977 2093 ιιι
1979 1956 2002 2042 ιι
1989 2016 2010 2042 ιι

241 2079 286 2133 ιιι
299 2079 406 2147 ιιιιιιιι,
430 2087 461 2133 ut
480 2080 595 2133 dimidia
613 2081 673 2148 ejus
699 2097 777 2149 pars,
803 2081 936 2148 idumaea
961 2079 1268 2149 scilicet‚tforet,inter
1287 2099 1346 2150 eos,
1371 2083 1503 2152 quisunt
1523 2081 1669 2151 aequales,
1700 2077 1848 2133 nonnullos
1872 2057 1982 2130 reli-¹¹¹

241 2164 353 2219 iudaea
371 2172 399 2218 et
426 2165 557 2232 Samaria,
583 2165 735 2231 Archelao,
767 2166 890 2235 reliquae
918 2164 1075 2219 medietatis
1101 2170 1163 2239 quis
1186 2175 1294 2222 tanturn
1316 2168 1495 2228 antecellere,
1525 2173 1660 2236 quantum
1692 2166 1758 2219 deos
1783 2171 1812 2218 et
1836 2163 1933 2218 heroas

242 2265 302 2303 ιιι
319 2266 397 2319 pars,
417 2249 545 2304 Galilaea
562 2257 590 2304 et
608 2250 734 2318 Petraea,
754 2250 860 2304 Herodi
879 2250 1012 2319 Antipae,
1035 2250 1074 2302 al-
1101 2254 1258 2309 hominibus
1286 2259 1426 2323 praestare
1455 2253 1607 2312 credimus,
1639 2250 1803 2305 Aristoteles
1826 2250 1886 2304 libr.
1908 2256 1934 2305 2.

242 2343 302 2389 tera
319 2352 384 2390 vero
403 2353 482 2406 pars,
499 2336 675 2404 Trachonitis
694 2336 800 2391 scilicet
815 2342 843 2389 et
861 2336 985 2401 Ituraea,
1011 2335 1073 2388 Phi·
1102 2340 1179 2409 polit.
1204 2346 1228 2394 2.
1257 2338 1305 2392 lib.
1327 2345 1349 2393 1.
1374 2337 1452 2407 polit.
1480 2345 1518 2393 11.
1557 2346 1580 2394 2.
1600 2337 1772 2391 Vicissitudo
1790 2338 1936 2407 magistra-

244 2420 320 2490 lippo
336 2421 464 2476 cederet.
510 2422 583 2486 Quia
612 2421 697 2491 igitur
724 2420 856 2475 Archelai
879 2421 948 2475 ditio
968 2421 1076 2475 duabus
1102 2428 1148 2478 tus
1167 2425 1283 2496 gerendi
1299 2440 1333 2478 ac
1350 2423 1507 2492 deponendi
1526 2423 1651 2492 reprimit
1662 2421 1775 2492 ingenia
1794 2423 1936 2488 fauaosa,

244 2505 357 2576 reliquls
384 2506 556 2575 portionibus
580 2505 686 2560 Herodi
716 2514 744 2560 et
765 2506 896 2576 Philippo
927 2506 1076 2576 assignatis
1102 2528 1154 2565 nec
1173 2509 1304 2566 inebriari
1321 2509 1407 2562 nimia
1423 2509 1536 2562 lieentia
1553 2508 1632 2570 sinit,
1656 2523 1740 2578 quam
1760 2505 1936 2561 vehementer

242 2592 462 2660 aequipollebat,
487 2592 552 2645 inde
575 2591 746 2662 evangelista
762 2592 962 2646 tetrarcharum
981 2591 1072 2662 appel·
1103 2601 1187 2666 auget
1205 2595 1262 2649 fixa
1280 2601 1309 2648 et
1326 2601 1460 2664 perpetua
1479 2593 1554 2661 apud
1573 2608 1659 2646 unum
1678 2592 1857 2662 magistratus
1875 2592 1935 2662 dig·

244 2677 346 2730 latione
373 2678 489 2732 innuere
515 2679 616 2746 voluit,
645 2694 677 2731 ex
697 2683 816 2746 quatuor
836 2677 1009 2747 portionibus
1027 2694 1076 2732 seu
1102 2682 1183 2735 nitas.
1219 2687 1242 2735 3.
1260 2679 1364 2733 Eadem
1382 2678 1545 2733 vicissitudo
1559 2677 1609 2732 alit
1629 2678 1730 2731 civium
1745 2680 1935 2732 cameratam.

116 2774 229 2816 ιιιιιι.
243 2761 399 2816 tetrarchiis
434 2763 557 2832 singulas
592 2763 705 2816 cessisse
739 2762 846 2817 Herodi
880 2770 908 2817 et
936 2762 1076 2832 Philippo,
1104 2767 1132 2822 si
1151 2767 1263 2837 quando
1283 2764 1331 2818 uni
1348 2764 1435 2816 honor
1453 2769 1482 2816 et
1500 2763 1622 2832 dignitas
1640 2751 1722 2816 nimis
1743 2763 1791 2817 diu
1810 2763 1936 2817 continu·

242 2848 379 2902 Archelao
397 2864 462 2902 vero
480 2849 562 2926 duas,
591 2850 645 2918 qui'
660 2849 722 2903 ideo
740 2846 876 2924 ἐθνάρχης
900 2849 991 2903 dietus
1015 2849 1077 2916 fuit,
1102 2860 1196 2918 antur,
1228 2851 1251 2904 is
1269 2849 1428 2919 proceribus
1448 2849 1573 2903 redditur
1589 2850 1694 2902 invisus
1712 2862 1745 2903 ac
1764 2849 1872 2902 insidiis
1890 2847 1936 2901 vel

233 2933 420 2991 .Ghemnicius
453 2935 482 2988 in
515 2935 601 2987 barm.
634 2952 657 2988 e.
692 2941 732 2989 16.
759 2953 786 3004 p.
815 2939 874 2990 293.
901 2935 949 2989 ubi
969 2935 1076 2989 erudite
1101 2936 1338 2993 criminationibus
1357 2936 1512 3005 impetitur,
1540 2936 1612 2988 sicut
1629 2935 1764 2990 Camillus
1788 2951 1805 2987 a
1825 2934 1936 3003 Capito·

242 3017 293 3072 hos
306 3019 409 3086 gradus
428 3019 573 3088 potestatis
592 3025 620 3072 et
638 3019 746 3088 imperii
764 3021 793 3072 in
806 3019 918 3074 Judaea
936 3028 1072 3075 recenset:
1103 3023 1158 3077 lino
1188 3022 1262 3091 apud
1290 3021 1400 3074 Livium
1433 3020 1479 3075 lib.
1509 3028 1532 3074 o.
1557 3019 1654 3077 decad.
1677 3027 1698 3075 1.
1732 3019 1882 3075 Seditionis
1907 3021 1937 3072 in

238 3108 269 3159 ,1.
292 3107 448 3171 imperator
471 3107 629 3168 Reuersus,
658 3108 685 3161 2.
706 3121 770 3170 rsa,
795 3110 818 3162 3.
843 3105 993 3176 ἐθνάρχης,
1020 3123 1076 3176 qao
1102 3108 1245 3177 republica
1269 3123 1353 3161 causa
1377 3113 1418 3160 est
1443 3111 1625 3174 praemiorum
1649 3104 1848 3175 inaequalitas,
1876 3106 1936 3175 jam

242 3191 354 3245 nomine
372 3191 516 3261 Augustus
536 3198 565 3244 et
582 3190 763 3260 Archelaum,
793 3207 875 3263 quem
905 3192 1018 3247 nolebat
1035 3209 1076 3246 re·
1102 3210 1167 3249 vero
1187 3200 1229 3248 est
1247 3209 1262 3246 e
1280 3194 1369 3246 salute
1387 3191 1556 3261 reipublicae
1588 3207 1682 3245 omnes
1709 3191 1878 3245 seditionum
1902 3207 1936 3244 ac

244 3293 307 3347 gem
326 3294 424 3331 vocare
449 3284 476 3331 et
498 3281 591 3330 tamen
609 3276 749 3331 tetrarcha
767 3276 902 3346 majorem
920 3294 981 3332 esse
1000 3278 1073 3333 vole·
1103 3278 1302 3333 discordiarum
1321 3277 1442 3331 civilium
1462 3277 1546 3331 fibras
1563 3275 1689 3344 evellere,
1707 3276 1832 3330 Bodinus
1849 3275 1897 3329 lib.
1910 3283 1935 3330 1.

242 3361 305 3444 hat,
324 3362 489 3432 appellavit;
511 3371 535 3417 1,
553 3362 672 3434 ἡγιμών,
692 3379 819 3433 praeses,
836 3364 884 3433 qui
903 3364 1007 3419 ιιοιιιο
1026 3364 1075 3418 ιιι-
1103 3367 1137 3420 de
1150 3383 1206 3434 rep.
1217 3381 1275 3433 cap.
1290 3371 1312 3419 4.
1325 3382 1351 3417 n.
1366 3369 1424 3419 131.
1467 3371 1491 3418 1.
1515 3363 1548 3416 Id
1567 3363 1656 3432 ipsurn
1683 3362 1799 3432 requirit
1810 3363 1936 3429 justs'tia.

242 3449 378 3517 pmatoris
402 3449 513 3502 nomine
533 3448 703 3516 provinciam
727 3448 955 3513 administrabat3
986 3454 1012 3502 5.
1036 3458 1074 3504 te·
1102 3452 1171 3518 Quis
1189 3450 1261 3504 enim
1286 3449 1424 3519 supplicia
1448 3449 1590 3519 perpetuis
1616 3447 1825 3518 magistratibus
1848 3446 1935 3500 delin-

241 3535 374 3603 trarcho3
396 3537 422 3589 6.
440 3536 588 3602 toparcha,
604 3535 670 3603 quia
682 3540 741 3587 tota
753 3533 864 3587 Judaea
875 3533 964 3588 divisa
980 3534 1034 3590 fuit
1046 3536 1076 3589 in
1102 3537 1250 3610 quentibus
1274 3535 1427 3605 irrogabit?
1457 3541 1488 3588 ιι
1507 3535 1536 3588 ιι
1562 3534 1662 3587 annuis
1688 3541 1716 3589 et
1745 3532 1936 3587 ambulatoriis

247 3620 451 3688 lltoparcbias,
465 3620 662 3689 Josephuslib
676 3619 945 3675 tarbellicus
960 3621 1075 3677 aliha
1102 3625 1235 3678 rationem
1255 3622 1353 3675 reddet
1372 3623 1504 3689 privatus,
1522 3619 1570 3690 qui
1587 3620 1684 3673 consul
1701 3618 1801 3673 noluit.
1826 3623 1852 3674 5.
1876 3620 1934 3671 Res

115 3717 240 3759 arusie·
281 3711 336 3760 128.
375 3705 475 3760 Affinis
494 3713 536 3760 est
551 3705 617 3760 huic
631 3704 758 3759 divisioni
771 3705 948 3775 magistratus
968 3725 1001 3761 ex
1013 3725 1075 3806 gra·
1102 3708 1260 3773 famshiaris
1278 3706 1399 3759 deterius
1416 3705 1625 3760 administratur
1645 3705 1681 3759 ab
1705 3703 1777 3772 illis,
1804 3704 1853 3774 qui
1873 3721 1935 3772 per-

117 3770 213 3819 scripto·

16 3852 21 3860 ,
116 3822 186 3862 ribus.

113 5162 229 5256 Ξίᾱλοξᾶῦ·
281 5165 337 5257 litt
376 5160 416 5212 Ex
435 5160 497 5222 illis,
518 5176 590 5229 quae
604 5161 749 5231 magistrat
750 5161 777 5213 ιιι
798 5163 1065 5217 suntaccs'deutah'a

114 5266 181 5310 libus.

244 3790 326 3845 dibus
346 3798 373 3844 et
393 3790 552 3846 diversitate
571 3791 715 3860 potestatis
735 3791 840 3859 petitae
859 3807 911 3857 ea,
935 3809 992 3862 qua
1016 3794 1076 3863 qui·
1101 3801 1215 3864 petuam
1233 3799 1334 3859 gerunt
1352 3791 1559 3861 magistratum,
1576 3797 1609 3844 ut
1628 3789 1851 3859 Epaminondae,
1878 3789 1935 3859 Ly-

244 3875 307 3932 arm
326 3876 456 3929 dicuntur
474 3881 634 3948 νομοθέται,
653 3877 862 3944 ispa-rutatum,
881 3878 993 3946 quidam
1010 3895 1076 3935 vero
1101 3879 1204 3946 sundri,
1223 3877 1355 3930 Aristidis
1372 3882 1400 3932 et
1419 3875 1543 3931 Fabricii
1563 3875 1695 3946 exemplis
1715 3875 1816 3946 probat
1832 3875 1935 3930 Junius

244 3962 452 4034 νομοφύλακες,
472 3963 563 4031 ispum
592 3964 719 4016 arctoam
741 3969 770 4016 et
794 3970 983 4030 exsecutorem
1010 3965 1074 4020 item
1101 3974 1171 4036 part.
1195 3973 1216 4020 1.
1234 3982 1260 4034 q.
1277 3964 1354 4034 polit.
1375 3981 1402 4034 q.
1423 3963 1472 4017 ult
1499 3963 1553 4027 Qui
1570 3963 1707 4033 posterius
1721 3962 1848 4032 suadent,
1865 3961 1935 4016 haec

226 4044 316 4119 ¹quod
337 4047 450 4117 quidam
467 4053 627 4102 statuuntur
652 4056 810 4110 senatores,
838 4048 886 4116 qui
905 4049 939 4103 de
956 4050 1075 4118 publicis
1102 4052 1258 4122 proferunt:
1286 4056 1307 4105 1.
1333 4049 1503 4104 Vicissitudo
1527 4049 1575 4102 illa
1598 4050 1777 4119 magistratus
1803 4049 1934 4118 aptanda
1948 4057 2004 4096 xrrr.

243 4132 322 4203 regni
340 4133 459 4202 negotiis
477 4133 645 4200 deliberant,
670 4133 784 4203 quidam
796 4133 929 4201 judices,
949 4136 997 4204 qui
1020 4137 1075 4205 pri-
1101 4156 1160 4192 rem
1184 4155 1238 4191 non
1263 4135 1438 4190 mediocriter
1464 4134 1601 4189 obhrscat.
1647 4141 1670 4190 2.
1694 4134 1799 4188 Eadem
1826 4134 1933 4190 civibus

243 4225 369 4272 vatorum
387 4218 449 4272 lites
469 4219 623 4288 dijudicant
642 4234 674 4272 ao
695 4217 836 4284 dirimunt,
854 4218 929 4287 iique
948 4221 992 4274 vel
1009 4224 1074 4275 cr'os'-
1100 4223 1249 4293 plurimum
1274 4222 1392 4275 molesta
1418 4226 1474 4283 est,
1498 4237 1561 4273 cam
1583 4237 1668 4274 novos
1695 4220 1797 4274 culices
1815 4227 1844 4274 et
1860 4220 1933 4274 hiru-

243 4305 311 4357 h'um
323 4305 496 4370 repetierunt
506 4303 720 4371 sctcapitaliam
733 4303 881 4357 cuminam
891 4304 1001 4373 judices
1012 4314 1077 4361 sunt
1102 4308 1180 4362 dines
1196 4307 1314 4362 subinde
1333 4306 1400 4376 ipsis
1419 4305 1557 4359 immittat.
1588 4304 1717 4371 'liberius
1737 4305 1857 4367 dicebat,
1877 4325 1933 4360 uon

242 4389 391 4444 constituti.
426 4389 460 4442 ln
477 4406 564 4459 regno
589 4388 700 4442 Persico
724 4394 831 4458 septem
856 4397 992 4460 satrapae
1018 4393 1075 4446 sire
1099 4395 1189 4459 facilc
1215 4410 1265 4447 acc
1295 4394 1424 4447 ceantur
1455 4392 1653 4460 praefecturas
1685 4406 1744 4443 csse
1776 4393 1933 4459 mamarius

242 4476 388 4546 principes,
408 4475 482 4544 apud
501 4474 652 4543 Spartanos
670 4475 777 4545 ephori,
797 4477 873 4545 apud
890 4475 1075 4533 Athenienses
1086 4487 1089 4547 1
1100 4496 1160 4534 csse
1177 4479 1251 4532 euim
1266 4481 1429 4547 praefectos
1444 4478 1582 4545 pauculae
1594 4477 1722 4545 lucrique
1739 4477 1934 4544 utplurimum

243 4562 400 4628 demarchi,
424 4560 500 4629 apud
523 4559 661 4615 Romanos
678 4561 784 4614 tribuni
797 4562 891 4628 plebis
914 4571 993 4619 mant
1011 4582 1074 4618 con·
1101 4567 1219 4634 cupidos
1238 4572 1263 4619 et
1279 4582 1438 4617 muscamra
1456 4564 1570 4626 amites,
1590 4579 1662 4631 quac
1680 4563 1854 4631 quartiatica
1875 4580 1934 4616 cor·

242 4646 345 4711 stituti,
372 4646 419 4715 qui
438 4661 544 4698 summo
562 4645 736 4715 magistratui
756 4654 835 4700 erant
852 4647 953 4717 additi,
980 4656 1012 4703 ut
1029 4666 1073 4704 ex·
1096 4652 1216 4722 perthas
1236 4651 1378 4704 insideant
1404 4650 1496 4702 miuus
1518 4666 1618 4715 praeca
1645 4657 1670 4702 ct
1698 4650 1830 4702 molestae
1857 4651 1933 4716 aaa,

242 4731 403 4785 uberantem
437 4732 497 4800 ejus
529 4730 680 4800 potentiam
710 4731 784 4784 intra
821 4732 922 4787 limites
953 4737 1073 4790 contine·
1100 4739 1203 4807 quippe
1233 4753 1304 4804 qaae
1327 4736 1392 4803 jam
1418 4743 1482 4787 urat
1507 4735 1639 4803 repletae,
1675 4733 1848 4803 Nicephorius
1870 4734 1888 4789 l.
1912 4740 1932 4788 1.

241 4823 320 4884 rent,
346 4816 382 4869 ad
407 4832 523 4886 quorum
547 4816 728 4870 imitationem
753 4820 943 4887 septemviri
936 4838 964 4873 ιι
989 4821 1075 4890 impe·
1100 4841 1123 4877 c
1152 4830 1188 4877 ll.
1212 4828 1235 4875 3.
1261 4822 1294 4874 In
1314 4820 1504 4874 ambulatoriis
1533 4828 1562 4873 et
1597 4819 1697 4872 annuis
1725 4819 1935 4890 magistratibus

242 4902 283 4955 rio
311 4856 436 4955 hemana
468 4903 571 4956 caesari
599 4910 663 4956 sunt
685 4903 796 4969 additi,
826 4903 934 4974 absque
959 4902 1088 4976 quoruml
1100 4909 1176 4978 prius
1195 4908 1294 4976 aliquis
1313 4906 1408 4960 officio
1426 4906 1504 4960 abire
1523 4906 1646 4975 cogitur,
1666 4922 1750 4977 quam
1770 4906 1840 4975 ejus,
1859 4905 1933 5003 quod

240 4989 356 5041 consilio
379 4995 408 5041 et
432 4987 597 5058 suffragio
591 5006 619 5041 ιι
648 4989 822 5058 gravioribus
847 4991 966 5060 negotiis
990 4960 1211 5058 totiusidicisit,
1236 4993 1373 5062 specimen
1392 4990 1521 5045 exhibere
1539 4998 1638 5061 potest
1675 4998 1699 5048 1.
1719 4991 1759 5047 Ut
1779 4991 1878 5046 crebra
1895 4993 1933 5044 si-

243 5072 348 5142 tmpetii
369 5074 483 5128 salutem
505 5075 733 5128 e0nceme¹1tibus
753 5075 901 5144 imperator
919 5076 989 5129 nihil
1006 5078 1073 5148 agit.
1086 5049 1158 5134 1οιιιι
1176 5079 1292 5131 mutatio
1309 5078 1337 5130 in
1357 5078 1517 5148 corporibus
1538 5076 1678 5131 hominum
1697 5093 1715 5130 a
1738 5077 1869 5144 medicis,
1894 5076 1933 5130 sic

1068 5124 1310 5234 ,ymagistratuum
1332 5165 1472 5217 rnutaho'
1465 5182 1493 5217 m
1523 5161 1727 5232 rebuspublicis
1754 5162 1933 5232 improbetur.

242 5262 334 5300 variae
354 5246 478 5315 eJusdem
497 5245 645 5298 divisiones
657 5253 757 5315 petunt
759 5264 798 5303 ur.
827 5253 849 5300 1.
869 5247 988 5301 Ratione
1008 5267 1075 5316 qaa-
1101 5258 1124 5305 5
1143 5250 1241 5306 Nullus
1260 5256 1302 5303 est
1323 5251 1499 5320 magistratus
1525 5266 1625 5316 novus,
1649 5249 1716 5319 quin
1742 5249 1849 5319 aliquid
1869 5250 1936 5302 riori

240 5331 331 5384 litatis
349 5331 461 5400 quidam
482 5339 546 5384 sunt
564 5331 669 5394 adela,
688 5330 861 5387 Christianae
880 5332 1007 5402 religioni
1025 5335 1073 5389 ad·
1103 5341 1232 5406 apportet
1258 5343 1286 5390 ιι
1308 5336 1353 5390 cui
1377 5352 1432 5390 non
1456 5335 1602 5404 displiceat
1615 5335 1732 5405 aliquid
1758 5352 1792 5390 ex
1811 5335 1934 5389 moribus
