4006 6022
655 189 707 243 nn
725 187 948 246 urursnnmo
966 187 1271 247 sccrnsrssnsco.
1568 181 1569 184 ‘
1746 203 1807 260 sos

10 350 33 392 u
47 348 95 392 m.
103 343 178 411 pria
206 343 302 397 colons
327 343 495 398 medicinati
524 343 681 398 inimititate
708 361 820 397 sursum
841 341 946 412 efferri,
974 342 1009 396 ad
1035 343 1207 400 Fridericum
1237 346 1432 417 imperatorem
1462 348 1571 418 scripsit
1597 346 1672 402 hisce
1700 347 1808 405 verbist

108 446 164 481 non
184 428 310 483 humana
328 430 462 499 superbia
478 447 578 484 rurum
597 430 627 483 in
648 430 791 497 infernum
812 429 946 497 demerpi,
973 429 1122 484 Adrianus
1141 431 1289 502 episcopus
1306 441 1402 488 teram
1416 451 1559 488 seruorum
1581 433 1641 487 Dei
1656 436 1809 488 Friderico

107 521 132 566 et
151 521 183 566 ut
198 515 356 570 Obmstiani
372 516 558 586 imperatores
569 533 628 584 pro
647 524 762 569 acarna
779 515 838 568 uita
855 514 946 581 ponti·
973 516 1139 586 imperatori
1165 520 1282 573 saltitem
1314 528 1340 573 et
1369 521 1554 589 apostolicam
1583 522 1807 575 benedictionem.

105 600 382 671 ficibusindiperent,
395 603 576 674 etpontistces
583 619 639 670 pro
652 618 737 655 cursu
748 601 946 669 temporalium
974 604 1031 656 Lea
1049 603 1146 657 diuina
1169 605 1242 659 sicut
1264 615 1398 676 parentes
1416 609 1620 661 honorantibus
1638 608 1809 676 lonpaerita-

105 689 299 743 tantummdo
324 704 419 741 rerum
445 687 640 757 imperialibus
662 688 769 756 lapibus
794 695 945 751 uterentur,
972 695 1025 740 teus
1049 690 1204 759 promittit,
1230 693 1272 744 itu
1300 693 1532 747 maledicentibus
1565 694 1647 761 putri
1672 702 1697 746 et
1724 695 1810 748 matri

106 780 248 840 menna
263 772 425 840 spiritualis
444 774 520 826 actio
545 791 564 826 a
583 774 747 827 carnatibus
766 773 885 826 (instaret
904 773 945 824 in·
972 776 1135 828 sententiam
1154 777 1251 830 mortes
1265 778 1393 833 intendit.
1435 780 1567 832 Veritats's
1584 796 1649 833 uoce
1669 782 1809 848 docemur,

107 859 244 925 cursibus,
264 866 289 911 et
303 859 506 913 Deornilitans
525 859 638 912 minime
657 876 686 913 se
703 859 821 926 repotiis
838 859 945 911 secula-
972 860 1040 926 quia
1058 862 1162 924 omncs,
1187 862 1237 930 qui
1257 864 1376 930 modat,
1403 865 1600 919 humiliabitur
1606 887 1618 930 ,·
1636 874 1810 937 quaprapter

105 942 186 996 ribam
203 942 363 1012 implicaret
386 962 421 997 ac
439 945 567 998 'sicusim
585 962 641 998 nors
665 945 716 999 ille
743 945 824 998 rebus
843 943 946 996 diuinis
973 945 1074 999 dilecte
1091 948 1120 999 in
1140 949 1264 1001 Domino
1283 950 1328 1012 fist
1356 967 1441 1019 super
1457 953 1639 1019 prudentiam
1659 960 1735 1004 tuam
1753 970 1809 1004 non

102 1028 273 1097 prouidus
289 1030 443 1093 eidaetw,
468 1031 518 1098 qui
538 1038 608 1082 esset
636 1030 811 1083 aserdaribus
829 1028 947 1096 nepotiis
972 1032 1150 1085 mediocriter
1177 1033 1369 1103 admiramur,
1414 1038 1491 1102 quod
1525 1037 1609 1090 Petro
1643 1045 1668 1090 et
1696 1044 1810 1090 sanem

106 1114 280 1182 implicabis.
321 1113 399 1170 Haec
427 1115 548 1185 epistole
561 1114 671 1172 Nicolai
696 1115 783 1169 relata
807 1119 849 1169 est
874 1115 947 1168 inter
972 1118 1118 1173 Romanae
1131 1119 1265 1172 canusiae
1286 1139 1341 1175 non
1354 1128 1487 1190 quantam
1500 1123 1614 1175 <uberes
1627 1124 1809 1176 reverentiam

106 1201 223 1256 decmta
239 1217 264 1256 e.
300 1199 369 1255 Cum
388 1201 425 1256 ad
443 1218 538 1256 verum
557 1201 619 1257 dist.
639 1208 679 1258 96.
711 1201 822 1271 Excipit
840 1200 1099 1299 Belias-,abibae
1118 1205 1240 1274 sisteris,
1265 1206 1295 1258 in
1314 1207 1403 1260 literis
1422 1206 1496 1260 enim
1520 1209 1562 1260 od
1579 1226 1631 1260 nos
1650 1209 1744 1260 missis
1761 1225 1809 1262 no·

106 1287 212 1350 miuus,
238 1287 391 1340 Nicolaum
417 1288 468 1341 isac
496 1288 586 1341 sattim
605 1288 725 1341 uoluisse
755 1289 861 1355 dicere,
889 1305 945 1339 non
958 1308 960 1355 ς
973 1306 1034 1343 rnen
1054 1298 1130 1343 tuum
1149 1298 1245 1346 nostro
1260 1293 1435 1362 praeponis,
1455 1295 1484 1346 in
1504 1310 1558 1362 quo
1577 1294 1756 1361 insolentiae,
1775 1311 1810 1346 ne

107 1372 264 1441 conuenire,
288 1380 320 1426 ut
339 1374 401 1426 dem
422 1374 462 1426 sit
475 1375 609 1442 pontifca
627 1376 712 1427 totius
729 1375 805 1427 orbis
823 1383 848 1427 et
862 1374 946 1427 simul
957 1358 960 1427 l
973 1376 1067 1429 dicam
1086 1379 1272 1444 arropantiao
1289 1386 1384 1432 notam
1405 1380 1535 1435 iacturis.
1568 1379 1721 1448 Rescripsit
1742 1396 1807 1434 vero

106 1460 265 1527 imperator
284 1460 370 1512 totius
389 1460 472 1529 orbis,
491 1477 548 1513 non
560 1463 637 1529 quod
647 1461 699 1513 boc
716 1469 851 1530 repupnet
864 1477 946 1513 enan
972 1461 1122 1532 imperator
1136 1461 1165 1516 in
1180 1463 1252 1517 hanc
1264 1466 1441 1520 sententiam:
1460 1464 1628 1520 blidericus
1637 1465 1697 1518 Dei
1712 1465 1809 1532 pratia

105 1545 183 1612 pelio
202 1554 228 1598 et
245 1545 325 1599 nuso
341 1547 426 1598 modo
440 1547 534 1613 possit
545 1546 627 1612 fieri,
653 1549 704 1599 sad
728 1547 795 1615 qnia
820 1547 946 1601 Christus
974 1549 1117 1601 Romanus
1152 1549 1305 1618 imperator
1348 1567 1456 1620 semper
1494 1552 1639 1618 Aupustus
1676 1551 1809 1603 Adriano

106 1633 150 1684 ad
173 1633 393 1686 consauandam
422 1632 606 1686 bumilitatem
636 1633 755 1686 voluerit
784 1632 946 1700 Pontificem
972 1635 1119 1687 Romanae
1142 1634 1275 1689 melodas
1294 1637 1424 1705 pontifici
1449 1638 1628 1705 omnibusque
1653 1636 1809 1690 adbamere

107 1718 240 1786 indipera
259 1718 443 1786 imperatoris
463 1719 627 1780 defensione
652 1720 681 1771 in
700 1719 902 1788 temporalibus
922 1727 947 1772 ct
971 1720 1125 1773 volentibus
1149 1720 1200 1787 iis,
1229 1737 1300 1788 qssae
1319 1723 1392 1790 cepit
1416 1723 1502 1775 Jesus
1524 1723 1622 1784 facere
1649 1730 1675 1775 et
1699 1724 1808 1786 docere,

106 1804 194 1858 simul
211 1806 408 1872 imperatorem
434 1804 562 1874 indipere
584 1805 726 1874 pontificis
746 1806 899 1861 directione
917 1805 947 1857 in
971 1806 1090 1858 salutem
1105 1806 1182 1862 dicit.
1208 1807 1404 1874 [tusjustitiae
1418 1808 1568 1876 scnicuipue
1580 1810 1657 1876 quod
1669 1825 1748 1860 susim
1760 1815 1808 1871 est,

106 1890 323 1961 spiritualibus,
348 1892 426 1958 quod
440 1898 532 1944 autem
552 1890 680 1944 Christus
697 1891 830 1958 srolsscrr't,
845 1899 947 1959 patere
971 1893 1104 1955 restituit,
1131 1910 1187 1945 non
1212 1893 1284 1946 enirn
1302 1894 1471 1960 parentibus
1501 1894 1607 1947 nostris
1632 1895 1808 1962 deropamua

106 1995 142 2031 es
153 1995 194 2040 eo,
212 1978 291 2045 quod
301 1974 418 2045 reliquit
430 1977 578 2045 imperia-ns
593 1977 706 2031 Tiberio
720 1984 746 2030 et
758 1978 844 2030 Petro
856 1978 946 2031 sotrum
973 1979 1072 2046 paribus
1090 1978 1119 2030 in
1139 1977 1190 2030 loc
1207 1995 1294 2046 repno
1308 1986 1404 2031 nostro
1423 1979 1544 2031 debiturn
1558 1980 1712 2032 eatsibemus
1724 1981 1809 2032 tono*

106 2064 229 2116 eontsstit
254 2061 459 2128 Pontificatum.
494 2063 719 2133 Respondemus:
742 2062 868 2117 Christus
894 2079 945 2118 nec
972 2080 1044 2130 rem,
1069 2082 1087 2116 a
1111 2064 1210 2132 quibus
1236 2072 1261 2118 et
1285 2065 1369 2133 rcpni
1394 2066 1559 2132 dipnitatem
1579 2068 1758 2134 smcepimus,
1782 2072 1807 2117 rt

105 2149 195 2204 totius
214 2148 290 2205 orbis
316 2149 478 2219 imperium,
505 2166 556 2205 nec
576 2157 683 2220 partem
700 2150 824 2220 aliquam
840 2148 946 2219 politici
972 2167 1113 2205 omonarn.
1149 2151 1296 2219 Numquid
1319 2160 1442 2220 ternpore
1469 2153 1650 2207 Constantini
1667 2153 1809 2220 Sptoestsr

107 2237 268 2291 dominatus
278 2235 360 2289 Petro
376 2234 497 2306 reliquit,
516 2236 564 2290 sed
579 2236 765 2306 apostolatum
785 2241 814 2290 et
827 2234 944 2289 docmdi
972 2236 1078 2305 repniis
1102 2236 1216 2304 ats'quid
1241 2237 1372 2289 babuisse
1390 2238 1581 2305 clipnoscitur,
1601 2240 1653 2290 sed
1670 2239 1731 2306 ejus
1747 2237 1808 2308 pie·

958 1088 960 1097 n

107 2321 306 2390 ministerium
340 2321 362 2374 si
389 2338 455 2392 ergo
485 2322 610 2392 pontifex
637 2321 740 2380 Christi
771 2321 888 2376 vicarius
918 2328 946 2375 et
972 2322 1040 2374 tntis
1061 2322 1235 2376 concentione
1262 2322 1379 2375 libertas
1410 2324 1479 2376 data
1511 2331 1550 2377 cst
1576 2325 1724 2391 ecclesiae,
1748 2340 1810 2391 pas

107 2408 188 2463 Petri
205 2423 347 2462 successor
366 2407 463 2462 andire
484 2408 574 2478 cupit,
597 2425 648 2464 nec
667 2408 751 2463 totins
769 2408 843 2463 orbis
861 2409 946 2478 impe·
972 2410 1101 2462 restituta
1120 2416 1145 2461 et
1170 2409 1307 2477 quicquid
1323 2408 1431 2476 repetis
1452 2416 1579 2478 papatus
1600 2418 1690 2463 uester
1707 2408 1810 2462 babere

106 2494 191 2562 rium,
209 2509 262 2548 nec
273 2493 479 2564 principatuum
494 2494 666 2565 quorundam
681 2493 945 2549 administrationem
973 2495 1155 2563 dipnoscitur,
1174 2493 1325 2562 tarpiticnc
1333 2494 1496 2564 principum
1510 2498 1640 2562 donatur,
1659 2496 1734 2547 unde
1746 2512 1811 2547 cuns
1821 2495 1881 2537 ¹¹1¹·
1895 2493 1940 2536 ¹³¹·

107 2580 254 2650 politicam
270 2578 323 2633 sibi
341 2596 472 2650 arrogare
492 2579 590 2647 debet,
608 2597 642 2634 ec
660 2581 747 2649 ratio,
766 2596 849 2651 quam
864 2580 947 2635 affert
973 2583 1102 2634 Romano
1117 2581 1250 2650 pontifici
1268 2581 1423 2649 scribimus,
1435 2583 1503 2649 jure
1521 2598 1554 2634 es
1574 2582 1690 2650 antiquo
1709 2598 1809 2634 namen

108 2665 243 2721 Nienlsus
263 2663 402 2734 pontifex,
416 2665 490 2736 quod
509 2665 616 2721 scilicet
636 2669 699 2720 Deo
717 2667 843 2719 militans
863 2684 946 2736 nepo·
973 2676 1097 2721 nostrum
1111 2668 1316 2738 praeponimus
1335 2675 1360 2721 et
1384 2669 1425 2721 ad
1436 2668 1569 2736 justitiae
1589 2685 1716 2721 normam
1733 2668 1808 2719 idem

108 2753 159 2806 tiis
170 2751 344 2805 acutioribus
355 2768 385 2805 se
397 2753 489 2821 ipsum
502 2753 650 2821 implicare
660 2753 824 2820 neutiquam
838 2753 945 2818 debeat,
972 2754 1052 2805 nobas
1067 2753 1202 2806 scribenti
1217 2754 1410 2821 concedimus,
1429 2755 1561 2808 revolvite
1580 2754 1714 2815 annales,
1738 2760 1764 2804 et
1783 2753 1810 2805 si

107 2837 248 2910 generalis
268 2843 326 2907 est,
344 2842 401 2892 tam
419 2838 449 2892 in
468 2837 680 2908 provinciarum,
700 2855 783 2909 quam
803 2838 877 2892 orbis
895 2839 945 2892 im·
958 2796 961 2865 l
973 2840 1071 2892 lectrum
1090 2840 1266 2908 neplecistis,
1289 2842 1365 2908 pund
1388 2840 1555 2907 asserimus,
1578 2839 1639 2891 illic
1662 2839 1810 2916 ipiscssitur.

107 2925 187 2996 perio
204 2923 297 2977 locum
316 2922 452 2979 obtinens.
471 2924 534 2978 dist
554 2929 596 2980 88.
616 2924 714 2978 titulus
732 2924 777 2978 hic
800 2931 855 2980 est:
875 2927 945 2995 Epi·
973 2924 1042 2979 Cum
1060 2923 1221 2978 Bonifatius
1233 2923 1314 2980 Vlll.
1324 2924 1352 2978 in
1365 2924 1523 2994 Philippum
1539 2924 1687 2978 Pulchrum
1702 2922 1811 2977 Galbae

106 3011 193 3080 scopi
210 3019 236 3063 ct
255 3010 439 3064 erclmiastici
460 3012 602 3064 secularia
625 3011 737 3079 nepotia
761 3031 817 3065 non
841 3021 945 3067 curent.
972 3027 1065 3082 regem
1091 3015 1258 3080 potestatem
1284 3026 1317 3064 ac
1346 3010 1566 3081 superioritatem
1589 3010 1641 3065 sibi
1660 3014 1812 3080 arrogaret,

106 3095 234 3173 ”Apud
248 3095 434 3165 Nicephorum
453 3102 544 3151 exstat
563 3098 700 3152 sententia
714 3097 824 3168 Synesii
844 3099 945 3153 veteris
972 3097 1056 3150 hasce
1078 3095 1114 3150 ab
1138 3112 1171 3151 eo
1190 3097 1299 3167 accepit
1326 3096 1437 3151 literas:
1462 3097 1615 3165 Philippus
1636 3097 1695 3149 Dei
1713 3095 1809 3165 pratia

107 3181 251 3253 theologi:
274 3180 322 3242 τὰς
345 3179 485 3243 πολιτικὰς
508 3182 606 3255 iperi<
629 3182 758 3258 irpoairp
785 3182 1149 3249 cristemarranconsm
1177 3200 1228 3235 res
1250 3184 1407 3251 Bonisacio
1434 3200 1464 3236 se
1495 3185 1603 3250 persisti
1623 3200 1680 3254 pro
1703 3199 1809 3235 summ

107 3267 286 3340 aspxlsibur
303 3267 360 3321 ἔστι
376 3265 409 3321 ri
428 3266 662 3338 ἀσύγκλωσια.1111
699 3270 815 3325 Marsilii
833 3270 945 3324 Patavi·
958 3254 1102 3339 'pontifice
1123 3270 1242 3323 satutem
1261 3270 1319 3323 sice
1337 3270 1486 3336 masticans,
1506 3270 1563 3321 siue
1576 3269 1692 3322 nullam.
1730 3269 1809 3322 Sciat

106 3356 147 3419 ni,
165 3354 286 3410 auctoris
304 3351 454 3420 ἀνωνύμου
475 3353 510 3407 de
530 3371 613 3409 onere
638 3355 779 3423 ecclesiae,
799 3355 943 3424 Giintheri,
973 3364 1021 3408 tua
1041 3355 1163 3408 inanima
1175 3355 1312 3423 fatuitas,
1328 3356 1358 3407 sis
1372 3354 1572 3424 temporalibus
1589 3372 1640 3407 nos
1652 3355 1740 3407 alicui
1753 3372 1808 3407 non

105 3441 208 3499 Jacob.
228 3439 356 3512 Spigelii,
380 3439 457 3495 Petri
476 3440 510 3495 de
529 3440 641 3507 Vincis,
661 3440 804 3496 Wilhclmi
824 3440 945 3511 Occami,
971 3444 1094 3508 subesse,
1125 3442 1306 3494 sectaturum
1330 3449 1355 3494 ct
1377 3440 1604 3509 praebendarum
1628 3440 1809 3492 collationem

104 3529 187 3584 Petri
213 3526 410 3596 ferrariensis,
437 3526 559 3581 Alberici
592 3544 609 3581 a
639 3526 740 3580 Rosate
774 3534 802 3582 et
829 3528 945 3584 Antonii
972 3532 1012 3582 ad
1040 3546 1091 3581 nos
1108 3529 1177 3596 jure
1203 3528 1282 3595 rapio
1306 3528 1456 3595 pertinere.
1494 3526 1630 3581 Referunt
1654 3525 1740 3580 verba
1765 3542 1807 3580 re·

105 3612 215 3669 Boselli
234 3611 393 3668 testimonia
411 3612 577 3666 adduximus
595 3612 722 3682 superius
740 3610 769 3685 ξ.
790 3619 847 3669 197.
971 3615 1067 3685 scripti
1078 3614 1116 3669 M.
1129 3600 1201 3671 dhan
1221 3615 1257 3669 de
1270 3614 1365 3668 Serres
1383 3631 1418 3667 en
1436 3612 1554 3667 seconde
1572 3611 1661 3681 partie
1681 3611 1809 3682 generale

10 3722 41 3762 ιι
55 3733 89 3762 η-
145 3704 206 3756 302.
255 3705 278 3754 9.
308 3696 352 3752 Ex
381 3697 522 3768 rescriptis
557 3698 753 3769 imperatorum
783 3707 811 3753 ct
840 3701 1005 3793 regum.,de
1022 3700 1154 3756 l’histoire
1179 3700 1213 3754 de
1231 3700 1336 3755 Frsnce
1355 3699 1384 3753 in
1403 3699 1461 3754 rita
1480 3697 1553 3754 Phil.
1573 3698 1633 3768 IV,
1652 3696 1809 3767 Stephanus

10 3774 75 3853 Ψ,
104 3786 232 3856 ”Papa
248 3800 356 3839 mmma
375 3783 485 3855 imperii
497 3784 564 3854 jura
583 3800 639 3838 non
659 3785 748 3839 solum
767 3784 819 3839 sibi
838 3785 944 3854 tribuit,
956 3798 959 3849 l
971 3787 1082 3843 Aufror.
1102 3787 1130 3839 in
1148 3786 1258 3856 repetit.
1271 3785 1403 3840 clement.
1421 3791 1442 3840 1,
1465 3784 1500 3839 de
1518 3783 1590 3841 offic.
1610 3784 1698 3837 ordin.
1716 3802 1742 3837 n.
1758 3790 1808 3852 57,

10 3836 65 3917 r:
104 3872 158 3928 sed
181 3870 266 3927 etiam
290 3875 434 3940 praeterea
457 3877 622 3940 perpetuum
647 3870 756 3940 imperii
781 3854 1095 3927 vicariatumlBodinns
1114 3872 1162 3928 lib.
1187 3879 1207 3927 1.
1227 3872 1262 3927 de
1280 3871 1386 3941 republ.
1408 3889 1430 3926 c.
1451 3877 1475 3928 9.
1489 3888 1554 3924 num
1578 3875 1633 3925 139.
1671 3870 1809 3924 Henricus

105 3957 208 4024 ambit,
226 3963 259 4012 nt
275 3955 421 4012 ambitiose
446 3955 651 4026 praetenditis
670 3974 693 4012 o.
729 3957 758 4012 si
775 3957 891 4013 fratrum
910 3928 1121 4028 nelimperstor
1151 3958 1186 4013 de
1219 3956 1413 4013 Hildebrando
1443 3955 1575 4027 pontifice
1609 3956 1735 4011 Romano
1771 3955 1808 4009 ad

104 4047 166 4101 sed.
185 4060 244 4100 rac
263 4042 292 4097 in
309 4048 414 4098 extrav.
433 4041 519 4098 Clcm.
540 4048 562 4098 1.
579 4043 615 4097 de
632 4044 749 4114 jurejur.
785 4043 872 4101 Clem.
892 4045 945 4099 Pa·
971 4043 1114 4114 episcopos
1135 4044 1163 4097 in
1185 4042 1254 4099 haec
1274 4041 1359 4098 verba
1377 4042 1503 4113 scripsit:
1531 4044 1607 4096 Unus
1625 4060 1686 4095 cum
1703 4049 1807 4094 utram·

105 4129 220 4188 storalis
240 4129 276 4185 de
293 4135 361 4184 sent
380 4135 409 4184 et
420 4145 450 4183 re
460 4127 549 4198 judic.
562 4130 641 4199 cujus
654 4128 813 4184 ambitionis
825 4130 944 4199 primum
972 4146 1024 4198 que
1043 4130 1165 4198 repimen
1177 4128 1330 4200 tnoliticum
1349 4135 1378 4182 et
1395 4128 1626 4193 ecclesiasticum)
1639 4129 1697 4182 sibi
1711 4128 1807 4181 vendi·

105 4224 250 4273 aucwrem
268 4214 438 4270 Clementem
458 4213 494 4271 V.
513 4220 639 4268 statuunt
658 4213 782 4285 Onuphr.
802 4217 944 4270 Panvinus
971 4216 1059 4285 caud,
1079 4224 1225 4285 utriumque
1244 4216 1404 4284 dissipas-it,
1423 4232 1473 4267 rsec
1493 4216 1522 4267 in
1542 4232 1597 4268 uno
1614 4215 1742 4284 profuit,
1760 4215 1809 4283 qui

104 4306 143 4359 de
160 4303 254 4360 comit
272 4303 368 4373 imper.
392 4306 421 4356 et
437 4301 473 4355 ad
491 4301 608 4356 eundem
628 4302 655 4355 in
679 4309 734 4356 not.
759 4302 834 4357 Frid.
853 4274 1002 4358 Horu-ltu
1028 4310 1127 4356 neutro
1149 4304 1287 4371 prodesse
1316 4301 1405 4354 noluit
1429 4317 1480 4353 nec
1501 4301 1603 4370 potuit.
1640 4300 1736 4355 Abbus
1754 4299 1807 4356 Ur·

104 4390 233 4459 lederna,
260 4387 309 4444 sed
328 4387 486 4443 Ludoricus
507 4389 632 4442 Bararus
659 4395 732 4443 recte
750 4387 832 4444 dixit:
853 4390 945 4444 Nulla
972 4389 1129 4460 spargensis
1152 4389 1182 4442 in
1199 4389 1292 4442 chron.
1311 4388 1425 4442 Placius
1441 4388 1470 4441 in
1489 4387 1570 4442 catal,
1590 4394 1651 4441 test.
1673 4386 1805 4441 veritatis.

103 4479 267 4546 emptura,
284 4474 462 4544 nullaratio,
476 4476 528 4528 sed
543 4475 606 4528 sola
621 4476 767 4543 umnpatio
780 4476 944 4546 introdusit,
971 4473 1130 4528 Ludosicus
1154 4474 1303 4544 imperator
1327 4474 1355 4526 in
1379 4473 1472 4529 edicto
1497 4473 1610 4543 publico
1638 4478 1735 4527 contra
1759 4471 1808 4526 Jo-

103 4573 137 4616 at
143 4561 280 4632 pontisas
288 4559 534 4629 uacantisimperii
545 4560 817 4615 administrationem
825 4544 1091 4628 babad,lhannem
1112 4557 1213 4611 XXII:
1241 4558 1368 4612 Monimo
1395 4560 1507 4613 diomsa
1531 4567 1593 4612 assit
1614 4559 1763 4621 cmmr'fiaus
1781 4565 1808 4610 st

103 4648 248 4719 Parsleip.
266 4647 304 4702 ad
317 4645 392 4702 Abb.
406 4645 541 4717 Ursperg.
559 4647 588 4700 in
602 4646 709 4702 Ludov.
722 4646 831 4702 Basaro
842 4666 869 4718 p.
884 4633 1078 4704 bttlsumma
1097 4652 1240 4714 potestas,
1264 4645 1345 4698 mites
1371 4654 1398 4699 et
1423 4648 1572 4708 sacerdos,
1603 4646 1758 4713 imperator
1782 4651 1807 4696 et

104 4734 180 4790 Vide
199 4731 388 4788 Buxtorifium
412 4732 448 4786 ad
466 4729 533 4788 Aur.
551 4731 619 4786 bull.
638 4732 848 4804 sigismundum
868 4733 943 4790 Sold.
968 4740 1080 4801 pastor,
1103 4748 1220 4798 rcpnum
1245 4738 1272 4784 et
1285 4732 1459 4800 patitui-sna,
1485 4731 1649 4799 corporalia
1674 4739 1699 4783 et
1722 4731 1807 4800 spiri·

103 4823 141 4875 im
152 4818 250 4876 consil.
269 4818 307 4874 ad
328 4818 537 4874 Perdinandum
562 4818 687 4889 imperat.
709 4819 886 4889 Ludolphum
909 4820 944 4875 de
971 4819 1077 4881 teatio,
1103 4835 1186 4870 arma
1213 4826 1238 4870 et
1256 4835 1355 4885 sacr-a,
1385 4818 1487 4871 bedssm
1510 4824 1536 4870 et
1553 4834 1629 4885 pas,
1655 4834 1755 4870 camur
1779 4822 1808 4869 et

103 4905 277 4976 &beuberg
290 4905 327 4960 de
344 4904 410 4975 imp.
421 4904 500 4960 Rom.
519 4905 573 4959 imo
587 4905 680 4960 omnia
693 4921 765 4977 quae
784 4907 811 4960 in
825 4907 944 4976 gratiam
970 4905 1096 4972 nundus,
1119 4905 1255 4973 princeps
1279 4912 1305 4957 et
1330 4903 1468 4970 rnirsister,
1499 4903 1630 4955 daminrss
1652 4910 1677 4954 et
1700 4919 1805 4970 seruus,

103 4991 251 5049 Ponh'fscis
263 4996 362 5046 contra
372 4990 530 5046 libertatem
548 4990 655 5060 imperii
673 4991 831 5047 introducta
844 4999 944 5061 putan·
972 4989 1109 5045 referente
1128 4989 1269 5044 Aventino
1287 4988 1334 5045 lib.
1355 4994 1378 5045 2.
1397 4988 1487 5042 annal.
1507 4988 1600 5057 Bojor.
1638 4989 1669 5042 ln
1690 4988 1805 5043 eandem

101 5088 160 5151 tm,
179 5095 232 5134 nec
244 5076 422 5147 divinojnre,
441 5092 492 5132 nee
504 5077 561 5131 nlla
572 5077 873 5148 petramordinationa
894 5078 943 5132 sed
970 5076 1027 5131 iere
1046 5077 1210 5132 sententiam
1229 5075 1325 5130 scribit
1346 5073 1461 5129 Carolus
1477 5073 1580 5129 Calvus
1601 5074 1629 5128 in
1649 5075 1727 5144 epist.
1740 5090 1807 5143 spo·

102 5165 211 5220 blanda
227 5163 404 5236 quorundam
416 5162 605 5218 assentatione
623 5168 651 5217 et
664 5162 851 5218 Romanorum
863 5182 944 5235 spon·
971 5162 1104 5233 logistica,
1139 5179 1221 5233 quam
1250 5168 1347 5214 eontra
1375 5160 1531 5214 Adrianum
1553 5159 1588 5216 11.
1618 5156 1645 5233 ξ.
1672 5157 1752 5223 Quod
1778 5165 1807 5213 et

102 5259 187 5308 tanea
202 5249 362 5324 ingestione
379 5249 416 5304 ad
434 5249 577 5319 pontifices
591 5249 667 5314 talia,
687 5249 782 5320 qualia
799 5257 871 5317 sunt,
884 5268 945 5321 per·
972 5266 1021 5302 nos
1041 5255 1086 5303 etc
1111 5249 1186 5319 apud
1198 5246 1449 5301 Heimensfeldium
1469 5253 1534 5300 tom.
1551 5252 1572 5300 l.
1585 5245 1694 5300 constit.
1710 5245 1805 5314 imper.

102 5337 213 5393 senuas
230 5343 298 5409 post
311 5336 484 5392 hadaricum
504 5335 644 5390 Bavarum
665 5334 777 5404 plurimi
797 5334 946 5390 Christiani
972 5334 1119 5405 Philippus
1143 5332 1283 5389 Vallesius
1310 5332 1419 5386 Galliae
1446 5348 1493 5387 rex
1518 5349 1568 5386 sno
1597 5338 1720 5400 tempore
1743 5346 1806 5383 con·

103 5431 284 5495 nperatores
328 5422 545 5478 sanciverunt.**
563 5421 722 5509 Hadrianus
744 5420 794 5477 Vl.
821 5422 945 5491 pontifex
973 5422 1071 5488 stituit,
1090 5429 1122 5475 ut
1139 5437 1158 5474 a
1176 5419 1347 5490 parlamento
1371 5425 1504 5491 tanquam
1523 5436 1540 5471 a
1557 5418 1671 5488 politica
1687 5415 1805 5470 admini-
