4020 6014
674 291 726 346 DE
743 287 996 346 marsuam]
1014 286 1203 347 POLITIOO.
1727 292 1787 349 tta

10 442 88 535 ,1ὶῇῑὶ
105 449 237 512 cuniaria,
256 448 390 518 relegatio
406 448 443 502 ad
459 464 561 502 annum
579 464 664 501 unum
680 446 725 500 vel
744 446 870 511 alterum,
890 442 934 497 vel
962 443 1149 498 ceremonialia
1169 458 1232 497 curn
1249 442 1361 514 templo,
1379 447 1472 496 umen
1484 440 1596 512 quando
1616 438 1687 494 ratio
1706 452 1789 509 gene-

10 547 82 587 ruu-
104 535 186 588 etiam
206 535 297 589 adhuc
316 534 414 589 mitior.
453 534 537 604 Apud
566 533 721 601 Gortynam
749 530 935 601 deprehensus
960 529 1025 584 ralis
1042 530 1214 601 assignatur,
1243 536 1275 584 ut
1293 528 1359 582 Lev.
1378 535 1416 584 26.
1446 526 1529 583 Deut
1551 533 1590 582 22.
1617 525 1728 594 vigente
1746 539 1789 577 ra·

10 610 67 691 iffi}
82 625 86 632 '
104 621 212 675 adulter
231 621 266 675 ad
290 621 467 692 magistratus
481 613 698 690 producebatur3
717 619 739 671 si
756 618 854 671 fuisset
871 633 934 670 con·
960 614 1034 669 hone
1052 616 1146 686 vigere
1165 615 1254 686 legem
1273 615 1361 683 ipsam
1380 629 1493 668 noemae
1513 620 1562 669 est.
1601 611 1670 667 Vult
1696 615 1789 664 autem

104 708 211 775 victus,
230 709 298 760 lona
316 707 517 770 coronabatur,
534 722 589 777 qua
606 722 636 760 re
653 705 693 758 illi
713 703 819 758 mollior
838 717 934 771 oppro
960 701 1124 756 adulterium
1134 701 1405 773 morteplectendum
1414 716 1482 767 esse,
1495 699 1561 771 quia
1573 698 1656 753 fidem
1664 696 1789 767 fregit*⁸

104 793 348 848 brabaturnatura
362 792 612 863 effeminatiorqne,
630 790 741 845 Caelius
762 786 934 858 Rhodiginus
960 790 987 843 2.
1020 789 1150 843 Moribus
1180 789 1302 841 omnium
1331 789 1392 848 fere
1422 787 1552 855 pontium.
1577 789 1672 865 ,Ante
1699 784 1790 854 legem

103 878 151 932 lib.
179 885 217 933 11.
245 879 353 933 lection.
381 896 403 931 c.
430 883 471 933 ta.
495 878 620 930 Romani
644 877 784 930 adulteras
808 873 933 932 feminas.
961 874 1110 928 Mosaicam
1128 889 1218 945 poena
1232 873 1360 927 niutau
1379 872 1433 926 init
1452 873 1535 941 ipnr's,
1555 878 1587 925 ut
1604 870 1789 941 colligiturex
1803 870 1915 916 ¹1V·¹⁸l·

104 965 229 1035 quamvis
259 965 353 1035 aliqua
387 963 577 1030 damnatione,
613 963 695 1015 nulla
723 967 815 1015 minen
848 967 935 1013 morte
961 958 1030 1015 Gen.
1064 966 1110 1023 36,
1138 978 1163 1014 v.
1192 967 1232 1015 24.
1280 957 1477 1013 Abimelechus
1507 974 1570 1012 cum
1602 960 1789 1027 cognosceret,

103 1049 269 1120 plectebant
318 1050 491 1121 Augustinus
514 1048 561 1104 lib.
588 1054 610 1102 6.
629 1047 664 1101 de
681 1048 733 1102 civ.
750 1046 804 1100 Dei
823 1062 846 1099 c.
865 1051 889 1099 5.
906 1044 934 1097 in
961 1045 1115 1100 Rebeccam
1134 1063 1193 1100 esse
1210 1045 1299 1100 isaaci
1317 1061 1438 1106 uxorem,
1456 1043 1555 1113 capitis
1574 1058 1691 1112 poenam
1702 1040 1789 1094 mina·

104 1152 185 1207 quem
216 1138 307 1191 locum
334 1140 449 1191 annotat
471 1134 543 1188 Lud.
573 1134 669 1198 Vives,
695 1140 759 1186 ante
786 1131 933 1185 Gaesarem
961 1137 1006 1184 tus
1031 1138 1073 1186 est
1093 1132 1133 1195 ei,
1161 1132 1208 1202 qui
1235 1148 1296 1185 eam
1319 1130 1470 1200 attigisset,
1496 1127 1596 1183 Genea.
1619 1133 1666 1191 26,
1697 1145 1723 1178 v.
1751 1132 1790 1182 11.

103 1223 258 1289 Aupustnm
275 1223 347 1276 nihil
365 1222 470 1289 lepidus
492 1223 522 1274 in
540 1221 685 1273 adulteros
703 1219 794 1281 fuisse
813 1225 934 1271 cautum.
962 1217 1059 1270 Julius
1079 1219 1186 1272 Caesar
1209 1216 1327 1271 liberum
1349 1215 1403 1272 sibi
1426 1215 1612 1286 gratisaimum
1630 1212 1666 1267 ob
1684 1213 1790 1268 adulte·

105 1308 283 1379 Sempronius
302 1309 382 1362 Musa
399 1307 430 1362 (l.
445 1306 566 1361 Gallium
585 1307 750 1375 deprensum
761 1304 790 1358 in
802 1304 935 1358 adulterio
962 1311 1050 1356 ratam
1069 1303 1169 1373 equitis
1187 1302 1302 1357 Romani
1320 1318 1443 1363 uxorem,
1466 1300 1590 1371 quamvis
1615 1299 1692 1354 nullo
1711 1316 1791 1354 aecn-

103 1395 230 1462 depellis
252 1396 371 1462 cecidit,
392 1393 501 1448 Meuius
521 1391 668 1447 Octavium
692 1390 816 1444 similiter
838 1390 936 1459 depre·
962 1396 1057 1457 sante,
1079 1389 1199 1457 capitali
1217 1389 1357 1458 supplicio
1377 1387 1485 1455 affecit,
1514 1385 1659 1457 Augustus
1676 1387 1704 1440 in
1725 1385 1791 1440 Pro·

108 1481 223 1534 hensum
243 1481 336 1533 newis
356 1479 495 1547 contudit3
522 1477 612 1532 Carbo
629 1477 758 1532 Attienus
779 1493 797 1530 a
812 1475 938 1542 Bibieno,
962 1475 1053 1528 culum
1071 1475 1200 1530 libertum
1218 1474 1388 1528 carissimum
1406 1473 1443 1528 ob
1460 1473 1533 1527 idem
1547 1471 1656 1526 facinus
1675 1473 1791 1528 eandem

103 1567 168 1619 item
193 1566 327 1619 Pontinus
353 1583 371 1619 a
393 1565 491 1620 Cemio
524 1564 687 1635 deprehensi
715 1562 834 1617 castrati
855 1569 935 1626 aranu
962 1577 1080 1630 poenam
1097 1560 1206 1627 statuit,
1234 1559 1380 1615 Suetonius
1398 1559 1427 1613 in
1444 1559 1502 1613 vita
1516 1559 1666 1629 utriusque.
1698 1558 1791 1614 Julius

104 1651 233 1706 Valerius
250 1652 324 1705 Mar.
344 1653 392 1705 lib.
411 1659 435 1707 6.
452 1668 562 1706 memor.
581 1668 606 1704 c.
628 1657 649 1705 1.
669 1648 805 1704 Zaleucus
818 1647 936 1702 Locren·
962 1647 1135 1717 Capitulinus
1153 1654 1301 1714 memorat,
1320 1645 1482 1700 Macrinum
1502 1646 1693 1714 imperatorem
1713 1645 1791 1699 adul·

105 1738 174 1792 sium
195 1739 338 1808 legislator
353 1738 473 1793 moechis
492 1739 588 1792 caelos
600 1738 688 1806 effodi
694 1735 787 1805 jussit,
804 1734 936 1789 Aelianus
962 1732 1024 1786 terii
1042 1749 1102 1787 reos
1121 1733 1197 1785 vivos
1220 1732 1301 1786 simul
1320 1732 1474 1786 incendisse
1498 1730 1658 1800 corporibus
1674 1730 1791 1785 invicem

104 1824 150 1878 lib.
175 1830 213 1879 13.
237 1825 300 1878 1ιίιι.
325 1825 435 1880 Caelius
463 1824 489 1878 d.
517 1824 534 1878 l.
566 1823 651 1892 Apud
684 1824 791 1875 Tur-eas
809 1818 936 1874 adulterii
959 1819 1079 1891 junctis3
1105 1818 1271 1872 Aurelianus
1301 1817 1463 1887 imperatur,
1495 1817 1632 1871 referente
1662 1816 1791 1886 vopisco,

106 1911 247 1964 convictus
265 1920 371 1964 denium
390 1912 489 1964 ietihrss
503 1909 674 1980 flagellatur3
693 1907 768 1978 apud
780 1905 935 1976 Aegyptios
963 1904 1094 1969 militem,
1112 1904 1159 1973 qui
1176 1903 1343 1958 adulterium
1362 1920 1425 1957 cum
1443 1902 1558 1972 hospitis
1577 1920 1661 1957 uxore
1680 1902 1789 1957 commi·

105 1997 133 2049 in
145 1997 280 2050 adulterio
293 1997 478 2066 deprehensus
493 1996 661 2050 caedebatur
675 1995 710 2048 ad
729 1994 806 2047 mdle
823 1993 935 2061 plapas.
962 1996 1044 2051 serat,
1062 1989 1115 2045 hac
1125 1989 1231 2044 mtione
1243 1989 1360 2058 punivit,
1379 1995 1410 2043 ut
1421 1989 1538 2042 duarum
1552 1989 1680 2043 arborum
1698 1989 1792 2058 capita

108 2082 205 2136 mulier
225 2083 353 2137 adultera
379 2100 448 2135 naso
469 2083 665 2147 mutdahatnr,
690 2079 829 2134 Diodorus
852 2077 936 2133 Sicul.
963 2074 1123 2138 inflecteret,
1141 2092 1209 2146 quas
1227 2075 1262 2129 ad
1276 2074 1360 2144 pedes
1378 2074 1472 2128 militis
1490 2074 1625 2144 deligatas
1644 2074 1735 2128 subito
1749 2075 1791 2130 di·

106 2169 153 2225 lib.
179 2175 201 2223 2.
225 2166 350 2222 biblioth.
383 2184 406 2221 c.
442 2174 464 2222 2.
509 2167 728 2221 ”Bellen-minus
757 2165 792 2218 de
819 2163 935 2219 matrim.
963 2161 1033 2215 mitti
1047 2162 1138 2231 jussit,
1158 2160 1390 2215 utdiscissusille
1406 2161 1534 2231 utrinque
1548 2161 1690 2230 penderet.
1721 2162 1791 2216 Cors-

107 2272 129 2307 c.
153 2260 197 2309 lh:
220 2256 279 2306 Lea
295 2254 456 2321 aucupativa
474 2270 528 2306 nan
541 2253 621 2321 jubat
639 2253 782 2305 adulteras
803 2250 936 2315 occidere,
962 2248 1100 2300 stantinus
1127 2250 1253 2317 Mapnus
1277 2246 1367 2317 legem
1394 2246 1471 2307 tulit,
1495 2246 1643 2302 violatores
1668 2248 1791 2319 conjugii

107 2342 162 2393 imo
179 2342 246 2393 Joh.
267 2345 290 2394 6,
323 2341 463 2393 Dominus
479 2340 641 2393 adulteram
657 2338 784 2390 liberarit
803 2355 822 2389 a
840 2343 936 2388 mate.
961 2332 1054 2403 gladio
1091 2332 1243 2404 puniendos
1276 2350 1342 2387 esse.
1383 2332 1518 2403 Tempore
1544 2331 1721 2402 Hieronymi,
1743 2334 1791 2403 qui

112 2429 169 2480 Nee
182 2428 332 2495 ipnorahat
345 2424 479 2489 Christus,
493 2427 523 2478 in
535 2426 652 2479 scalena
665 2443 717 2478 ana
733 2424 830 2476 uarias
846 2422 936 2483 faiam
963 2418 1144 2474 Constantino
1162 2420 1314 2489 imperante
1338 2424 1419 2473 natus
1438 2427 1494 2488 est,
1518 2419 1684 2474 adulterium
1703 2424 1791 2475 morte

106 2517 220 2577 futuras
240 2515 314 2584 tepea
328 2515 511 2586 principum,
543 2515 642 2584 quiduis
669 2513 810 2565 interdum
829 2509 935 2563 oecide-
962 2503 1053 2573 puniri
1071 2505 1194 2568 solitum,
1212 2511 1319 2560 comtat
1343 2504 1482 2575 exipsius
1505 2504 1586 2575 epist.
1604 2504 1640 2559 ad
1658 2505 1790 2562 Innocen-

107 2610 211 2668 rentur,
225 2602 366 2654 interdum
384 2619 440 2652 non
459 2602 652 2654 occiderentur
669 2598 803 2653 adulteri.
837 2595 935 2651 Scotus
961 2590 1030 2645 tium
1043 2597 1086 2647 49.
1100 2592 1135 2647 de
1149 2592 1264 2647 muliere
1273 2591 1374 2661 septies
1394 2591 1457 2645 icta.
1493 2591 1668 2660 “Ulpianus
1686 2593 1703 2647 l.
1716 2592 1791 2663 quod

106 2694 130 2742 t.
150 2687 213 2742 dist.
243 2693 281 2741 16.
305 2705 332 2758 q.
358 2693 382 2742 3.
430 2686 558 2758 Vasquez
585 2686 647 2742 libr.
667 2692 689 2741 1.
710 2689 830 2739 controv.
849 2683 934 2737 illust.
961 2675 1001 2730 ait
1019 2678 1064 2732 lex
1092 2677 1127 2733 de
1153 2678 1238 2734 adult
1258 2676 1344 2733 refert
1363 2677 1499 2732 Draconis
1519 2683 1548 2731 et
1566 2677 1673 2748 Solonis
1693 2681 1792 2751 legem,

106 2791 130 2827 c.
148 2780 173 2829 6.
198 2791 226 2827 n.
244 2779 290 2827 49:
317 2775 472 2843 Praecepto
496 2773 624 2841 pancrati
645 2774 681 2826 de
708 2790 765 2826 non
783 2770 934 2825 condendo
961 2765 1037 2832 quod
1068 2765 1152 2820 liceat
1178 2766 1338 2819 adulterum
1363 2759 1457 2835 ἄρθρα
1483 2765 1513 2818 ἐν
1539 2762 1654 2834 ἄρθροις
1682 2765 1792 2834 ἔχοντα,
1868 2794 1876 2808 ·

107 2877 184 2914 nemo
210 2860 355 2912 detrahere
369 2867 478 2927 potest,
503 2860 561 2911 nisi
576 2860 626 2928 qui
638 2867 818 2930 praeceptum
837 2857 936 2910 edidit.
960 2859 992 2907 ut
1010 2852 1131 2908 restituit
1152 2852 1291 2914 Budaeus,
1308 2867 1366 2917 seu,
1384 2856 1416 2903 ut
1434 2850 1595 2905 Holoander
1611 2857 1640 2905 et
1655 2851 1791 2919 Alcimus,

110 2948 149 2999 At
169 2946 215 2998 hic
231 2946 316 2998 uetuit
341 2947 488 2998 adulteras
511 2946 603 3013 eapite
621 2945 755 3013 plecti.**
792 2943 825 2996 In
844 2941 937 2996 Gallia
962 2940 993 2993 iu
1012 2940 1084 3008 ἔργῳ
1104 2940 1303 3007 deprehensum
1319 2938 1455 2991 occidere.
1487 2937 1640 2991 Pausanias
1656 2938 1792 2994 inBocot.

107 3040 135 3087 et
174 3030 255 3085 Italia
290 3031 408 3084 adulteri
443 3031 612 3101 pecuniaria
642 3047 736 3099 poena
770 3030 936 3100 plectuntur.
963 3028 1042 3094 apud
1061 3025 1244 3079 Athenienses
1256 3023 1428 3077 adulterium
1441 3022 1538 3079 scribit
1551 3024 1641 3085 fauisse
1659 3025 1791 3091 capitata

106 3119 203 3173 Clarus
216 3117 263 3171 lib.
273 3124 296 3172 5.
306 3123 422 3172 sentent.
433 3118 460 3171 in
476 3114 504 3191 ξ.
519 3116 683 3171 adulterium
693 3134 720 3172 n.
739 3122 762 3169 t.
774 3114 897 3186 quinimo
909 3115 936 3167 in
962 3110 1097 3181 Polybius
1119 3110 1168 3166 lib.
1196 3115 1218 3164 2.
1245 3110 1353 3178 absque
1376 3108 1461 3163 dubio
1486 3127 1518 3164 ex
1543 3107 1711 3164 Graecorum
1730 3110 1792 3179 lege

111 3203 205 3259 Gallia
229 3219 262 3257 ex
292 3203 490 3258 consuetudine
515 3202 634 3258 adulteri
657 3220 711 3257 non
734 3202 887 3273 puniuntur
909 3208 937 3255 et
962 3198 1084 3269 loquitur
1111 3197 1250 3267 inquiens:
1281 3197 1316 3251 si
1343 3197 1472 3249 moechus
1501 3197 1703 3263 interficiatur,
1733 3205 1792 3250 esta

107 3289 151 3342 vel
178 3290 213 3342 de
235 3290 296 3359 ipso
318 3288 433 3342 crimine
455 3289 620 3360 gloriantur,
651 3287 691 3341 illi
717 3305 796 3355 vero,
820 3304 936 3358 quorum
963 3283 1120 3357 impunest*
1155 3283 1278 3336 Parthos
1296 3281 1374 3336 nulla
1399 3281 1501 3337 delicta
1523 3299 1606 3353 quam
1624 3281 1791 3336 adulterium

109 3393 209 3430 uxores
226 3374 369 3429 adulterae
387 3381 465 3437 sunt,
489 3374 692 3428 accusationem
710 3390 862 3445 proponere
881 3391 937 3428 non
962 3370 1073 3442 gravim
1094 3369 1255 3424 vendicasse
1273 3375 1369 3423 auctor
1387 3373 1429 3422 est
1441 3367 1568 3422 hunnus
1586 3368 1605 3424 l.
1619 3372 1660 3423 41.
1683 3368 1793 3436 Hippo·

112 3463 224 3526 sudent,
240 3479 276 3516 ne
295 3461 502 3531 inperpetuum
521 3460 663 3515 infamiam
682 3461 831 3527 incurrant,
850 3468 882 3516 ut
898 3467 936 3514 te
963 3474 1054 3510 menes
1072 3457 1247 3510 Athenarum
1276 3456 1412 3525 princeps,
1430 3470 1493 3508 cum
1507 3453 1592 3507 filiam
1609 3454 1639 3508 in
1656 3452 1792 3510 adulterm

108 3554 197 3601 statur
214 3547 240 3603 d,
260 3547 389 3601 lClarus
409 3563 442 3601 ex
456 3546 537 3600 Fabr.
551 3547 579 3599 in
597 3546 616 3602 l.
636 3553 659 3602 2.
673 3545 703 3601 C.
723 3563 794 3617 quae
812 3547 847 3601 sit
864 3546 937 3617 long.
963 3542 1200 3613 deprehendisset,
1228 3558 1288 3595 eam
1313 3556 1465 3611 numaque
1482 3540 1589 3609 junxit,
1618 3539 1666 3610 qui
1683 3541 1793 3595 clausus

109 3638 231 3688 consuet.
262 3633 434 3687 ititAlciatus
453 3633 481 3686 in
499 3632 517 3689 l.
538 3632 659 3686 Probum
681 3639 722 3688 42.
741 3633 777 3688 de
788 3633 822 3688 V.
835 3633 862 3688 S.
882 3649 937 3686 non
964 3647 1027 3685 cum
1046 3629 1183 3684 alimentis
1202 3632 1321 3693 careret,
1347 3627 1444 3681 danim
1469 3627 1497 3679 iu
1523 3626 1641 3695 puellam
1669 3626 1793 3697 ingessit,

109 3720 247 3775 immerito
265 3719 403 3791 queritur,
428 3722 506 3787 quod
529 3720 612 3773 hodie
634 3720 664 3771 in
689 3719 846 3772 ciuitatibus
865 3719 938 3772 male
965 3716 1121 3772 adulterum
1150 3730 1215 3769 vero
1245 3730 1294 3783 per
1320 3712 1460 3783 regionem
1488 3710 1611 3766 Atticam
1639 3711 1725 3768 fuisse
1755 3711 1792 3766 ab

108 3807 241 3859 institutis
282 3807 377 3873 major
418 3807 495 3860 ratio
530 3805 667 3874 pecuniae
708 3823 792 3873 auam
832 3823 938 3858 morum
965 3802 1172 3873 equisuactum
1186 3815 1218 3853 ac
1231 3799 1407 3868 discerptum,
1418 3803 1537 3853 testatur
1549 3797 1656 3854 Suidea.
1682 3800 1793 3852 Arabes

109 3895 260 3956 habeatur,
283 3895 418 3960 furesque
443 3893 544 3962 laqueo
567 3892 792 3961 stronpulentur,
814 3892 941 3945 adulteri
965 3888 1111 3958 capitalem
1125 3902 1242 3957 poenam
1254 3884 1283 3938 in
1297 3883 1435 3939 adulteros
1449 3889 1570 3938 statuere
1581 3883 1654 3938 soliti
1671 3883 1792 3952 fuerunt,

110 3980 234 4048 pecunia
252 3980 431 4042 msdctentur,
454 3996 516 4030 anm
534 3978 705 4031 adulterium
723 3985 858 4046 tanquam
872 3996 939 4047 pro·
965 3973 1102 4029 Eusebius
1120 3970 1182 4026 libr.
1201 3978 1225 4027 6.
1246 3987 1373 4042 praepar.
1392 3986 1489 4042 evang.
1509 3987 1533 4024 c.
1554 3975 1578 4025 6.
1597 3968 1696 4024 Strabo
1715 3970 1733 4023 l.
1754 3976 1792 4027 16.

112 4069 190 4118 mum
216 4066 359 4127 naturale,
387 4074 418 4118 ut
440 4066 469 4117 in
494 4066 520 4120 d.
547 4065 567 4117 l.
588 4064 677 4116 tradit
701 4064 853 4132 Ulpianus,
874 4080 939 4131 pra·
970 4060 1107 4116 Germani
1126 4068 1230 4114 annes
1253 4063 1324 4114 teste
1342 4058 1424 4114 Com.
1459 4057 1558 4113 Tacito
1580 4056 1657 4113 fuere
1674 4056 1793 4113 acerbis-

109 4154 170 4204 uins
187 4151 330 4203 vendicari
347 4152 447 4203 debeat
463 4152 551 4218 frerto,
570 4152 647 4218 quod
655 4150 803 4203 accersitas
815 4152 939 4217 meando·
966 4147 1028 4202 simi
1058 4146 1141 4216 hujus
1168 4141 1290 4199 criminis
1324 4145 1455 4200 vindices.
1500 4145 1584 4214 Apud
1612 4145 1794 4199 Athenienses

111 4254 162 4306 qne
186 4245 211 4288 et
229 4238 349 4289 omnium
375 4255 467 4290 raum
496 4253 528 4289 ea
543 4237 607 4303 jure
621 4237 768 4304 primaeuo
785 4236 940 4289 communio
966 4222 1122 4288 adulterum
1135 4231 1175 4286 ἐπ’
1196 4228 1344 4304 αὐτοφόρῳ
1358 4231 1559 4302 deprehensum
1567 4230 1669 4285 licebat
1680 4230 1794 4300 impune

112 4330 271 4375 nauatam
289 4324 394 4377 reddit.
425 4322 499 4378 Vide
513 4322 679 4377 Arnisaeum
691 4321 727 4378 de
739 4322 803 4391 jure
821 4320 939 4376 connub.
966 4320 1100 4388 occidere,
1117 4324 1149 4373 ut
1166 4326 1284 4374 testatur
1307 4318 1395 4372 oratio
1421 4318 1523 4388 Lysiae
1548 4317 1583 4371 de
1604 4315 1795 4370 Eratosthenis

109 4427 131 4462 c.
146 4416 170 4464 5.
190 4413 256 4462 sect.
275 4413 298 4463 6.
317 4427 343 4477 p.
362 4410 457 4464 serf*
491 4408 546 4465 Sed
562 4408 606 4463 lex
625 4407 771 4474 carolina,
802 4407 840 4462 bie
860 4408 939 4475 iltis·
966 4395 1085 4461 adulteri
1104 4422 1181 4463 nece.
1215 4405 1314 4460 Gothis
1328 4404 1493 4459 adulterium
1510 4401 1565 4456 fuit
1581 4402 1708 4472 capitale,
1726 4401 1793 4456 Pro·

111 4496 168 4562 lide
196 4495 509 4564 bolagaridptscrbuunp,
537 4501 587 4548 art.
622 4501 676 4549 126.
698 4495 746 4564 jus
768 4494 940 4559 Saxonicum,
966 4493 1061 4563 eopius
1080 4492 1152 4547 libro
1173 4498 1195 4547 1.
1214 4493 1250 4544 de
1273 4490 1337 4545 bell.
1355 4488 1465 4545 Gothic.
1502 4487 1626 4560 Legibus
1648 4487 1794 4544 duodecim

109 4589 194 4636 conat.
206 4581 283 4636 elect
296 4580 415 4651 August.
430 4588 499 4650 part.
514 4588 536 4635 4.
551 4598 572 4633 c.
591 4587 630 4636 19.
644 4582 692 4650 jus
707 4580 875 4650 provinciale
887 4581 939 4635 Pa·
966 4580 1123 4634 tabularum
1146 4577 1275 4633 moechus
1300 4575 1524 4630 interficiebatur.
1567 4574 1600 4627 In
1622 4575 1733 4627 Tenedo
1752 4575 1794 4630 in·

109 4668 239 4721 latinatus
257 4673 285 4721 et
301 4667 419 4720 Haasiae
444 4666 541 4721 ultinm
564 4666 701 4737 supplicio
720 4667 859 4722 adulteros
879 4668 939 4722 affi-
966 4666 1028 4720 sula
1046 4665 1109 4736 lege
1126 4669 1187 4718 erat
1202 4668 1352 4728 statutum,
1373 4668 1406 4715 ut
1425 4660 1542 4715 adulteri
1561 4676 1621 4714 mas
1643 4669 1672 4715 et
1690 4662 1794 4717 femina

110 4754 221 4808 ciendos
238 4759 379 4814 statuum,
404 4769 475 4823 quae
502 4753 662 4808 constitutio
692 4760 712 4807 t.
736 4753 864 4825 congruit
882 4755 942 4823 lapi
966 4752 1056 4822 capite
1087 4751 1284 4821 plecterentur,
1314 4746 1472 4802 Alexander
1492 4745 1529 4800 ab
1550 4745 1699 4801 Alexandr.
1731 4748 1792 4803 libr.

110 4840 223 4893 diuinae
242 4839 330 4894 Levit.
352 4844 398 4905 20,
423 4857 448 4891 v.
472 4844 509 4893 10.
532 4836 614 4893 Deut.
636 4844 683 4901 22,
708 4856 733 4892 v.
751 4843 797 4893 22:
818 4839 853 4892 Si
868 4858 939 4895 moe·
966 4837 1108 4908 Agesilai
1128 4836 1193 4891 dier.
1211 4851 1235 4889 c.
1265 4841 1287 4889 1.
1324 4832 1422 4899 Aaivel,
1445 4847 1498 4886 ceu
1515 4831 1675 4888 Heraclides
1693 4834 1722 4887 in
1746 4851 1794 4905 po-

109 4926 208 4979 alimus
226 4927 289 4993 quis
301 4926 396 4991 fuerit
413 4943 475 4977 eum
492 4941 578 4977 unone
597 4925 714 4978 alterius
731 4933 756 4977 et
768 4926 939 4979 aenum
966 4924 1008 4979 lit.
1023 4924 1122 4992 refert,
1146 4927 1179 4977 nt
1202 4937 1316 4991 corpora
1334 4936 1428 4973 eorum
1454 4919 1543 4974 securi
1563 4920 1795 4977 dividerentur*

106 5012 310 5083 perpetrauerit
321 5030 382 5063 aim
394 5012 512 5079 conjupa
520 5011 647 5079 preximi
655 5012 707 5072 aui,
721 5019 808 5064 marm
816 5012 939 5065 morian·
968 5016 991 5066 3.
1013 5009 1123 5064 Delicti
1139 5009 1223 5078 hujus
1240 5005 1381 5076 mandati.
1409 5003 1491 5059 Prov.
1510 5010 1536 5072 6,
1554 5024 1579 5059 v.
1600 5013 1650 5061 30:
1672 5008 1736 5060 Non
1756 5015 1795 5060 est

110 5107 155 5150 tur
173 5106 198 5150 et
225 5097 353 5150 moechus
372 5104 397 5150 et
416 5097 558 5152 adultera.
597 5095 681 5152 Deut.
706 5102 753 5164 22,
779 5115 804 5150 v.
832 5103 879 5153 23:
907 5083 954 5164 ai!
967 5095 1086 5166 prandia
1106 5096 1200 5163 napo,
1218 5110 1279 5146 eum
1297 5093 1359 5160 quis
1377 5091 1494 5154 furatus
1511 5092 1607 5160 fuerit,
1626 5100 1658 5145 ut
1674 5095 1794 5148 esurien-

108 5185 234 5253 puellam
253 5183 388 5248 sirpinem
405 5183 586 5251 desponderit
605 5185 657 5252 eir,
681 5191 706 5236 et
723 5184 859 5236 inuenerit
879 5200 939 5236 eam
965 5190 1021 5235 tem
1037 5181 1154 5250 impleat
1178 5179 1318 5242 animam;
1341 5195 1367 5228 v.
1386 5181 1427 5231 32.
1454 5178 1503 5246 qui
1530 5179 1672 5233 mutter-ib
1699 5186 1795 5232 conta·

109 5272 213 5341 aliquis
222 5274 252 5323 in
261 5269 370 5322 ciuitate
378 5275 405 5321 et
414 5269 590 5322 concubuerit
604 5286 667 5322 mim
679 5286 729 5337 ea,·
747 5287 773 5324 r.
787 5276 827 5324 24.
840 5272 940 5324 educes
966 5267 1054 5321 minat
1072 5282 1193 5328 nuaram,
1212 5266 1312 5327 saturis
1330 5271 1372 5316 est
1389 5264 1457 5316 etin
1470 5264 1659 5331 perditionem
1676 5265 1796 5319 adducit

109 5366 254 5427 ritrrsmpue
273 5365 352 5409 satra
365 5363 481 5424 portam
493 5355 613 5408 ciuitatis
625 5356 714 5421 illius,
732 5363 757 5407 et
776 5357 939 5412 moriuntur.
965 5355 1051 5407 ιιιίαιιι
1061 5366 1189 5420 acrama.
1214 5349 1326 5413 Quidin
1346 5349 1473 5405 omuibus
1485 5355 1537 5406 etc.
1549 5355 1590 5404 32.
1608 5367 1634 5420 q.
1647 5356 1671 5405 i.
1689 5367 1723 5404 er
1736 5349 1797 5406 Cle-

109 5444 254 5513 Conjunge
278 5439 378 5496 Erech.
411 5444 453 5504 16,
478 5427 504 5494 'v.
533 5446 575 5495 66.
619 5440 788 5504 ”Quamvis
813 5457 878 5496 vero
896 5441 940 5496 lex
967 5444 1073 5494 mente:
1094 5438 1171 5500 Quid
1181 5438 1212 5490 in
1223 5437 1347 5490 omnibus
1360 5437 1485 5504 peccatis
1503 5436 1643 5488 adultam
1659 5438 1796 5503 praeires!

109 5529 224 5583 famosis
242 5527 411 5583 Judeeorum
430 5525 610 5596 exspiraverit
625 5543 688 5581 eum
699 5524 850 5596 republica,
868 5526 940 5581 sicut
968 5527 1026 5580 Per
1043 5525 1121 5580 eliud
1136 5542 1192 5579 non
1209 5523 1300 5578 solum
1317 5524 1401 5588 forno
1415 5521 1549 5589 Medius,
1567 5538 1639 5590 quae
1656 5523 1720 5591 ι’ρια
1738 5524 1796 5578 rita
