4020 6014
669 311 722 368 DE
742 310 995 370 arelatum]
1011 311 1199 372 eunuco.
1409 315 1411 320 ’
1727 324 1788 383 398

86 466 254 537 pecuniam,
280 468 332 520 sed
355 483 412 520 non
429 474 520 536 potest
538 468 693 537 nepotiorr',
715 467 743 520 ιι·
769 468 816 521 tut
833 467 928 519 ineunt
956 465 985 520 in
1013 468 1215 539 rempublicam
1244 486 1277 525 ex
1304 485 1337 524 eo
1354 469 1521 528 redundans.
1562 472 1673 526 Parem
1694 477 1789 525 meter

89 553 266 620 societatem,
285 561 315 606 ut
328 554 403 606 ulter
417 554 547 618 conferat
557 554 711 622 pecuniose,
729 555 803 606 ulter
816 570 927 624 operas,
941 616 942 621 η
955 555 1065 625 (inquit)
1090 564 1222 609 osteum
1242 556 1392 610 memoraba
1415 557 1551 626 princeps
1569 557 1667 626 scimea
1687 574 1790 610 usuros

90 658 158 692 nom
177 640 253 705 leues
272 639 378 705 dicunt,
398 641 620 709 quodpecunr'oe
639 642 724 705 deest,
738 657 794 708 per
812 656 927 708 operum
953 643 1054 711 ubique
1079 661 1098 695 o
1122 642 1246 712 Spiritus
1273 645 1384 696 decreto
1412 645 1609 712 condemnari,
1636 661 1789 697 uestrarum

89 726 246 795 esrpplctur.
296 724 335 779 At
359 741 458 794 parum
487 726 530 779 vel
557 725 626 780 nihil
662 725 827 780 discriminis
856 725 929 780 inter
953 728 1119 782 solutionem
1137 730 1283 782 sanctione
1296 747 1349 781 suo
1365 729 1571 796 prohibendam
1587 729 1707 798 putauit.
1735 729 1789 782 As-

90 811 165 866 bunc
184 817 356 866 contractum
376 812 517 866 societatis
536 820 655 881 etcum,
674 812 850 883 dequcjem
868 811 928 882 agi·
954 814 1003 882 qui
1021 822 1144 883 propter
1163 821 1363 883 paupertatem
1386 829 1432 866 res
1464 815 1518 867 tua
1541 832 1598 868 non
1623 816 1653 868 in
1678 815 1789 882 metius,

91 915 168 960 mus,
189 897 338 968 utrobique
356 897 430 952 enim
453 904 567 968 propter
594 898 702 952 lucrum
720 916 754 953 ex
772 915 824 951 usn
844 914 927 967 pecu·
940 881 943 960 l
956 915 1036 968 quern
1053 908 1145 952 tumen
1163 902 1245 963 finem
1263 900 1411 970 lepislctor
1426 908 1631 969 proposuerat,
1655 903 1709 955 sed
1726 919 1789 956 con·

90 984 155 1038 niae
174 983 312 1038 resultans
330 983 379 1052 illi,
398 983 446 1054 qui
466 1001 526 1038 sam
549 984 680 1055 erogavit,
697 982 930 1053 compensationis
955 993 1000 1038 tro
1018 986 1049 1037 r'n
1064 987 1148 1055 pejus
1165 987 1261 1054 serpit
1304 986 1360 1048 Qui
1377 987 1450 1039 enirn
1469 994 1553 1040 antec
1571 1003 1721 1040 usuros-um
1740 1003 1789 1055 spe

90 1070 151 1124 loco
171 1069 277 1140 aliquid
296 1070 386 1125 datur.
416 1070 568 1140 Regerunt,
588 1071 617 1122 s'n
629 1076 773 1123 contractu
785 1069 928 1122 societatis
955 1072 996 1123 cd
1012 1073 1197 1124 mutuandum
1210 1072 1363 1140 pecuniam
1380 1072 1489 1139 promti
1504 1073 1636 1136 fuerunt,
1657 1079 1726 1140 post
1744 1073 1787 1126 to-

90 1164 116 1208 et
133 1157 245 1210 lacrum
271 1164 297 1208 et
311 1156 470 1228 periculum
490 1162 515 1208 et
537 1158 668 1208 domnum
687 1156 798 1223 utrique
817 1162 927 1209 contra·
954 1165 1012 1209 tarn
1038 1158 1142 1225 lepem,
1170 1159 1248 1225 quod
1272 1157 1344 1210 nibil
1370 1157 1445 1210 lucri
1468 1174 1500 1209 eu
1522 1165 1616 1210 mutuo
1639 1157 1789 1227 percipere

89 1241 212 1294 lentiam
234 1243 317 1314 porti
339 1258 399 1295 esse
422 1258 578 1309 commune,
602 1241 635 1293 s'd
657 1241 735 1309 quod
756 1258 810 1294 non
828 1241 928 1294 babent
950 1244 1069 1312 possint,
1086 1245 1116 1296 in
1136 1260 1198 1312 eos,
1217 1245 1266 1312 qui
1283 1245 1411 1313 pecuniis
1432 1245 1572 1313 indipent,
1590 1245 1727 1310 difficiles
1745 1252 1788 1296 ut·

91 1327 182 1382 locum
207 1328 237 1380 in
262 1345 346 1381 censu
367 1328 419 1380 illo
435 1327 574 1398 pecuniae
603 1328 729 1381 elocutae
749 1344 857 1393 unnuo;
877 1327 927 1381 sed
954 1346 1006 1399 que
1026 1330 1144 1383 immites
1163 1336 1242 1398 sunt,
1268 1331 1440 1398 quinetiam
1457 1332 1499 1383 nd
1516 1331 1607 1394 focile
1618 1331 1787 1399 jurandum,

87 1415 147 1483 jam
178 1420 243 1468 ante
269 1413 403 1477 diximus,
431 1412 617 1467 Christianam
653 1412 796 1468 caritatem
825 1412 926 1467 debers
953 1417 1082 1484 quodque
1121 1416 1155 1468 id
1182 1417 1252 1483 sere
1289 1417 1468 1485 consequitur
1508 1418 1549 1469 cd
1578 1417 1788 1486 jusjurandum

90 1499 306 1554 moderationem
333 1504 362 1554 et
388 1499 585 1569 aequalitatem
613 1516 674 1552 eam
706 1497 866 1561 observare,
895 1505 927 1552 ut
952 1501 1148 1569 cuneandum
1185 1503 1218 1554 id
1255 1502 1429 1555 occasionem
1460 1502 1603 1571 moebuit.
1656 1503 1787 1556 Breviter

92 1585 246 1656 periculum
264 1601 299 1640 ac
318 1585 448 1639 damnum
472 1585 556 1640 etiam
579 1584 608 1638 in
631 1583 684 1639 hoc
701 1583 762 1655 ipsc
780 1589 925 1638 conuentu
948 1593 1067 1655 propter
1087 1589 1292 1642 redundantem
1311 1589 1342 1641 r'n
1359 1589 1482 1640 lcumena
1499 1588 1558 1642 ur'to
1573 1589 1787 1660 peruersitatem

91 1672 126 1725 sit
146 1687 300 1739 commune,
318 1670 371 1725 boc
383 1675 434 1732 est,
453 1676 485 1724 ut
497 1669 614 1725 debitori
630 1675 741 1741 praeter
760 1669 870 1739 culpam
888 1667 923 1722 ad
952 1690 1007 1726 non
1035 1675 1118 1727 modo
1142 1692 1198 1728 non
1218 1676 1334 1743 profuit
1356 1673 1427 1743 lepis
1453 1675 1556 1741 uirtus,
1583 1689 1678 1727 uerum
1699 1673 1785 1726 etrum

90 1757 213 1827 inopiam
241 1757 353 1810 redacto
380 1773 479 1810 census
507 1756 554 1811 ills
581 1773 691 1810 annuus
719 1755 788 1810 alias
815 1754 925 1810 debitus
952 1759 1053 1822 obfuit.
1830 1756 1832 1759 ’

91 1842 257 1896 remittatur.
294 1848 319 1897 5.
339 1841 520 1911 approbatur
541 1849 716 1910 contractus,
735 1859 789 1910 quo
807 1858 924 1908 synpro-
987 1850 1045 1900 239.
1081 1844 1176 1915 Atque
1192 1845 1244 1899 hae
1263 1851 1329 1900 sunt
1346 1845 1638 1917 praecipuaenostras
1655 1846 1784 1913 rationes,
1798 1833 1898 1876 cirsen-

90 1930 178 1998 pbom
196 1929 325 1982 errationis
353 1929 495 1982 redituum
513 1930 548 1981 ab
566 1929 657 1982 altero
678 1946 755 1996 erno,·
772 1933 801 1981 at
820 1925 843 1981 si
861 1926 926 1981 licet
951 1929 1053 2000 quibus
1066 1930 1183 2000 permoti
1201 1931 1356 1998 statuimus,
1374 1948 1430 1985 non
1448 1947 1510 1986 esse
1528 1930 1654 1987 absolute
1675 1937 1704 1987 et
1721 1933 1785 1986 sim·
1796 1887 1906 1988 midd-

91 2015 281 2086 syngrapham
307 2014 381 2068 illius
412 2014 539 2068 emtionis
567 2020 596 2069 et
623 2019 822 2085 consequenter
842 2012 925 2067 etiam
952 2015 1060 2085 pliciter
1078 2032 1178 2071 census
1203 2016 1265 2069 illos
1282 2016 1417 2086 pecuniae
1438 2016 1562 2072 elocutae
1588 2034 1694 2071 annuos
1713 2018 1786 2072 inter
1798 1988 1913 2082 2212ss?

89 2102 196 2156 reditus
214 2117 320 2156 annuos
338 2101 366 2154 vi
385 2101 562 2172 syngraphae
574 2101 683 2156 debitos
702 2105 779 2155 certa
790 2098 926 2170 pecunias
952 2101 1098 2156 damnatas
1117 2118 1215 2155 usuras
1234 2101 1401 2166 reterendos,
1420 2102 1528 2157 interim
1547 2109 1639 2158 tamen
1657 2103 1786 2158 addimus
1797 2094 1901 2187 22:2¹4„

90 2204 199 2242 summa
218 2186 254 2241 ad
272 2203 317 2241 ms
334 2187 494 2257 transferre,
513 2188 610 2258 quidni
623 2188 707 2242 stiam
726 2187 809 2242 liceat
826 2202 925 2241 census
951 2187 979 2241 in
1015 2186 1068 2242 bac
1100 2187 1236 2258 pecunias
1269 2205 1295 2259 q.
1327 2187 1481 2243 elocutione
1509 2189 1697 2260 respiciendae
1725 2206 1786 2247 esse

90 2289 197 2328 annuos
217 2291 267 2344 pro
294 2274 445 2329 elocutione
468 2292 493 2345 q.
511 2274 646 2344 pecunias
670 2271 833 2344 percipere?
852 2277 924 2325 utro·
951 2278 1040 2328 certas
1060 2273 1297 2340 circumstantias,
1321 2279 1418 2344 utpote
1443 2279 1464 2327 l.
1482 2275 1670 2329 conditionem
1685 2292 1787 2344 perso·

90 2359 177 2429 bique
202 2365 276 2413 certe
300 2359 336 2413 ob
362 2361 497 2429 pecuniae
518 2360 563 2414 vel
582 2365 686 2428 emtas,
711 2359 756 2413 rel
772 2358 926 2414 conductae
951 2377 1066 2423 norum,
1095 2376 1167 2429 quoe
1184 2377 1203 2412 c
1219 2360 1301 2413 nobis
1314 2360 1465 2429 pecuniam
1484 2361 1641 2430 acceptum
1667 2366 1694 2418 2.
1713 2380 1785 2416 sum·

35 2496 39 2503 .
91 2462 172 2498 usum
191 2445 331 2515 proximus
351 2445 487 2500 reditibus
506 2445 560 2500 illis
579 2445 678 2500 annuis
696 2444 839 2514 adipsum
857 2441 925 2497 alias
951 2464 1025 2499 mom
1038 2446 1178 2515 pecuniae
1202 2449 1288 2499 dutoe
1306 2454 1332 2500 et
1355 2454 1464 2516 tempus
1481 2447 1618 2501 solutioni
1630 2449 1786 2515 praestitu-

91 2529 280 2599 spectantibus
300 2546 394 2584 carere
412 2529 528 2601 cogitur.
565 2530 624 2585 Nec
643 2528 778 2599 estquod
797 2526 924 2583 obverta·
951 2540 1022 2600 tum3
1038 2535 1065 2585 3.
1086 2548 1198 2586 censsun
1216 2550 1347 2599 annuum,
1366 2532 1455 2604 quiin
1469 2532 1677 2605 stipulationem
1694 2535 1784 2605 renit3

90 2623 144 2680 tur,
156 2624 314 2670 contractus
327 2617 395 2670 s'ttos
407 2617 516 2670 cameri
531 2617 583 2670 lici
610 2635 633 2680 s,
652 2616 721 2685 qur'o
734 2633 789 2668 non
800 2620 926 2682 pupnern
950 2622 976 2674 t.
988 2625 1089 2672 statum
1096 2634 1293 2688 personarum,
1306 2620 1537 2689 quoepecunicm
1550 2628 1674 2690 erogant.
1705 2621 1786 2677 Circa

91 2721 152 2756 curn
175 2704 313 2770 repressis
339 2702 505 2770 Scripturas
525 2702 624 2769 dictu,
648 2701 737 2754 uliam
755 2717 821 2754 sero
838 2699 925 2754 ratio·
948 2705 1072 2773 primum
1089 2709 1171 2771 nota,
1200 2705 1354 2772 cavendum
1383 2721 1443 2760 esse
1465 2711 1486 2761 l.
1505 2722 1542 2761 ne
1560 2707 1596 2761 ab
1614 2707 1669 2760 illis
1686 2724 1785 2763 census

91 2805 152 2843 nem
168 2806 225 2842 ease
246 2789 334 2850 illius,
355 2791 391 2841 de
410 2805 464 2857 quc
484 2789 602 2857 opimus,
621 2794 790 2855 contractus,
810 2787 859 2856 qui
875 2786 925 2840 sub
950 2806 1058 2846 amnne
1083 2790 1225 2862 exigatur,
1252 2791 1300 2859 qui
1323 2790 1443 2861 pecunia
1466 2797 1562 2846 mutuo
1586 2798 1703 2863 accepta
1730 2812 1784 2849 non

89 2891 240 2930 usurarum
266 2876 376 2928 nomine
400 2875 429 2927 in
454 2876 537 2928 certo
555 2875 615 2928 Dei
629 2875 740 2944 penitus
767 2875 926 2937 damnetur,
950 2880 1067 2931 utuntur
1089 2876 1127 2931 ad
1149 2876 1352 2948 negotiationes
1374 2877 1542 2931 exercendas
1569 2883 1597 2933 st
1615 2878 1693 2933 lucra
1711 2895 1784 2933 com·

89 2979 149 3018 eam
167 2961 240 3016 euim
259 2977 318 3015 esse
336 2959 464 3029 principii
482 2958 644 3030 petitionem
664 2976 714 3013 suo
734 2958 794 3014 loco
813 2959 925 3013 demon·
950 2962 1090 3034 paranda,
1136 2961 1184 3016 sed
1228 2961 1264 3015 ad
1299 2962 1486 3017 necessariam
1527 2962 1570 3017 sui
1603 2980 1637 3018 ac
1672 2980 1784 3019 suorum

89 3047 228 3103 strabitur.
950 3047 1178 3103 sustentationem
1209 3047 1356 3118 pecuniam
1384 3063 1402 3102 a
1429 3047 1510 3103 nubis
1536 3053 1671 3120 expetunt
1699 3055 1785 3122 atque

124 3140 181 3189 238.
217 3139 241 3188 5.
271 3135 316 3186 Ec
342 3134 481 3187 humanae
505 3134 648 3187 sodeuris
674 3133 805 3187 militate.
847 3132 924 3187 Deus
950 3135 1040 3205 ipsam
1060 3141 1161 3190 sortem
1178 3134 1224 3188 rix
1243 3150 1276 3188 ac
1289 3151 1325 3190 ue
1342 3133 1388 3189 rir
1404 3133 1516 3207 quidem
1532 3135 1649 3192 reddere
1659 3144 1784 3207 possunt.

33 3203 143 3283 'iinon
168 3227 210 3275 eet
232 3220 434 3280 ἀκαταστασίας
454 3220 532 3274 Deus
562 3227 582 3275 1.
602 3220 663 3275 Cor.
691 3226 736 3282 rt,
761 3237 786 3273 v.
805 3225 847 3274 ³3.
862 3219 923 3287 jam
951 3227 974 3276 2.
993 3221 1036 3277 Ne
1055 3221 1184 3293 exigatur
1200 3220 1237 3275 ab
1257 3220 1326 3285 illis,
1346 3221 1393 3293 qui
1412 3221 1531 3291 primum
1551 3221 1663 3292 quidem
1681 3223 1718 3278 ad
1735 3241 1784 3279 ns·

37 3296 65 3333 ¹¹·
88 3322 154 3362 vero
173 3307 301 3377 ingentes
320 3305 429 3369 ἀταξίαι
448 3312 475 3360 et
499 3305 697 3359 ἀκαταστασίαι
717 3322 751 3359 ex
770 3322 802 3360 ec
820 3307 924 3362 oriren
950 3307 1115 3378 gotiationss
1130 3306 1296 3362 exercendas
1308 3313 1336 3361 et
1348 3306 1426 3362 lucra
1438 3308 1625 3379 comparanda
1635 3287 1783 3379 pecuarium

88 3400 142 3456 tur,
159 3410 213 3446 non
232 3393 259 3445 in
279 3392 397 3460 politicis
416 3393 512 3460 solnm,
533 3392 583 3447 ssd
606 3392 688 3446 stiam
706 3392 735 3446 in
754 3392 879 3461 ecclesia,
900 3392 925 3446 si
950 3410 967 3447 a
991 3392 1071 3449 nobis
1096 3394 1248 3463 petierunt,
1276 3390 1452 3464 poitmcdum
1475 3410 1541 3448 vero
1567 3402 1678 3465 praeter
1703 3413 1783 3451 suam

33 3483 75 3526 ¹0⁶.
89 3479 151 3550 quis
179 3484 326 3541 statueret,
355 3479 482 3534 absolute
510 3484 539 3532 st
564 3479 727 3549 simpliciter
752 3478 923 3549 prohibitum
949 3479 1060 3549 culpam
1079 3478 1190 3533 casibus
1203 3478 1324 3535 fortuitis
1343 3485 1372 3533 st
1385 3479 1542 3550 insperatis,
1558 3485 1627 3550 puta
1647 3482 1783 3551 incendic,

88 3581 148 3618 csse
176 3571 289 3633 propter
315 3566 459 3634 pecuniam
486 3564 564 3619 alteri
591 3565 627 3618 ad
660 3564 862 3636 negotiationes
889 3581 923 3619 sc
949 3565 1109 3638 naufragio,
1128 3565 1300 3620 dintumiore
1318 3565 1414 3620 morbo
1432 3572 1483 3621 etc.
1501 3566 1531 3620 in
1550 3582 1611 3621 eam
1632 3567 1782 3624 detrudun-

88 3651 266 3704 mercimonia
278 3651 533 3705 exercendedatam
544 3667 656 3705 censum
669 3650 789 3721 aliquem
804 3651 923 3722 exigere,
948 3659 994 3707 tur
1019 3651 1157 3721 inopiam,
1181 3656 1213 3705 ut
1240 3651 1379 3706 secundae
1396 3650 1491 3706 classis
1509 3651 1667 3708 huminibus
1685 3655 1783 3711 merito

88 3736 135 3806 qui
157 3736 228 3790 snim
248 3736 285 3790 ad
304 3753 404 3789 census
422 3736 484 3790 illos
497 3736 693 3806 persolvendos
706 3736 832 3791 obstricti
850 3743 923 3805 suut,
949 3743 1087 3793 accenseri
1113 3737 1247 3804 debeant,
1276 3752 1344 3807 erga
1377 3753 1446 3808 quos
1477 3742 1603 3793 mutuum
1630 3741 1783 3812 gratuitum
1871 3783 1874 3787 ψ

88 3822 198 3877 eosdem
227 3823 293 3876 dare
324 3828 484 3876 recusarent
515 3827 542 3876 st
573 3821 693 3892 pecunia
719 3822 811 3876 aliena
842 3839 922 3875 suum
949 3823 1069 3879 exerceri
1087 3822 1189 3877 debere
1222 3822 1349 3892 superius
1378 3822 1511 3892 diximus,
1542 3824 1609 3895 quid
1637 3827 1711 3897 quod
1740 3828 1783 3895 (ut

88 3906 225 3961 duntaxat
249 3914 414 3976 quaererent
440 3924 473 3961 ac
498 3913 630 3978 pararent
655 3908 843 3976 commodum,
873 3907 921 3979 qui
948 3916 1014 3965 suut
1025 3909 1159 3981 bumana)
1177 3909 1336 3980 contingere
1348 3910 1444 3980 possit,
1464 3916 1497 3965 ut
1508 3911 1578 3966 tales
1595 3913 1782 3984 negotiatores

87 4011 152 4048 vero
179 3993 302 4062 pecuniis
328 3992 487 4062 abundant,
513 3995 638 4064 proximo
664 3994 776 4048 smdsm
802 3994 921 4049 utendas
947 3996 976 4049 in
989 3995 1107 4066 primam
1128 3994 1310 4051 detrudantur
1335 3995 1464 4063 classem,
1490 4014 1583 4052 eorum
1603 4004 1686 4068 puta,
1713 4018 1783 4073 quos

88 4080 239 4134 concedere
259 4085 413 4147 renuerent,
431 4097 493 4133 eum
514 4081 592 4133 nulla
612 4080 844 4151 compensationis
858 4097 920 4150 spes
947 4083 1123 4152 eleemosyna
1144 4080 1284 4151 juvandos
1300 4097 1333 4134 ac
1357 4080 1459 4152 quibus
1478 4084 1641 4138 nouaclum
1659 4102 1781 4157 censum,

89 4171 231 4237 appareat,
251 4182 307 4235 qua
322 4166 428 4221 ratione
444 4166 609 4220 commercia
621 4173 649 4220 et
660 4165 862 4237 negotiationes
874 4183 921 4238 ge·
947 4168 997 4223 ssd
1021 4175 1050 4222 et
1071 4173 1173 4222 sortem
1197 4166 1286 4236 ipsam
1306 4166 1465 4222 donandam
1483 4185 1543 4224 esse
1563 4169 1714 4225 docuimus.
1752 4172 1781 4228 Si

88 4253 145 4306 neri
172 4252 293 4305 humano
316 4268 371 4305 non
398 4250 487 4305 solum
511 4251 608 4319 utiles,
636 4252 685 4306 ssd
704 4258 732 4306 st
751 4252 922 4307 necessariae
948 4254 1021 4310 enim
1047 4270 1081 4308 ex
1109 4251 1196 4308 diuite
1224 4252 1286 4323 quis
1314 4252 1347 4307 fit
1364 4242 1484 4324 pauper,
1511 4260 1571 4309 tum
1590 4254 1679 4310 debeo
1698 4257 1782 4312 etiam

88 4338 295 4408 impedirentur,
314 4336 389 4391 unde
408 4337 590 4392 Ferrariensis
606 4337 634 4390 in
652 4338 777 4407 practica
795 4338 823 4392 in
841 4338 920 4393 form.
948 4340 1060 4394 modum
1081 4356 1145 4393 cum
1163 4338 1223 4408 ipso
1243 4337 1346 4409 agendi
1366 4346 1481 4396 mutare.
1511 4338 1637 4395 Breviter
1655 4341 1782 4404 dicendo,

89 4423 173 4478 libell.
194 4424 293 4477 action.
314 4423 462 4493 hypothes.
483 4424 559 4478 verb.
580 4423 641 4478 sine
660 4423 755 4496 eliqua
774 4442 921 4480 usurmum
947 4426 1105 4482 Christiana
1122 4425 1222 4479 caritas
1240 4430 1272 4478 ut
1290 4424 1412 4478 omnium
1438 4425 1619 4496 reliquorum,
1643 4426 1682 4480 ita
1699 4428 1782 4482 etiam

86 4528 114 4580 p.
135 4516 193 4565 379.
214 4509 278 4563 edit.
297 4514 350 4563 vet.
368 4509 472 4578 scribit,
494 4512 625 4563 mundium
643 4510 689 4563 uir
708 4513 850 4581 antinus,
870 4521 920 4567 ont
947 4513 1031 4582 hujus
1043 4516 1202 4566 contractus
1214 4510 1346 4565 ducetur
1364 4510 1576 4566 acmoderatrix
1591 4512 1678 4567 statui
1690 4513 1782 4569 debet.

85 4598 146 4663 rupi
165 4614 248 4667 posse
274 4596 334 4649 eine
363 4598 470 4664 usuris,
499 4597 529 4650 id
555 4597 629 4668 quod
651 4598 693 4667 ,ds
717 4597 845 4652 censibus
865 4598 921 4652 illis
947 4598 1030 4654 Circa
1054 4599 1206 4650 secundum
1231 4602 1310 4663 nota,
1334 4595 1483 4651 discrimen
1508 4597 1685 4653 statuendum
1709 4601 1782 4653 inter

84 4682 199 4748 annuis,
225 4682 260 4736 de
286 4681 388 4752 quibus
409 4684 467 4752 jain
495 4683 617 4753 agimus,
642 4700 712 4753 quos
728 4684 920 4753 jurisconsulti
946 4700 1080 4737 summam
1096 4683 1232 4751 pecuniae
1251 4683 1390 4751 mojorem
1407 4688 1433 4736 et
1450 4681 1600 4748 nemmem,
1631 4683 1783 4739 itemr‘nter

84 4785 181 4821 usuras
200 4767 290 4822 licitae
307 4767 467 4838 appellant,
485 4787 540 4822 non
560 4775 653 4825 autem
671 4770 707 4824 de
723 4769 814 4824 usuris
834 4770 919 4826 verbo
946 4778 1053 4839 ternpus
1071 4771 1181 4823 menius
1198 4787 1232 4822 uc
1249 4769 1368 4838 tonpr'us.
1406 4769 1533 4839 Exempli
1554 4769 1647 4839 gratia
1670 4770 1692 4823 si
1718 4771 1779 4842 quis

83 4855 134 4910 Dei
154 4855 291 4909 damnatis
317 4854 517 4924 accipiendum.
556 4855 661 4910 Baldus
689 4856 718 4909 in
745 4857 762 4911 l.
795 4861 815 4911 1.
834 4856 864 4912 C.
884 4857 919 4912 de
945 4856 1080 4912 florenum
1108 4874 1194 4910 uuum
1214 4862 1300 4928 atque
1327 4856 1444 4911 alterum
1470 4855 1505 4907 ad
1525 4855 1645 4925 spatium
1663 4857 1780 4912 duorum

82 4959 177 4995 summ.
202 4940 300 4994 Trinit.
327 4947 355 4995 et
379 4956 453 4995 cons.
480 4947 539 4995 453.
558 4942 639 5008 dicit,
664 4944 796 5012 expedire
817 4944 918 4998 multos
944 4942 989 4998 rel
1014 4943 1099 4997 trium
1123 4943 1259 4998 mensium
1279 4941 1329 4996 abs
1350 4948 1379 4996 te
1402 4945 1493 5010 petat,
1521 4941 1560 4995 ibi
1580 4941 1664 4998 nolim
1683 4949 1780 4997 auctor

81 5028 203 5079 inventri
227 5029 435 5094 foeneratores,
463 5043 496 5079 ne
523 5028 605 5080 multi
627 5031 706 5091 fcere
724 5038 860 5099 pereant,
888 5030 918 5083 id
944 5046 1013 5097 esse,
1032 5035 1065 5084 ut
1082 5046 1197 5085 censum
1215 5032 1363 5098 propterea
1380 5027 1491 5098 exigas3
1507 5028 1555 5083 ssd
1573 5028 1596 5082 si
1615 5028 1686 5082 alius
1705 5029 1792 5100 quise

82 5114 156 5183 quod
184 5119 312 5184 respectu
336 5114 372 5167 sd
397 5119 546 5168 extremam
572 5118 688 5170 naturae
714 5117 917 5187 corruptionem
943 5117 1019 5188 piam
1039 5122 1164 5182 centum,
1186 5115 1320 5169 ducentos
1347 5113 1392 5168 rel
1411 5113 1493 5167 etiam
1512 5114 1587 5170 mille
1607 5114 1732 5178 florenos,
1751 5121 1845 5178 etnv.
1860 5132 1903 5177 ror.

82 5199 177 5252 habito
190 5199 261 5253 forte
279 5215 332 5252 nou
346 5199 447 5268 injuria
464 5199 500 5253 ab
518 5199 579 5268 ipso
596 5202 805 5269 pronuntiatum
822 5203 915 5259 videa·
944 5203 1055 5275 quidem
1073 5202 1110 5259 ad
1130 5200 1195 5255 anni
1216 5199 1298 5253 unius
1326 5197 1371 5254 vsl
1394 5199 1515 5270 plurium
1539 5201 1624 5256 stiam
1642 5218 1777 5256 annorum

80 5293 133 5341 tur.
179 5286 346 5357 Cumprimis
377 5302 442 5340 vero
473 5286 529 5340 huc
560 5285 705 5341 referenda
735 5293 777 5342 est
807 5290 917 5345 novella
943 5290 1065 5360 spatium
1084 5288 1185 5359 exigat,
1204 5291 1236 5340 ut
1250 5285 1364 5356 praedia
1382 5302 1416 5341 ac
1434 5285 1535 5341 fundos
1549 5291 1631 5350 emat,
1649 5291 1777 5360 utnego·

81 5371 182 5426 Leonis
202 5378 243 5428 83.
288 5371 358 5427 Cum
384 5372 457 5427 enim
480 5371 630 5442 imperator
648 5371 769 5428 Orientis
792 5374 914 5431 Basilius
942 5376 1026 5431 tietur
1043 5391 1076 5429 ac
1097 5372 1233 5438 lucretur,
1258 5369 1298 5425 ibi
1315 5377 1429 5442 propter
1447 5371 1566 5426 rationes
1586 5373 1712 5442 superius
1729 5375 1778 5428 ad-

80 5475 179 5512 usuras
198 5474 293 5510 omnes
319 5459 429 5526 penitus
450 5459 626 5530 abrogasset,
653 5457 739 5529 ipsius
763 5458 837 5515 filius
857 5462 917 5518 Leo
943 5462 1041 5517 ductas
1058 5459 1088 5513 in
1105 5455 1359 5525 compensationem
1377 5455 1460 5527 hique
1479 5456 1565 5512 officii
1579 5458 1645 5527 jure
1664 5476 1777 5514 censum

80 5544 132 5599 hoc
152 5545 294 5598 decretum
313 5544 435 5614 parentis
451 5545 564 5602 sustulit
578 5550 692 5618 propter
710 5544 915 5605 incommodum
942 5547 1064 5619 aliquem
1082 5543 1192 5616 legibus
1223 5543 1424 5617 praescriptum
1449 5544 1524 5620 exigi
1540 5561 1623 5652 pessq
1653 5545 1776 5605 dicimus
