4020 6014
216 311 256 368 40
801 298 924 357 Locus
942 294 1145 356 VIOESIMUS
1163 294 1328 355 TERTIUS

214 456 298 509 991119
317 456 523 525 spiritualibm,
542 471 614 523 9999
634 456 660 508 91
677 454 847 508 miraculoso
864 457 946 510 modo
963 454 1050 507 couti·
1078 455 1237 506 ommaam
1258 453 1451 522 pertinebant,
1478 460 1508 506 ut
1532 454 1617 507 9119111
1640 452 1724 507 bodie
1748 452 1914 505 indecorum

213 530 328 611 perant,
347 541 427 609 toqui
446 543 556 595 999991.
591 541 815 611 Respondemus:
833 557 888 594 non
904 542 1049 610 negamus,
1078 548 1161 604 esset,
1188 541 1291 609 absquo
1316 547 1391 593 certo
1411 540 1512 593 ordine
1530 548 1557 593 et
1575 542 1679 593 decoro
1704 554 1752 592 eos
1774 537 1914 604 9911911191,

214 644 264 698 991
281 628 311 680 111
326 627 455 700 χάρισμα
472 627 583 698 proprie
600 627 755 696 spiritualia
767 629 841 682 dona
855 627 981 698 intelligi,
1000 627 1050 680 sed
1077 625 1220 690 quietior
1240 626 1352 679 docturi
1373 634 1450 693 91911,
1480 626 1618 694 siquidem
1639 632 1704 678 91911
1728 633 1824 679 coetm
1850 640 1914 677 coa·

215 731 248 767 ex
266 730 299 768 eo
317 713 411 768 1919111
431 713 536 784 nequit,
557 713 713 767 missionem
737 720 765 768 et
785 713 984 769 ordinationem
1003 712 1050 765 Ti·
1076 709 1175 779 9111911,
1195 719 1222 764 91
1240 711 1270 764 ia
1289 711 1350 765 utu
1371 714 1504 767 seniores.
1540 711 1618 776 Quae
1638 711 1673 766 de
1691 709 1803 765 deiectu
1820 725 1915 765 99999·

215 798 318 853 mothei
341 817 396 854 nou
423 815 504 870 posse
528 815 561 853 ex
585 799 637 853 hoc
656 804 733 853 textu
753 799 867 865 deduci,
896 799 1051 869 quindena
1078 796 1166 849 991199
1185 804 1213 851 91
1232 798 1370 868 generalis
1391 799 1536 870 cujusdam
1554 798 1690 852 bacinno
1707 795 1915 852 constitutionis

215 885 264 939 illa
281 884 437 955 spiritualia
452 884 596 940 Timotheo
619 885 794 955 contigerant
824 885 852 937 in
884 878 946 954 ip'sa
969 900 1049 937 9999-
1077 881 1172 948 addit,
1204 883 1238 938 99
1268 884 1321 937 11119
1352 903 1384 940 91
1410 885 1642 956 praecedentibus
1662 884 1785 954 judicari
1813 887 1908 954 potest

214 972 290 1026 11999
307 978 336 1027 91
353 970 533 1039 91919911999,
553 987 624 1041 quae
636 987 686 1040 per
704 969 906 1039 impositionem
919 986 1050 1023 manuum
1078 969 1233 1025 9191999
1256 977 1277 1025 1.
1294 970 1414 1026 Timoth.
1434 979 1463 1040 5,
1489 990 1514 1027 v.
1541 976 1582 1026 tt.
1603 989 1659 1025 nors
1678 973 1714 1024 de
1731 970 1915 1024 ordinatione

215 1056 297 1110 Pauli
327 1061 356 1111 et
381 1056 606 1126 presbyterorum
636 1055 830 1126 peragebatur.
872 1054 989 1126 Cogitur
1021 1055 1049 1108 id
1077 1055 1275 1123 ministrorum,
1295 1060 1348 1112 red
1364 1059 1400 1111 de
1416 1058 1582 1127 recipiendo
1596 1065 1746 1126 peccatore
1759 1057 1845 1126 lapso
1858 1057 1915 1125 api,

215 1158 365 1212 agnoscere
383 1140 540 1197 Nicolaides
553 1140 677 1196 99919119
690 1140 799 1210 fulgore
818 1141 968 1204 convictus,
986 1140 1050 1194 ideo
1076 1141 1390 1213 919919999177.
1425 1144 1648 1214 Respondemus:
1677 1143 1735 1197 lmo
1759 1159 1828 1198 9919
1854 1142 1916 1197 ubi·

215 1227 305 1282 addit:
324 1228 432 1281 Munus
450 1229 573 1281 docendi
586 1228 742 1295 oontr'qerat
760 1226 902 1280 Timotheo
914 1242 970 1294 per
983 1244 1050 1295 pro·
1077 1242 1189 1298 cunque
1212 1228 1241 1281 in
1264 1229 1380 1284 historia
1402 1237 1429 1285 et
1454 1230 1578 1300 epistolis
1602 1229 1789 1300 apostolorum
1809 1229 1916 1284 mentio

214 1315 353 1382 piraticam,
372 1314 405 1366 id
422 1321 462 1366 est
474 1330 531 1382 per
550 1313 689 1381 suffrapia
705 1311 830 1366 virorum
845 1313 1050 1381 primariorum
1077 1310 1110 1366 111
1128 1311 1312 1384 impositionis
1331 1333 1471 1382 manuum,
1490 1315 1529 1369 ibi
1546 1322 1578 1370 ut
1591 1315 1740 1386 plurimum
1751 1314 1917 1386 exprimitur

215 1400 245 1452 iu
263 1399 382 1453 ecclesia
400 1397 508 1452 Christi
520 1416 582 1450 oum
596 1398 771 1467 imperitiam
791 1416 920 1451 manuum
936 1398 1051 1467 precip-
1077 1400 1233 1454 ceremonia
1259 1401 1287 1453 in
1314 1402 1504 1463 ministrorum,
1524 1401 1698 1456 ordinatione
1723 1417 1756 1455 ac
1782 1400 1916 1456 missione

215 1485 289 1538 terii.
326 1483 417 1539 Aliter
437 1483 523 1555 igitur
541 1483 643 1554 excipit
667 1483 856 1555 subjungam
874 1485 940 1537 Etsi
956 1501 1051 1538 coace-
1078 1484 1202 1539 adhiberi
1216 1486 1303 1540 solita.
1341 1488 1433 1542 Actor.
1447 1494 1471 1554 6,
1487 1506 1512 1540 9.
1526 1493 1550 1542 6.
1580 1493 1731 1557 9.13,9.3.
1761 1485 1915 1553 1119111,

216 1573 329 1637 datur,
346 1571 471 1625 Paulum
492 1587 548 1640 per
566 1588 696 1624 ammaum
721 1571 924 1640 impositionem
943 1572 1051 1624 misisse
1077 1587 1101 1624 9.
1129 1577 1167 1625 11.
1202 1577 1224 1625 2.
1251 1571 1322 1630 Tim.
1350 1578 1376 1636 1,
1407 1590 1432 1628 9.
1461 1577 1484 1627 6.
1514 1572 1640 1626 adhibita
1664 1572 1749 1627 etiam
1768 1572 1914 1628 1111111999

220 1658 403 1726 Timotheum,
433 1658 504 1725 quid
520 1657 585 1710 hinc
607 1657 709 1726 efficiet
727 1659 900 1726 respondeas
920 1656 1050 1724 (Miedze-
1078 1657 1234 1711 ceremonia
1245 1656 1273 1711 in
1286 1657 1433 1712 collatione
1446 1657 1672 1712 miraculosorum
1686 1658 1808 1728 Spiritus
1826 1658 1916 1712 sancti

215 1744 321 1811 bouins)
340 1744 440 1812 hocne,
465 1751 495 1796 ut
513 1743 616 1811 9191119,
635 1743 792 1812 quicunque
811 1744 934 1797 99991191
950 1762 1049 1797 muaus
1077 1741 1225 1811 donorum,
1244 1746 1339 1799 Actor.
1358 1749 1383 1810 8,
1401 1762 1426 1799 v.
1450 1751 1488 1799 11.
1508 1744 1582 1799 9119
1602 1745 1755 1808 9111999119,
1773 1746 1869 1800 Actor.
1890 1751 1915 1810 9,

215 1831 303 1901 subit,
320 1830 355 1883 ab
374 1830 472 1899 aliquo
492 1831 646 1891 mittatur&
664 1830 745 1898 atqui
761 1848 780 1882 a
798 1831 890 1899 specie
906 1832 1050 1900 99999199
1077 1844 1102 1881 v.
1125 1834 1162 1882 12.
1192 1846 1215 1883 9.
1238 1836 1276 1897 tu,
1296 1848 1321 1884 9.
1341 1837 1364 1886 e.
1393 1847 1417 1884 9.
1437 1836 1479 1899 28,
1498 1849 1524 1886 v.
1538 1837 1563 1886 8.
1582 1832 1630 1886 999
1646 1831 1720 1903 quod
1732 1831 1761 1885 in
1778 1832 1914 1902 recipien-

215 1935 271 1970 aoa
293 1916 369 1970 ualet
398 1916 548 1982 affirmans
576 1916 724 1970 conclusio.
761 1916 858 1969 Potuit
885 1925 949 1969 tuac
978 1917 1051 1970 mitti
1078 1913 1120 1966 dis
1139 1915 1332 1985 peccatoribus
1350 1915 1435 1986 lapsis
1453 1916 1549 1971 999991
1561 1916 1598 1970 91)
1614 1917 1746 1987 apostolis
1760 1915 1847 1973 fuerit
1865 1918 1913 1972 ad·

217 2003 376 2056 Timotheus
401 2020 420 2054 a
443 2001 538 2056 Paulo
563 2002 605 2056 cei
630 2003 716 2054 etiam
741 2005 775 2054 ab
798 2004 867 2057 aliis
891 2004 1049 2056 senioribus
1076 1999 1173 2064 bibita,
1190 2001 1318 2071 nuspiam
1336 2001 1446 2073 legitur,
1464 2003 1553 2074 gratia
1571 2003 1657 2074 igitur
1676 2004 1817 2068 asseritur,
1838 2006 1913 2076 quod

215 2089 356 2158 ecclesiae,
373 2106 429 2143 noa
449 2088 517 2156 quia
537 2088 571 2141 id
587 2090 629 2141 ad
639 2106 736 2142 munus
754 2089 834 2143 itlius
846 2090 969 2144 docendi
979 2098 1048 2144 essct
1077 2085 1129 2140 boc
1148 2087 1254 2142 dictum
1273 2088 1454 2158 apostolicum
1474 2089 1510 2142 de
1535 2090 1694 2159 receptione
1714 2090 1763 2145 illa
1780 2090 1817 2146 sit
1834 2091 1915 2146 intel·

215 2176 401 2234 necaaamum
420 2183 445 2228 et
463 2176 540 2243 quod
554 2175 615 2228 siae
631 2175 763 2228 musicae
780 2175 938 2229 Timotheus
951 2177 1051 2230 docere
1077 2172 1228 2242 ligendum.
1262 2175 1320 2230 Nec
1332 2175 1445 2229 obstant
1464 2183 1574 2230 9991199
1588 2175 1809 2246 interpretationi
1828 2176 1915 2232 991119

216 2263 290 2316 91199
306 2279 362 2315 aon
377 2262 530 2331 9911119991,
559 2263 611 2313 999
639 2262 707 2330 quia
733 2269 798 2315 tuac
824 2262 865 2315 ric
890 2263 1050 2330 requirebat
1076 2259 1234 2328 sequentia
1269 2262 1313 2313 Ne
1339 2262 1523 2315 communices
1546 2263 1672 2330 peccatu
1701 2264 1817 2334 alienis,
1843 2262 1913 2319 11999

215 2351 287 2403 ordo
306 2355 333 2401 et
353 2349 484 2402 decorum
502 2346 644 2400 eccleciae.
682 2347 906 2417 Respondemus:
932 2353 953 2402 1.
977 2347 1049 2401 Ρ119-
1076 2344 1148 2396 enim
1168 2344 1211 2398 991
1240 2347 1383 2401 continent
1410 2347 1550 2417 peculiare
1574 2353 1756 2418 praeceptum
1777 2364 1795 2404 9
1820 2348 1935 2419 911919

214 2435 383 2491 tinianorum
401 2433 543 2488 theorema
561 2439 611 2500 est,
630 2449 684 2500 cos,
705 2434 753 2504 qni
765 2452 819 2488 non
838 2433 984 2504 proferunt
1002 2450 1049 2487 no·
1076 2429 1251 2498 distinctum,
1280 2433 1325 2487 vel
1343 2440 1409 2487 sunt
1427 2434 1611 2504 191191991κᾶ,
1635 2451 1720 2506 quare
1739 2435 1848 2490 scilicet
1865 2453 1913 2491 us·

214 2537 278 2576 99111
297 2527 325 2575 91
344 2520 420 2591 91199
436 2519 590 2574 inauditam
610 2518 770 2583 doctrinam,
794 2537 849 2573 uon
861 2536 930 2589 opus
947 2518 1050 2575 habere
1076 2516 1143 2570 mini
1161 2518 1215 2571 cito
1235 2519 1483 2573 commendandum
1503 2521 1539 2575 sit
1562 2520 1757 2583 ministerium,
1781 2520 1912 2577 nimirum

215 2606 348 2679 peculiari
359 2605 453 2677 aliqua
464 2603 601 2659 missione.
631 2604 678 2657 llli
694 2603 790 2659 merito
800 2605 949 2674 opponitur
961 2623 1049 2661 exem·
1076 2621 1111 2656 ne
1129 2602 1193 2656 talis
1210 2604 1366 2674 neophytus
1384 2606 1443 2659 sine
1461 2615 1592 2662 accurato
1613 2607 1720 2676 judicio
1739 2607 1912 2663 9191919199

215 2695 292 2765 plum
309 2691 461 2756 Timothei,
489 2691 536 2763 qui
555 2707 610 2745 non
629 2691 747 2760 protulit
770 2691 798 2744 in
823 2691 938 2747 ecclesia
959 2692 1050 2762 Ephe·
1075 2688 1180 2743 clectus
1200 2689 1296 2743 turbas
1316 2691 1345 2743 in
1363 2691 1480 2746 ecclesia
1497 2693 1612 2758 excitet,
1636 2709 1754 2764 quarum
1772 2710 1859 2750 causa
1876 2711 1910 2751 ex

215 2781 284 2850 sina,
303 2780 383 2849 cujus
401 2777 567 2834 constitutus
582 2783 641 2832 erat
658 2777 813 2848 episcopus,
831 2779 1048 2833 9999919991τὶ-
1075 2779 1153 2844 parte
1172 2775 1251 2829 nobis
1268 2775 1354 2830 tribui
1372 2783 1474 2847 posset
1510 2777 1583 2834 Vide
1601 2778 1779 2834 Ambrosium
1805 2787 1835 2836 91
1853 2798 1910 2836 om-

214 2883 291 2935 nam,
319 2871 347 2920 et
365 2873 457 2920 tamon
474 2864 651 2935 peculiariter
669 2864 769 2919 missus
789 2872 817 2920 et
833 2865 978 2920 ordinatur
995 2864 1050 2918 fnit
1074 2877 1123 2914 nes
1141 2866 1248 2915 veteres
1266 2861 1294 2915 in
1312 2861 1364 2916 hoc
1382 2862 1451 2917 loco.

215 2953 250 3007 ad
271 2951 469 3020 ministerium,
499 2950 567 3020 quin
593 2949 648 3004 imo
674 2952 708 3006 de
726 2951 790 3007 Tito
817 2951 920 3007 diserta
939 2951 1048 3019 dicitur,
1110 2951 1151 3001 63.
1171 2946 1268 3000 Tertia
1287 2955 1513 3020 argumentorum
1536 2949 1630 3004 classis
1651 2950 1845 3020 complectitur
1863 2967 1910 3007 99-
1920 2958 1955 3003 αλ

214 3040 339 3108 9119999
357 3040 413 3101 fiac
430 3036 547 3090 relictus
569 3038 659 3102 fuerit
678 3037 791 3107 Cretae,
815 3046 846 3091 ur
869 3040 1046 3092 cmnruueret
1074 3031 1128 3084 rias
1148 3032 1269 3085 rationes
1288 3048 1321 3086 ex
1341 3031 1485 3103 Scriptura
1505 3034 1647 3092 deductas.
1675 3041 1696 3093 1.
1719 3039 1745 3091 A
1758 3055 1910 3093 9999999191
1921 3014 1955 3055 ¹¹⁰¹

214 3124 374 3193 oppidatim
389 3122 578 3191 presbyteros,
595 3121 649 3175 Tit.
673 3128 695 3190 1,
712 3141 737 3179 9.
757 3128 780 3178 5.
812 3129 837 3180 2.
864 3122 994 3194 Aspecie
1012 3123 1047 3178 ad
1074 3120 1225 3172 momenti&
1266 3119 1458 3190 Quodcunque
1487 3121 1584 3175 nititur
1613 3122 1703 3177 999919
1728 3125 1910 3195 gravissimis,

215 3227 303 3282 genus
321 3226 377 3263 nou
396 3208 509 3279 quidem
529 3215 662 3279 perpetuo
685 3208 751 3262 11991
775 3209 978 3279 argumentari,
1008 3208 1048 3262 in·
1075 3203 1128 3258 Dei
1147 3203 1286 3273 bonorem,
1307 3205 1438 3259 ecclesiae
1452 3206 1570 3261 99191919
1588 3213 1617 3263 91
1632 3209 1819 3266 conscientiae
1837 3218 1910 3268 11911·

213 3295 294 3352 191119
312 3295 349 3350 ab
368 3293 572 3349 enumeratione
590 3293 712 3348 omnium
729 3293 883 3363 specierum
898 3294 933 3347 ad
951 3311 1049 3365 genus,
1076 3290 1240 3360 quillitatem
1259 3292 1502 3362 concernentibus,
1519 3310 1575 3349 non
1595 3300 1687 3365 991991
1707 3311 1759 3351 nec
1779 3297 1865 3354 debet
1882 3299 1911 3353 111

214 3381 403 3437 asufficiente
420 3380 581 3434 inductione
600 3381 722 3433 omnium
738 3380 924 3450 exemplorum
945 3380 981 3433 ad
1001 3396 1048 3450 ge·
1076 3375 1193 3431 ecclesia
1209 3378 1398 3446 praetermitti.
1435 3379 1490 3435 Sed
1509 3380 1617 3435 vocatio
1640 3380 1829 3437 ministrorum
1849 3384 1910 3437 niti·

215 3469 335 3524 neralem
359 3467 500 3538 quandam
523 3466 650 3538 regulam
674 3473 701 3520 91
719 3465 841 3529 abillis,
865 3483 936 3536 qnae
953 3466 1048 3521 eodem
1077 3469 1122 3516 tur
1148 3464 1239 3516 causis
1267 3464 1410 3532 ejusmodi.
1450 3465 1533 3537 Ergo.
1576 3469 1738 3521 Assumtum
1769 3469 1911 3539 probatur,

216 3571 276 3610 sese
294 3554 375 3607 modo
394 3553 507 3621 habent,
527 3569 578 3607 nec
597 3551 743 3622 patiuntur
763 3553 893 3606 ἔνστασιν
911 3552 1049 3621 quandam
1077 3548 1143 3616 quia
1160 3565 1269 3617 causae,
1288 3554 1402 3619 propter
1420 3567 1490 3620 quas
1510 3551 1622 3619 publice
1634 3552 1663 3606 in
1676 3554 1792 3609 ecclesia
1811 3555 1911 3612 docen-

215 3639 395 3707 contrariam,
420 3640 455 3694 ad
476 3638 631 3694 universale
649 3637 858 3709 pronuntiatum
876 3637 941 3692 licet
956 3656 1050 3709 proce·
1076 3639 1119 3689 tes
1146 3642 1272 3704 oporteat
1296 3635 1398 3690 habere
1419 3638 1592 3693 vocationem
1611 3638 1779 3710 legitimam,
1809 3641 1902 3697 99999

216 3727 289 3780 dere.
326 3725 371 3780 Sic
390 3725 494 3779 Paulus
511 3725 628 3779 Roman.
648 3731 671 3780 4.
691 3743 725 3779 ex
743 3724 875 3779 Abrahae
894 3730 922 3779 et
934 3725 1050 3779 Davidis
1076 3726 1191 3789 possunt
1211 3722 1293 3793 longe
1305 3722 1492 3792 gravissimae,
1512 3740 1583 3795 qnae
1594 3725 1635 3779 119
1647 3734 1827 3796 comparatae
1838 3734 1905 3783 sunt

216 3811 347 3882 exemplis
361 3809 471 3882 probat,
486 3809 713 3880 justificationem
727 3810 794 3866 fidei
806 3811 965 3882 gratuitam,
983 3813 1049 3881 quia
1075 3815 1107 3860 91
1132 3808 1269 3878 quaedam
1291 3808 1443 3878 respiciant
1462 3811 1566 3879 Deum,
1595 3811 1734 3882 quaedam
1757 3815 1913 3880 auditores,

215 3899 353 3969 quomodo
367 3897 510 3951 Abrabam
523 3904 552 3951 91
563 3896 654 3950 David
662 3896 808 3967 justificati
823 3904 901 3968 sunt,
923 3916 956 3953 99
969 3899 1049 3953 19999
1077 3895 1213 3965 quaedam
1233 3895 1307 3965 19999
1327 3896 1405 3949 verta
1416 3896 1568 3952 ministros.
1608 3897 1662 3952 Dei
1687 3898 1801 3970 quidem
1819 3916 1913 3969 991199,

213 3983 402 4055 justificantur
420 3998 514 4038 omnes
530 3981 586 4053 pii,
613 3999 664 4037 nec
684 3988 775 4053 potest
796 3984 962 4038 contrarium
987 3985 1048 4038 dari
1076 3986 1108 4034 ut
1139 3981 1224 4052 ipsius
1251 3981 1431 4047 institutioni,
1461 3983 1596 4037 voluntati
1632 3991 1717 4054 atque
1741 3985 1910 4041 ordinationi

81 4070 154 4114 ΠΜ·
167 4069 201 4112 ⁶¹·
217 4068 374 4138 exemplum
391 4085 494 4137 eorum,
514 4068 562 4140 qui
581 4067 661 4124 aliter
680 4068 783 4123 fuerint
798 4068 952 4139 justificati.
984 4070 1048 4124 Pari
1076 4067 1200 4131 satisfiat,
1219 4067 1296 4122 Rom.
1315 4075 1360 4132 10,
1388 4086 1412 4121 v.
1432 4074 1471 4123 15.
1499 4068 1585 4125 Hebr.
1607 4077 1638 4133 5,
1665 4088 1691 4122 9.
1711 4077 1735 4126 4.
1766 4070 1830 4128 Nou
1850 4071 1911 4127 9911

215 4154 322 4211 1911999
340 4155 368 4207 19
387 4154 440 4208 hac
461 4153 622 4225 quaestione
640 4154 674 4208 de
693 4154 836 4209 vocatione
862 4155 1048 4210 ministrorum
1076 4153 1233 4208 immediate
1256 4153 1401 4208 nobiscum
1419 4170 1501 4226 agere
1528 4173 1578 4210 nec
1597 4156 1724 4211 99919199
1751 4157 1910 4214 innodius

215 4257 275 4297 sese
293 4257 337 4295 res
355 4239 448 4294 habet.
483 4239 524 4295 Ut
544 4239 617 4293 cuim
629 4239 791 4294 Timotheus
812 4257 866 4295 non
878 4241 1050 4310 praedicavit
1075 4240 1191 4304 mittere,
1212 4240 1260 4293 sed
1272 4257 1322 4309 991
1333 4240 1485 4311 legitimam
1506 4247 1534 4295 91
1551 4241 1718 4297 ordinariam
1736 4244 1911 4299 vocationem

214 4329 320 4398 absque
338 4324 479 4394 missione,
502 4325 542 4378 ita
560 4325 653 4379 nullus
672 4325 905 4397 patriarcharum,
930 4327 1047 4398 prophe·
1075 4324 1207 4380 ecclesiae
1219 4341 1286 4379 suae
1301 4326 1428 4383 doctores
1439 4326 1603 4397 praeficere3
1623 4327 1749 4400 quisquis
1763 4345 1831 4400 ergo
1849 4345 1910 4385 99111

214 4419 322 4482 191991,
345 4411 534 4482 apostolorum
561 4416 590 4466 et
616 4410 732 4465 aliorum
752 4411 887 4468 ecclesiae
904 4413 1047 4468 doctorum
1075 4411 1233 4480 contemnit,
1252 4412 1362 4468 divinae
1377 4413 1541 4468 ordinationi
1554 4412 1714 4470 reluctatur.
1739 4413 1910 4470 Auditorum

214 4499 320 4571 absque
345 4497 474 4552 missione
498 4496 684 4566 praedicavit,
715 4497 832 4567 proinde
858 4514 891 4553 ex
910 4498 1047 4557 Timothei
1075 4515 1167 4560 causa,
1188 4503 1220 4551 ut
1232 4497 1272 4552 illi
1290 4499 1324 4553 de
1337 4499 1461 4570 legitima
1472 4500 1659 4554 ministrorum
1679 4500 1824 4556 vocatione
1841 4501 1910 4557 certi

214 4583 339 4654 exemplo
357 4588 431 4639 recte
448 4581 565 4637 infertur
582 4582 720 4653 generalis
737 4583 847 4654 regula,
875 4585 950 4655 quod
967 4603 1047 4641 nemo
1074 4585 1232 4647 reddantur,
1253 4585 1328 4655 quod
1342 4587 1417 4640 Deus
1434 4586 1477 4639 his
1495 4586 1562 4655 ipsis
1579 4585 1703 4656 personis
1721 4586 1845 4657 legitime
1861 4605 1908 4643 99-

216 4668 322 4740 absque
340 4668 468 4723 missione
492 4668 653 4739 praedicare
677 4668 786 4725 debeat.
823 4675 846 4725 ³.
867 4669 962 4735 Qualis
981 4673 1048 4728 ordo
1075 4672 1143 4727 catis
1162 4672 1291 4741 inopere
1315 4672 1493 4726 convertendi
1517 4680 1546 4726 et
1572 4672 1696 4726 salvandi
1720 4672 1846 4730 homiues
1866 4674 1909 4729 uti

215 4760 244 4809 et
262 4754 343 4826 quale
361 4755 491 4809 decorum
510 4754 645 4810 ecclesiae
662 4754 728 4808 olim
745 4754 890 4827 requisivit
909 4756 1047 4813 Timothei
1074 4758 1148 4812 99111.
1187 4756 1256 4810 Item
1276 4756 1349 4826 quod
1369 4756 1437 4810 velit
1454 4757 1507 4811 illis
1528 4759 1556 4811 iu
1582 4758 1732 4813 ministerio
1756 4758 1844 4829 ipsius
1862 4777 1909 4815 no-

214 4838 384 4904 missiouem‚
406 4840 1047 4898 11111991999119199999191999919919999-
1076 4845 1148 4897 mine
1174 4848 1253 4913 gesto
1280 4859 1331 4895 sun
1356 4843 1448 4913 gratia
1473 4852 1501 4898 et
1529 4843 1649 4914 Spiritus
1670 4845 1760 4899 sancti
1782 4843 1910 4902 efficacia

213 4924 366 4979 huchodie
384 4925 571 4981 ministrorum
585 4927 742 4982 missionem
754 4928 878 4998 requirit.
904 4928 968 4991 9991
983 4947 1047 4985 vero
1074 4929 1185 4996 adesse,
1212 4927 1291 4981 donis
1305 4929 1466 4983 necessariis
1485 4946 1532 4984 eos
1547 4929 1696 4996 instruere,
1713 4930 1857 4987 laboribus
1868 4932 1910 5003 ip·

213 5011 280 5065 ordo
303 5010 349 5066 ille
373 5028 429 5066 non
452 5012 506 5066 suit
522 5013 685 5068 arbitrarius
702 5019 730 5067 et
753 5012 923 5087 ἀδιάφορος,
953 5015 1002 5070 sed
1019 5016 1046 5068 91
1075 5032 1166 5068 eornm
1180 5012 1355 5082 benedicere,
1376 5021 1472 5070 contra
1485 5017 1657 5072 adversarios
1672 5018 1746 5072 111911
1765 5024 1818 5089 919.
1838 5034 1910 5090 quae

212 5096 336 5152 mandati
361 5096 461 5162 divini,
489 5099 607 5169 exempli
624 5099 769 5170 apostolici
799 5105 827 5153 et
844 5099 941 5154 salutis
961 5090 1256 5155 eccle-tconsideratio
1273 5101 1454 5155 reverentiam
1473 5110 1502 5156 et
1526 5102 1712 5158 obedientiam
1736 5119 1805 5174 erga
1829 5103 1909 5159 mini·

211 5182 269 5236 siae
286 5182 466 5238 necessarius.
504 5183 579 5256 Ergo
599 5185 689 5239 adhuc
702 5184 784 5238 bodie
801 5183 865 5238 talis
884 5184 951 5239 ordo
968 5186 1047 5240 mini·
1073 5186 1186 5240 sterium
1199 5186 1228 5240 in
1247 5185 1345 5240 animis
1363 5188 1521 5243 auditorum
1543 5190 1653 5244 excitat.
1692 5188 1751 5246 Nec
1774 5191 1845 5247 utile
1867 5207 1908 5245 so·

212 5273 331 5324 atrorum
351 5268 508 5324 missionem
526 5270 650 5341 requirit,
669 5271 698 5324 id
718 5269 794 5340 quod
812 5286 846 5324 ex
865 5275 944 5340 parte
961 5288 1046 5342 agno·
1074 5271 1139 5339 lum,
1158 5289 1252 5326 verum
1272 5273 1356 5326 etiam
1375 5276 1562 5329 necessarium
1581 5277 1908 5343 991,1119911919191191·

211 5354 265 5407 9911
275 5355 433 5411 Nicolaides
452 5355 545 5410 statim
562 5358 750 5428 subjungens:
768 5356 862 5410 Nimia
875 5363 956 5427 turpe
972 5359 1045 5422 surs-
1072 5357 1179 5411 toribus
1195 5359 1230 5413 de
1250 5358 1375 5415 doctriua
1394 5361 1511 5415 ministri
1528 5361 1631 5431 futuri,
1659 5362 1748 5430 qualis
1767 5363 1909 5420 9991191

211 5449 258 5508 ert,
281 5442 311 5493 iu
331 5443 397 5496 boue
424 5443 485 5511 jam
512 5445 663 5497 constituta
690 5443 835 5511 republica
859 5451 966 5496 tautam
986 5460 1044 5497 9999
1072 5460 1089 5497 9
1110 5443 1209 5513 quibus
1229 5462 1290 5499 eam
1310 5446 1453 5514 didicerit,
1474 5447 1591 5516 proinde
1610 5448 1692 5502 911919
1711 5448 1909 5518 exploratione,

210 5527 404 5591 confusionem
423 5528 559 5598 (ἀταξίαν)
580 5537 605 5582 91
626 5542 659 5580 99
677 5528 797 5597 9991191,
826 5546 897 5597 quae
925 5531 967 5583 ad
984 5547 1045 5584 eam
1071 5529 1245 5586 ordinatione
1265 5531 1478 5586 991991191οηὶ19
1500 5548 1571 5602 99119
1593 5540 1643 5589 est
1678 5533 1771 5605 Ipsius
1789 5535 1898 5593 uulso
