4020 6014
221 229 281 287 436
795 218 918 279 Locus
934 217 1138 278 VIOESIMUS
1155 220 1334 287 QUARTUS

220 382 261 431 tt.
281 375 318 429 ad
336 374 427 431 Bonis.
447 377 546 448 repetit
563 377 633 431 illud
644 377 821 447 Hieronymi:
841 375 1048 431 Homicidosel
1080 376 1154 445 qnod
1184 377 1250 448 quie
1281 376 1432 432 absurdum
1471 391 1531 431 esse
1556 332 1678 445 lipsimet
1706 368 1915 441 Amnaptisns

219 463 382 517 remearios
408 466 512 533 punire
541 483 596 519 non
624 474 664 520 est
690 466 790 535 effusio
810 463 970 534 sanguines,
1001 462 1052 514 sed
1077 469 1244 533 agnosmnt,
1264 462 1416 526 fateantur,
1442 462 1532 533 legem
1549 460 1604 515 Dei
1623 459 1770 515 admittere
1790 457 1917 526 aliquam

133 594 139 622 .-
220 548 311 617 lepum
328 549 518 603 ministerium.
537 549 584 604 lib.
603 557 624 607 1.
647 551 681 605 de
700 550 751 607 cir.
771 549 824 606 Dei
843 566 904 620 cap.
918 556 967 605 17:
986 549 1051 602 Noa
1078 548 1277 604 limitationem.
1313 548 1452 620 Urgemus
1471 552 1564 602 autem
1582 545 1680 600 merito
1704 549 1804 598 contra
1835 544 1915 594 Ans·

221 635 332 687 occides
350 652 400 687 nec
420 644 458 704 te,
480 653 529 690 nec
557 637 686 690 alterum.
724 635 870 698 Quasdam
896 652 960 690 vero
977 650 1052 688 eece-
1078 634 1230 704 bsptistas,
1249 634 1323 706 quod
1343 635 1387 688 lex
1414 634 1481 697 Dei,
1508 652 1564 688 non
1587 633 1711 694 occides,
1741 645 1797 684 non
1822 629 1853 681 in
1883 628 1917 683 N.

217 720 327 789 ptiones
345 722 442 774 eodem
462 723 526 790 ipso
544 723 642 776 diuino
658 724 728 783 feeit
752 724 920 784 auctoritas,
949 729 979 774 nt
998 738 1053 774 non
1080 720 1189 775 demum
1209 720 1241 774 T.
1260 720 1436 791 promulgata
1452 721 1501 788 sit,
1530 718 1579 773 sed
1606 719 1634 772 in
1659 718 1693 773 V.
1712 715 1797 771 etiam
1815 714 1852 768 Τ.
1874 731 1917 769 ex·

220 805 305 859 liceat
325 807 460 859 lamisione
484 809 588 875 occidi,
606 812 657 862 sed
673 810 717 862 lris
734 809 864 878 exceptis,
886 827 954 878 qnos
974 809 1054 860 Deus
1066 844 1068 885 Ι
1080 805 1188 874 stiterit,
1207 805 1293 861 nihilo
1314 813 1406 860 tamen
1426 806 1515 860 minus
1534 804 1713 875 magistratus
1733 801 1768 856 V.
1788 800 1822 855 T.
1847 800 1919 854 occi·

222 891 315 944 occidi
325 893 420 959 jubet,
449 895 504 945 sies
523 896 594 946 data
614 894 683 963 lepe,
700 895 757 948 sive
777 897 818 948 ad
830 911 983 963 paeoniam
996 910 1053 962 pro
1066 896 1069 953 l
1081 892 1122 946 dit
1139 891 1306 947 facinorosos
1321 891 1381 947 Deo
1393 891 1580 961 praecipiente
1592 896 1620 943 et
1636 886 1816 960 approbante.
1842 886 1920 957 Ergo

221 985 345 1046 tempore
368 995 498 1046 expresso
518 979 654 1045 iussione.
689 982 765 1034 Nom
787 981 838 1049 qui
860 981 972 1048 oceidit,
994 974 1114 1048 ipse'ex
1133 977 1185 1032 hac
1206 980 1267 1049 lege
1284 977 1396 1048 probari
1413 977 1519 1047 nequit,
1536 974 1713 1047 magistratui
1733 990 1789 1028 non
1807 987 1919 1042 compe

221 1063 405 1115 ministerium
420 1065 536 1131 praebet
546 1065 665 1133 jubenti,
687 1066 758 1118 sicut
770 1065 971 1119 adminiculum
993 1064 1053 1131 plo·
1080 1069 1139 1118 tere
1154 1064 1202 1133 jus
1221 1063 1316 1134 gladii.
1335 1069 1359 1119 2.
1380 1063 1444 1119 Esa.
1466 1069 1512 1131 lt,
1538 1080 1563 1117 v.
1583 1068 1615 1118 a:
1650 1062 1716 1115 Non
1732 1059 1919 1126 malefaciant

222 1148 287 1201 dius
304 1156 344 1201 est
362 1151 457 1216 uterrti,
476 1150 762 1220 etideonequaquam
781 1159 880 1206 contro
899 1152 949 1204 loo
965 1165 1052 1219 pros·
1080 1167 1129 1202 nec
1146 1157 1322 1218 corrumpent
1338 1151 1369 1203 in
1385 1151 1514 1204 nomaso
1535 1156 1626 1203 monte
1645 1147 1805 1200 sanctitatis
1832 1161 1918 1205 meae,

222 1240 329 1301 ceptum
343 1237 487 1304 fecerum,
508 1254 562 1305 quo
582 1238 686 1290 dictum
707 1244 759 1292 est:
788 1238 853 1291 Non
871 1237 988 1304 occides,
1007 1234 1057 1304 qui
1082 1236 1149 1304 quia
1169 1237 1278 1305 repleto
1295 1244 1335 1290 est
1352 1246 1431 1291 terro
1448 1237 1566 1290 scientio
1583 1235 1719 1301 Domini,
1744 1233 1820 1303 quod
1840 1247 1919 1302 repe

224 1320 286 1372 Deo
308 1329 421 1374 auctore
441 1322 516 1375 bello
542 1331 685 1391 pesserunt
712 1331 760 1376 out
780 1339 934 1392 personam
960 1337 1054 1390 peren·
1081 1322 1150 1376 titur
1172 1338 1232 1392 cap.
1260 1328 1309 1387 65,
1338 1340 1363 1377 v.
1393 1329 1435 1378 2⁵.
1470 1323 1550 1391 Erpo
1568 1323 1599 1375 in
1624 1322 1660 1375 N.
1685 1321 1714 1375 Τ.
1735 1319 1921 1388 magistratui

223 1414 263 1459 tes
276 1398 408 1477 publicae
423 1409 572 1478 potestatis
590 1411 740 1462 secundum
762 1410 810 1478 p'us
829 1409 913 1478 lepis,
943 1410 995 1461 iroo
1015 1415 1055 1460 est
1083 1409 1219 1462 nonlicet
1245 1410 1371 1462 semdae
1391 1408 1579 1474 facinorosos.
1615 1405 1843 1476 Respondemus:
1864 1421 1919 1458 non

221 1493 399 1560 juratissimus
435 1495 558 1547 rationis
596 1495 754 1563 imperium,
791 1495 941 1549 sceleratos
968 1501 1055 1546 morte
1082 1495 1176 1565 agitur
1187 1494 1226 1548 ibi
1242 1494 1277 1548 de
1290 1493 1382 1549 officio
1395 1495 1583 1566 magistratus,
1603 1493 1651 1547 sed
1664 1493 1699 1546 de
1710 1490 1921 1547 conversatione

220 1579 384 1646 punierunt.
414 1578 493 1634 Haec
510 1579 674 1650 Hieronymi
693 1587 721 1635 et
738 1581 890 1652 Augustini
905 1580 980 1634 dicta
991 1578 1055 1632 alle-
1082 1579 1190 1650 piorum
1215 1580 1243 1634 iu
1260 1596 1346 1650 reguo
1364 1580 1476 1636 Christi.
1512 1578 1654 1634 Praedicit
1680 1576 1825 1647 propheta,
1845 1576 1920 1630 futu·

224 1672 326 1734 gantur
345 1682 368 1719 o.
388 1664 550 1719 Homicidas
569 1673 621 1723 etc.
635 1684 658 1721 c.
685 1665 738 1730 Qui
759 1667 854 1721 malos.
875 1672 926 1720 etc.
946 1683 968 1719 c.
990 1663 1057 1727 Quis
1083 1684 1143 1720 rum
1163 1666 1241 1721 utin
1259 1666 1293 1723 N.
1313 1665 1346 1720 T.
1366 1683 1415 1737 per
1433 1666 1586 1720 doctrinam
1607 1662 1752 1734 evangelii,
1773 1678 1850 1732 quae
1866 1661 1920 1714 Dei

226 1750 306 1804 enim.
320 1758 405 1807 stoc.
433 1751 462 1806 si
475 1769 530 1806 nou
549 1751 614 1806 lieet
631 1768 705 1806 caus.
728 1757 768 1807 23.
783 1769 810 1822 q.
826 1758 850 1808 5.
863 1750 963 1822 quibus
982 1765 1056 1804 caus.
1085 1753 1301 1807 misericordiam
1321 1753 1350 1806 in
1375 1752 1439 1806 Filii
1464 1752 1594 1806 missione
1617 1749 1769 1805 exhibitam
1786 1747 1920 1813 celebrat,

226 1843 254 1890 et
287 1844 392 1907 quaest
418 1837 516 1891 iisdem
546 1837 629 1893 etiam
656 1837 725 1893 haec
757 1838 949 1909 adjunguntur
974 1854 998 1890 c.
1028 1835 1058 1891 Si
1084 1839 1168 1893 animi
1184 1839 1324 1894 homiuum
1342 1839 1449 1893 sincera
1467 1844 1495 1893 et
1513 1837 1621 1892 ardenti
1644 1835 1793 1890 dilectione
1813 1834 1920 1904 impleti

225 1922 404 1977 homicidium
432 1940 466 1977 ex
491 1922 539 1977 lib.
566 1929 589 1978 1.
613 1922 732 1995 August.
754 1924 790 1977 de
812 1923 860 1978 lib.
887 1911 997 1977 arbitri
1026 1922 1059 1975 Si
1084 1926 1243 1988 mitescant,
1262 1931 1295 1980 ut
1312 1926 1361 1996 qui
1378 1931 1461 1979 antea
1479 1925 1590 1978 fuerant
1609 1922 1735 1977 crudeles
1752 1925 1782 1975 et
1801 1920 1920 1975 immise-

225 2008 405 2062 homicidium
425 2017 465 2062 est
482 2009 617 2062 bominem
637 2011 773 2073 occidere,
789 2017 883 2078 potest
902 2009 1058 2078 aliquando
1083 2013 1212 2080 ricordes,
1231 2029 1264 2067 ex
1283 2012 1424 2083 agnitione
1443 2012 1495 2066 Dei
1516 2017 1545 2065 et
1562 2009 1712 2064 salvatoris
1733 2008 1803 2063 Jesu
1817 2006 1920 2061 Christi

226 2095 430 2148 occider-esino
443 2103 570 2163 peccota,
587 2113 651 2149 nom
666 2105 691 2149 et
706 2096 787 2150 miles
805 2096 909 2150 bostem
927 2103 954 2148 et
972 2095 1058 2161 iudeo
1085 2097 1217 2168 Spiritum
1235 2097 1388 2152 dilectionis
1404 2096 1568 2166 concipiant,
1588 2110 1735 2166 perquem
1754 2111 1810 2148 uon
1831 2092 1919 2146 solum

226 2182 269 2234 uel
285 2180 412 2234 minister
431 2183 492 2249 ejus
508 2191 656 2245 nocentem,
674 2191 700 2235 et
718 2183 764 2235 cui
773 2186 853 2248 forte
872 2182 958 2236 inuito
976 2188 1058 2250 atqrse
1084 2185 1155 2238 inter
1182 2201 1211 2238 se
1241 2201 1303 2238 cum
1331 2182 1392 2237 aliis
1412 2199 1518 2252 ,pacem
1544 2181 1647 2244 colant,
1674 2179 1828 2234 sedetiam
1850 2179 1921 2232 cari·

227 2268 400 2336 imprudenti
417 2268 501 2320 telum
520 2270 555 2320 de
575 2287 658 2321 manu
669 2270 790 2337 sugerit,
809 2286 864 2321 non
877 2269 947 2321 milri
963 2269 1059 2321 ciden-
1085 2271 1149 2324 tatis
1169 2269 1262 2324 officia
1281 2269 1397 2323 invicem
1416 2274 1563 2339 praestent.
1595 2266 1783 2336 Hieronymus
1802 2266 1831 2319 iu
1843 2280 1918 2319 oom-

228 2360 274 2406 tur
289 2371 422 2422 peceare,
443 2372 504 2406 curn
521 2354 659 2407 bominem
677 2355 821 2415 occidunt,
840 2357 891 2408 sed
911 2371 960 2407 nec
977 2354 1059 2406 etium
1086 2362 1167 2410 ment
1186 2355 1237 2410 hoc
1250 2355 1311 2410 loco
1326 2354 1411 2410 refert
1423 2356 1459 2408 ad
1474 2353 1662 2409 defensionem
1676 2352 1811 2408 ecclesiae
1823 2357 1921 2406 canna

227 2441 384 2493 homicidae
397 2441 446 2493 isti
453 2441 600 2512 appellari
607 2441 703 2495 solent.
727 2458 750 2495 e.
765 2439 838 2494 Reos
847 2445 899 2496 etc.
912 2457 945 2495 ex
954 2437 1059 2511 Grego·
1084 2442 1194 2497 hostes:
1232 2444 1341 2496 Nocere
1376 2450 1401 2495 et
1431 2441 1559 2495 occidere
1587 2456 1763 2510 nequaqnam
1788 2446 1921 2507 poterunt

226 2526 280 2579 rio:
316 2527 457 2580 Nonnulli
484 2528 513 2579 in
550 2526 578 2580 V.
614 2526 645 2581 T.
671 2527 845 2581 inveniuntur
869 2528 958 2580 malos
975 2527 1059 2580 truci·
1085 2538 1220 2583 venenato
1243 2530 1328 2599 prius
1345 2528 1484 2582 animalia
1509 2545 1573 2596 eos,
1603 2528 1654 2595 qui
1682 2527 1872 2579 habitauerint
1891 2526 1921 2576 in

227 2616 324 2678 desse,
352 2630 401 2665 nso
420 2621 513 2666 tomen
532 2622 755 2682 transgressores
778 2614 864 2682 lepis,
892 2616 943 2668 sed
962 2615 1059 2680 defen·
1085 2624 1176 2670 monte
1212 2623 1309 2668 sancto
1340 2615 1405 2682 Dei,
1446 2615 1523 2682 quod
1542 2610 1759 2682 'interpretatur
1794 2612 1920 2665 ecclesio.

226 2716 303 2752 sores
321 2700 510 2769 appellentur.
547 2700 715 2755 Prohibetur
740 2717 807 2769 erpo
831 2701 885 2755 illo
909 2708 1059 2770 praecepto
1084 2701 1170 2774 l'lura
1196 2701 1231 2756 de
1257 2700 1310 2755 hoc
1338 2700 1397 2754 loco
1421 2699 1548 2755 dicentur
1569 2699 1685 2754 interius
1705 2699 1733 2752 in
1757 2699 1919 2770 quaestione

228 2786 342 2853 quisquc
371 2802 424 2838 suo
442 2787 616 2857 anctoritate,
638 2789 667 2839 in
690 2804 784 2841 necem
801 2786 924 2856 alicuius
943 2786 1059 2850 ormari,
1086 2786 1223 2843 debello.
1263 2792 1286 2842 3.
1305 2785 1403 2842 Matth.
1422 2792 1446 2850 6,
1467 2804 1491 2841 v.
1512 2790 1561 2840 12:
1586 2786 1706 2840 Remitte
1722 2785 1804 2838 nobis
1824 2785 1919 2838 debito

227 2889 283 2923 non
310 2872 380 2940 lepis
409 2873 525 2942 inperio
551 2891 614 2926 reos
640 2874 724 2926 morti
754 2874 882 2942 tradere,
912 2873 962 2942 qui
988 2873 1059 2927 enim
1085 2882 1190 2942 nostro,
1210 2874 1282 2926 sicut
1298 2881 1325 2926 et
1342 2891 1393 2926 nos
1419 2874 1585 2926 remittimus
1612 2873 1785 2926 debitoribus
1807 2873 1919 2925 nostris.

225 2958 340 3026 publiea
354 2966 491 3027 potestate
508 2961 624 3022 functos
642 2960 732 3027 ipsius
746 2959 817 3027 lepis
835 2959 951 3028 imperio
970 2960 1059 3013 malos
1088 2962 1166 3028 Erpa
1179 2959 1360 3028 nequiretis
1370 2960 1449 3013 debet
1456 2960 1605 3028 remittere,
1615 2977 1670 3013 uon
1682 2966 1773 3012 autem
1783 2958 1921 3027 capitales

179 3088 182 3098 .
223 3044 354 3111 periurii,
383 3060 432 3097 nec
462 3045 541 3097 illias
564 3045 712 3114 praecepti
736 3051 942 3113 transpressor,
974 3061 1024 3098 nec
1042 3064 1060 3098 a
1083 3063 1190 3116 poenas
1208 3047 1346 3114 irrepere,
1361 3063 1423 3098 eum
1440 3061 1472 3097 ee
1485 3045 1661 3114 praescripto
1678 3043 1787 3097 Garun
1805 3046 1921 3097 maciem

228 3129 342 3183 coelesti
360 3132 460 3198 patrio
486 3131 596 3184 alienus
614 3131 738 3184 babetur.
775 3131 856 3196 Quod
882 3148 946 3185 vero
964 3132 1061 3202 Angu-
1089 3133 1243 3186 orationem
1280 3130 1401 3184 recitare
1436 3139 1561 3198 copulor.
1605 3130 1833 3201 Respondemus:
1867 3128 1921 3183 hac

228 3215 317 3269 stinus
337 3214 414 3283 epist
444 3221 501 3269 159.
533 3216 744 3270 Marcellianum
767 3216 908 3272 tribunum
935 3233 986 3287 pro
1006 3217 1063 3271 Do·
1089 3219 1195 3274 ratione
1212 3217 1302 3272 nullas
1320 3216 1431 3271 omnino
1447 3232 1549 3288 poenas
1575 3216 1698 3287 irrogare
1716 3219 1811 3286 posset
1835 3215 1921 3284 magi-

228 3301 337 3379 qatistis
357 3299 630 3356 circumcellionibus
654 3310 750 3372 rogat,
778 3311 808 3355 ut
831 3303 991 3357 uerberibus
1015 3321 1062 3358 eos
1089 3310 1207 3372 stratus,
1233 3321 1284 3359 nee
1303 3309 1431 3375 parentes
1447 3304 1550 3359 delicta
1569 3302 1717 3358 liberorum
1742 3301 1829 3372 virgis
1847 3303 1922 3356 cobr-

228 3395 360 3457 coerceat,
380 3406 435 3441 non
452 3395 542 3441 eutem
560 3396 647 3442 morte
665 3390 779 3457 perdat·
797 3389 826 3442 id
840 3388 989 3444 Gratianus
1002 3389 1027 3443 d.
1046 3389 1064 3445 l.
1090 3407 1152 3446 cere
1178 3390 1327 3455 deberent,
1359 3391 1433 3462 quod
1461 3389 1620 3444 absurdum.
1661 3387 1798 3460 Loquitur
1827 3394 1921 3442 autem

230 3473 270 3529 sic
297 3474 430 3545 explicat,
460 3478 537 3544 quod
558 3477 747 3545 supplicando
772 3477 895 3546 spolium
924 3476 999 3529 citos
1025 3476 1064 3529 eis
1090 3477 1216 3534 Christus
1234 3477 1269 3532 de
1287 3476 1399 3532 offensis
1416 3476 1545 3546 privatis,
1572 3492 1643 3545 quae
1661 3474 1690 3528 in
1709 3474 1765 3527 vita
1783 3476 1921 3530 communi
1955 3502 1958 3506 ·

230 3561 370 3615 rancori
390 3562 563 3630 poposcerit,
586 3580 641 3615 non
661 3570 753 3615 tomen
773 3561 863 3630 lepum
881 3563 1064 3629 severitatem,
1092 3565 1225 3632 incidunt,
1251 3579 1321 3634 quas
1344 3563 1467 3617 fraterna
1494 3562 1694 3617 condonatione
1712 3578 1744 3615 ac
1763 3561 1924 3615 reconcilia·

232 3664 288 3715 quo
323 3648 394 3702 tales
433 3657 519 3701 morte
552 3649 728 3717 plectentur,
769 3667 825 3701 non
862 3650 1065 3702 observandam
1090 3650 1166 3706 tione
1193 3649 1343 3704 abolendas
1372 3666 1432 3704 esse
1458 3648 1540 3703 facile
1565 3647 1757 3714 concedimus,
1790 3647 1840 3701 sed
1867 3647 1924 3700 alia

233 3734 366 3787 docuerit.
393 3733 506 3788 Rectius
520 3734 627 3798 dicitur,
638 3735 712 3806 quod
727 3734 763 3789 ob
773 3735 860 3791 solam
871 3734 998 3790 haeresin
1007 3734 1066 3806 gla·
1091 3737 1161 3793 ratio
1180 3743 1222 3791 est
1240 3737 1390 3791 enormium
1409 3734 1574 3790 delictorum
1589 3733 1816 3803 tranquillitatem
1831 3731 1922 3803 publi·

106 3821 158 3864 ΧΠ·
176 3821 219 3864 ¹⁷¹-
233 3818 308 3872 dium
321 3820 453 3874 adversus
465 3820 538 3891 ipsos
552 3821 649 3892 stringi
662 3821 789 3887 noluerit,
802 3839 858 3892 qua
870 3822 905 3875 de
921 3839 950 3877 re
962 3826 1065 3892 postea.
1092 3842 1152 3880 cam
1170 3822 1349 3885 turbantium,
1371 3829 1466 3877 conus
1484 3837 1555 3892 quae
1570 3819 1745 3891 magistratui
1756 3819 1867 3890 gladius
1879 3826 1922 3872 est

105 3900 206 3992 *fimi*
273 3911 328 3961 304.
355 3907 554 3975 Anaboptistae
575 3906 750 3977 magistratui
769 3906 926 3963 Christiano
941 3909 989 3977 jus
1007 3908 1065 3979 gla-
1092 3913 1180 3966 datus.
1216 3916 1241 3966 4.
1261 3909 1360 3964 Matth.
1383 3914 1422 3978 13,
1441 3926 1465 3963 v.
1487 3913 1532 3963 30:
1557 3907 1646 3960 Sinite
1666 3921 1787 3960 ermom
1805 3906 1921 3959 adonio.

106 3955 177 4051 irrue
233 3992 272 4044 dii
299 3991 432 4046 adversus
456 3991 624 4047 facinorosos
648 4009 703 4046 nou
727 4000 884 4063 competere
908 3993 984 4050 hisce
1002 4012 1064 4065 pro·
1091 3999 1169 4065 Erpa
1188 3998 1367 4065 inopistrotus
1384 4013 1418 4048 eo
1438 4012 1493 4047 non
1512 3994 1591 4047 debet
1610 3994 1767 4045 eradicare.
1800 3990 1922 4061 Respon-

106 4059 197 4146 fflss.
232 4077 299 4133 bare
318 4078 433 4148 eupiunt
450 4079 625 4149 argumentis.
661 4084 684 4136 1.
704 4083 761 4134 Les
780 4082 853 4133 Dei.-
872 4098 927 4134 non
945 4083 1064 4145 cesima,
1091 4084 1201 4137 demus:
1221 4082 1366 4153 explicatio
1378 4079 1572 4150 parabolarum
1582 4080 1664 4148 juxta
1681 4075 1746 4131 fidei
1764 4076 1920 4147 analogiam

105 4157 184 4249 {32²¹
232 4165 372 4233 pennulis
398 4172 446 4218 est.
483 4167 561 4233 Erpo
586 4166 691 4233 oblipot
709 4167 792 4219 etiam
817 4167 1018 4234 mopistrotum,
1039 4176 1064 4221 et
1090 4168 1266 4224 instituenda.
1301 4168 1376 4238 Ergo
1396 4182 1451 4220 non
1471 4163 1554 4219 debet
1572 4163 1642 4218 haee
1664 4161 1798 4233 parabola
1818 4163 1858 4215 ita
1877 4179 1921 4216 ex·

211 4256 213 4261 ⁴
228 4269 284 4320 per
302 4268 469 4320 consequens
487 4270 543 4305 non
556 4252 634 4305 debet
644 4252 823 4317 facinorosos
837 4253 935 4320 plodio
952 4255 1063 4322 puerine.
1089 4254 1201 4324 plicari,
1220 4262 1251 4307 ut
1268 4253 1349 4307 tollat
1362 4251 1484 4306 officium
1502 4250 1682 4320 magistratus
1701 4247 1811 4301 disertis
1829 4247 1922 4302 verbis

232 4336 454 4409 Respondemus:
485 4339 651 4392 contrarium
678 4338 847 4394 ostendimus
870 4339 899 4392 in
924 4345 1004 4395 tract
1029 4340 1064 4395 de
1089 4341 1221 4395 traditum
1238 4339 1316 4393 Rom.
1339 4344 1385 4406 13,
1412 4355 1436 4392 v.
1456 4343 1480 4392 t.
1514 4335 1557 4390 De
1579 4351 1644 4390 vero
1669 4333 1752 4404 hujus
1772 4333 1923 4403 parabolae

231 4424 293 4494 lege
323 4429 345 4489 ξ.
377 4430 434 4480 156.
470 4424 543 4481 Saue
569 4431 748 4496 praeceptum
773 4425 808 4480 de
831 4443 886 4479 uon
913 4425 1063 4480 occidendo
1089 4444 1172 4481 sensu
1190 4425 1304 4480 inferius
1326 4425 1381 4479 late
1407 4421 1602 4493 disputabitur.
1638 4424 1664 4473 5.
1685 4420 1814 4474 Christus
1833 4421 1922 4473 incre·

233 4509 340 4581 obligat
360 4512 552 4581 magistratum
578 4518 610 4566 ut
633 4512 770 4567 hominem
788 4511 943 4582 privatum,
960 4528 995 4565 ue
1013 4510 1062 4566 sci·
1075 4521 1139 4581 ,pot
1157 4512 1313 4580 discipulos
1330 4511 1397 4564 Luc.
1417 4514 1441 4577 9,
1461 4526 1493 4561 r.
1528 4514 1569 4562 55.
1595 4509 1672 4576 quod
1695 4507 1787 4571 ianam
1807 4505 1923 4559 eooldus

232 4593 298 4648 licet
314 4598 459 4651 temerario
477 4615 547 4653 ausu
566 4599 724 4654 innocentes
742 4597 865 4667 occidat,
891 4613 946 4650 non
971 4574 1119 4653 autemlin
1142 4599 1339 4653 Samaritanus
1358 4595 1455 4650 delabi
1475 4593 1662 4663 appetiverint,
1682 4599 1710 4646 et
1728 4593 1845 4660 opponit
1865 4591 1924 4644 tito

232 4688 264 4735 ut
285 4699 430 4751 personam
452 4684 594 4755 publicam
619 4685 673 4738 Dei
694 4684 802 4754 judicia
827 4685 959 4738 adversus
979 4640 1220 4753 male-lnoturam
1240 4685 1275 4739 N.
1296 4685 1328 4735 T.
1351 4684 1426 4752 quod
1452 4689 1490 4733 est
1509 4688 1616 4748 tempus
1634 4680 1759 4745 prusiae.-
1795 4679 1924 4732 Nesciat,

233 4766 300 4821 ficos
319 4777 490 4825 exercentem
510 4769 581 4825 Gen.
600 4777 625 4841 9,
640 4788 666 4824 v.
685 4778 709 4826 t.
727 4771 805 4826 Rom.
830 4775 868 4839 13,
888 4787 913 4826 v.
934 4776 958 4825 t.
988 4764 1170 4853 Quoslcujus
1193 4772 1309 4841 spiritis
1326 4768 1387 4837 filii
1409 4768 1491 4820 sitis?
1529 4765 1751 4837 Respondemus:
1788 4763 1926 4835 improbet

233 4853 303 4908 euim
329 4857 507 4926 magistratus
527 4859 609 4927 juxta
628 4856 704 4926 leges
729 4863 841 4928 propter
859 4856 981 4910 enormia
998 4856 1216 4934 faci-{Christus
1248 4856 1385 4926 privatam
1416 4853 1554 4908 vindictae
1584 4851 1781 4922 cupiditatem,
1822 4867 1840 4905 a
1870 4866 1924 4921 qua

232 4957 300 4995 nora
317 4942 404 4995 occidi
419 4943 508 5012 jubet,
523 4944 584 4998 illos
604 4943 709 4998 ratione
723 4941 807 4997 officii
825 4948 853 4996 et
863 4950 895 4996 ut
909 4944 967 4996 Dei
985 4943 1215 5002 mini-{officium
1243 4941 1420 5012 magistratus
1451 4939 1600 4994 vindictam
1633 4937 1728 4991 divino
1757 4936 1924 4991 auctoritate

232 5035 289 5079 ster
317 5027 419 5081 occidit
439 5045 472 5082 ac
490 5029 605 5099 proinde
620 5046 674 5083 non
698 5030 819 5083 humana
831 5028 995 5096 temeritate,
1015 5028 1063 5083 sed
1076 5018 1077 5040 ¹
1091 5028 1243 5085 exercentis
1270 5026 1430 5097 longissime
1460 5030 1502 5078 est
1529 5023 1696 5079 distinctum.
1734 5023 1793 5079 Nec
1824 5022 1925 5077 licebat

232 5112 324 5167 divina
349 5115 513 5169 auctoritate
533 5115 666 5186 capitales
683 5131 785 5184 poenas
815 5115 868 5168 illis
888 5114 1000 5184 irrogat.
1035 5115 1065 5168 Si
1090 5114 1239 5187 apostolis,
1258 5119 1353 5183 utpote
1373 5110 1566 5166 ecclesiasticis
1584 5110 1717 5179 personis,
1734 5125 1838 5179 poenas
1856 5108 1925 5178 poli-

232 5205 344 5268 propter
364 5202 452 5272 legem
472 5201 548 5256 illam
568 5201 708 5265 moralem,
728 5220 783 5256 uon
802 5200 920 5263 occides,
940 5184 1078 5263 absolute}
1092 5203 1160 5257 deas
1180 5201 1315 5271 irrogare,
1336 5215 1418 5269 quam
1437 5198 1473 5251 ad
1492 5214 1548 5251 rem
1570 5202 1747 5266 praepostere
1764 5195 1925 5266 allegabant

232 5290 260 5338 et
287 5285 449 5356 simpliciter
478 5287 505 5340 in
536 5287 568 5342 N.
589 5285 621 5339 T.
641 5285 811 5356 prohibitum
836 5291 908 5342 esset
926 5283 1338 5343 hominemextraordinerium
1364 5283 1444 5338 Elias
1461 5285 1573 5338 factum.
1600 5288 1622 5337 b.
1646 5281 1726 5336 Rom.
1754 5287 1792 5349 tt,
1817 5298 1843 5333 v.
1877 5286 1924 5334 lt:

231 5371 367 5440 occidere,
384 5379 527 5442 peccasset
544 5373 627 5427 etiem
640 5372 895 5426 Petrus'Ananiam
910 5360 1079 5440 etSepphi-i
1092 5375 1188 5428 Nolite
1213 5373 1316 5425 molum
1340 5372 1460 5423 reddere
1482 5386 1539 5437 pro
1570 5368 1653 5422 malo.
1699 5367 1923 5436 Respondemus:

231 5473 289 5509 ranr
317 5458 410 5511 divino
431 5459 537 5530 judicio
562 5461 642 5513 morti
666 5459 830 5529 adjudicans
855 5463 917 5513 Act.
940 5465 963 5520 5,
994 5475 1017 5512 r.
1039 5465 1061 5516 9.
1094 5459 1214 5530 loquitur
1236 5457 1376 5528 apostolus
1404 5457 1439 5510 de
1467 5454 1590 5523 personis
1615 5453 1729 5524 privatis
1758 5460 1787 5506 et
1813 5453 1922 5524 privata
1973 5520 1976 5525 ι
