4020 6014
264 308 303 367 68
844 298 966 358 Locus
983 296 1187 358 VICESIMUS
1205 298 1369 357 TERTIUS
1403 298 1420 364 'a

262 459 339 512 beati
354 458 434 513 illius
451 458 567 529 capitis,
595 458 697 510 deinde
717 457 801 510 etiam
821 457 1014 527 cpiscoporum
1027 472 1093 525 pro·
1123 456 1266 510 Erudium
1278 456 1543 510 mibisuccessorem
1561 456 1631 510 uolo.
1670 455 1811 524 Apepulo
1830 474 1894 510 moe
1915 475 1960 510 ac-

262 547 370 599 vinciae
389 546 451 612 ejus
468 545 660 598 uniuersorum
686 544 823 612 totiusque
848 544 919 598 cleri
944 551 969 596 et
992 560 1096 610 earum,
1123 544 1272 596 ciarnatum
1291 550 1347 610 est‚·
1370 545 1433 596 Deo
1451 545 1577 612 pretias,
1604 541 1716 596 Christo
1735 542 1837 596 laudes
1856 544 1962 598 dictum

263 633 313 702 qui
343 632 537 685 Alexandriae
564 630 674 700 primos
709 632 827 685 bonores
862 639 888 684 et
916 629 1096 697 magistratus
1124 637 1162 683 est
1181 630 1298 696 uipesies
1317 630 1428 694 terties,·
1447 630 1567 682 Exaudi
1585 629 1710 697 Christe,
1728 629 1887 696 Artpustino
1904 632 1962 685 uita

262 719 405 788 parebant,
430 720 501 771 notis
525 725 551 771 et
575 718 694 771 culminis
709 718 793 785 plebe
811 718 895 771 etiam
913 724 1013 769 cuncta
1029 717 1095 779 fau·
1124 716 1228 767 dictum
1246 723 1285 767 εει
1301 716 1390 768 series
1409 716 1501 768 decies
1508 736 1519 778 ;
1544 716 1583 767 Te
1602 717 1729 778 Patrem,
1753 723 1780 768 te
1801 717 1962 786 episcopum

263 808 315 860 stis
334 806 585 860 acclamationibus
613 805 763 858 concilia-m
790 803 823 857 id
845 819 983 872 perquam
1011 803 1096 855 liben-
1124 802 1229 854 dictum
1249 809 1288 854 est
1308 802 1397 854 octies.
1436 802 1557 868 Cumque
1576 801 1754 870 reticeretur,
1786 804 1962 871 Arspsestinus

265 902 308 946 ter
338 895 525 962 confirmante.
562 891 640 946 Idem
668 890 785 945 habetur
812 890 840 943 in
868 890 962 943 histor.
991 887 1097 957 tripart.
1125 888 1273 956 episcopus
1293 888 1378 940 elisit:
1401 888 1466 941 Non
1481 904 1551 955 opus
1570 895 1617 955 est,
1636 905 1677 940 me
1696 889 1731 939 dc
1748 888 1883 945 laudibus
1901 893 1962 961 ejus

264 980 312 1034 lib.
333 988 357 1035 l.
377 996 400 1036 ε.
421 985 467 1034 37:
491 981 559 1033 Post
581 978 770 1032 Athanasium
796 976 916 1045 ssrescepit
934 977 1037 1028 Petrus
1055 975 1098 1026 nir
1126 974 1240 1041 alr'quid
1273 975 1380 1037 dicere,
1409 976 1493 1037 fanen
1522 974 1680 1042 sapientiae
1710 983 1736 1027 ει
1766 994 1859 1045 parca
1890 996 1963 1032 ners-

266 1068 387 1137 optimus
403 1067 612 1136 praesulatum,
642 1082 721 1133 quem
741 1065 847 1116 dudum
866 1062 916 1115 ille
934 1063 1027 1114 beatus
1046 1063 1097 1114 ele·
1126 1063 1261 1126 candiae,
1285 1063 1406 1125 sufficit,
1433 1063 1501 1130 quia
1529 1063 1615 1114 nostra
1634 1079 1695 1114 estin
1714 1071 1739 1115 ει
1757 1063 1808 1116 boc
1831 1083 1874 1118 me
1892 1067 1962 1119 aelle

265 1163 346 1222 perat
385 1154 490 1207 cunctis
525 1152 757 1206 consentientibus
787 1157 813 1202 et
843 1148 1038 1202 sacerdotibus
1074 1157 1099 1200 et
1127 1149 1198 1211 (tica,
1218 1150 1294 1216 arrad
1309 1167 1357 1202 uos
1375 1148 1445 1201 uelle
1463 1149 1530 1216 scio,
1549 1157 1574 1201 et
1591 1150 1617 1202 si
1635 1157 1700 1202 ante
1719 1151 1862 1219 nescirem,
1879 1153 1962 1206 bodie

265 1241 402 1294 nobilibus
429 1248 583 1308 cunctaque
599 1239 682 1306 plebe
707 1246 733 1289 et
758 1239 860 1301 favore
883 1254 932 1289 sao
951 1237 1100 1304 propriam
1126 1235 1281 1303 probarem.
1319 1236 1381 1288 Hoc
1408 1251 1474 1304 erpo
1503 1237 1583 1299 uolo,
1614 1237 1666 1288 lsoc
1696 1253 1715 1289 a
1742 1237 1868 1290 Domino
1901 1239 1964 1293 Deo

264 1327 473 1382 ostendentibus
490 1327 668 1380 uoluntatem.
705 1326 806 1390 “Noa
827 1325 904 1392 quod
923 1323 1099 1377 Cbrs'stianus
1126 1330 1221 1374 nostro
1238 1339 1310 1373 nnnc
1329 1321 1411 1374 etiam
1431 1322 1458 1372 in
1481 1329 1569 1375 aetate
1586 1321 1699 1388 friplda
1712 1323 1965 1389 antisseroentibas

265 1431 345 1480 εεεεε,
357 1414 471 1479 dippum
483 1420 508 1465 ts
514 1412 709 1480 judicavimus
720 1411 882 1479 episcopatu
892 1409 969 1461 urbis
978 1417 1098 1475 nostrae,
1125 1426 1228 1476 prosae,
1258 1416 1289 1460 ut
1307 1409 1481 1461 boemerum
1509 1409 1608 1474 oretis,
1642 1409 1784 1476 exhortor,
1816 1412 1965 1476 admoneo,

264 1500 354 1571 inquit
373 1499 550 1554 Constantius
578 1499 613 1552 ad
635 1496 778 1551 Liberium
803 1497 877 1567 apud
896 1495 1098 1550 Theodoretum
1127 1513 1204 1562 rapo,
1224 1502 1254 1547 nt
1273 1495 1394 1547 omnircm
1412 1495 1441 1546 in
1456 1512 1529 1564 pace
1544 1495 1649 1549 Cbrirdi
1665 1496 1778 1548 collatis
1796 1505 1821 1549 et
1835 1498 1965 1566 conflatis

264 1587 312 1642 lib.
332 1592 362 1641 2:
377 1603 399 1640 c.
420 1592 459 1641 16.
479 1585 604 1640 Socrates
622 1583 669 1637 lib.
692 1591 715 1638 5.
735 1601 758 1638 c.
780 1591 802 1639 5.
822 1589 967 1650 memorat,
988 1585 1097 1652 populo
1126 1583 1258 1634 mentibus
1272 1583 1412 1650 confirmet
1426 1583 1512 1649 Deus,
1527 1584 1604 1649 quod
1623 1591 1753 1650 operatus
1770 1591 1811 1636 est
1829 1584 1859 1636 in
1878 1585 1965 1637 nobis.

260 1690 315 1743 per
345 1671 552 1737 trinundinum,
587 1669 614 1722 id
642 1677 685 1724 est
715 1678 772 1724 tres
799 1671 926 1724 solennes
953 1678 1099 1722 conuentus
1129 1668 1182 1729 Qui
1200 1669 1276 1721 misit
1295 1669 1364 1720 mibi
1381 1685 1456 1736 eum,
1475 1677 1563 1720 εεευει
1583 1686 1657 1734 cum,
1678 1677 1766 1722 seruet
1790 1670 1965 1739 incolumem,

264 1758 482 1824 ecclesiasticos,
523 1758 637 1809 nomina
679 1758 868 1810 necandorum
908 1757 1097 1809 ministrorum
1125 1755 1966 1826 seruetsineerimine,utquifacitpaudiumaiocntis,locum

262 1847 354 1910 fuisse
382 1843 616 1912 mancipatui*
664 1842 743 1896 Idem
772 1841 819 1895 lib.
851 1848 875 1897 4.
908 1841 970 1898 hist.
1002 1841 1091 1896 eccles
1126 1841 1256 1910 suppleat
1264 1842 1416 1896 morientis.
1436 1842 1461 1894 A
1473 1840 1594 1894 notariis
1606 1842 1747 1911 ecclcsiae,
1757 1842 1829 1895 sicat
1841 1846 1966 1914 cernitis,

266 1949 288 1985 c.
309 1936 348 1985 30.
369 1929 404 1984 de
423 1929 569 1984 Ambrosio
587 1931 686 1999 reteri,
714 1932 790 1998 qaod
813 1930 952 1982 communi
979 1928 1099 1980 omnium
1126 1928 1384 1996 eacrpiursturquue
1399 1926 1526 1993 dicimus,
1542 1929 1718 1997 excipiuntur
1735 1931 1965 2000 praemississet

265 2018 403 2088 suffrapio
423 2024 449 2070 et
466 2017 556 2086 ipsius
573 2017 751 2085 imperatoris
764 2017 906 2070 voluntate
924 2022 949 2068 et
967 2032 1099 2069 consensu
1127 2031 1201 2065 meres
1210 2030 1302 2068 sermo
1312 2022 1452 2066 etaeetrae
1463 2014 1682 2068 acclamationes
1692 2015 1721 2067 in
1734 2024 1841 2069 terram
1853 2036 1908 2070 reon
1919 2037 1964 2070 ca-

267 2106 296 2157 in
325 2105 484 2173 episcopum
514 2103 755 2156 Mediolanensem
785 2103 814 2155 in
846 2102 982 2155 Auxentii
1008 2101 1097 2154 locum
1128 2101 1966 2172 alteritate.Apopuloacclamatumesttripesiessenies;Deo

267 2192 370 2245 electus
389 2190 484 2253 suerit.
521 2189 685 2243 Mediolani
702 2189 812 2259 (inquit)
837 2206 898 2241 cum
916 2191 952 2241 de
971 2189 1099 2257 episcopo
1126 2187 1242 2252 pretias,
1253 2184 1479 2249 Ctre'stolaudes,
1490 2188 1608 2239 Exaudi
1618 2187 1733 2256 Christe,
1741 2189 1966 2256 Aupustiuonita

268 2278 398 2345 elipando
416 2292 583 2344 magnopere
600 2276 739 2327 turbatum
759 2283 834 2342 esset,
854 2275 1018 2328 Ambrosias
1033 2292 1100 2342 pro·
1128 2274 1231 2325 dictum
1248 2281 1289 2326 est
1302 2274 1446 2326 tredecies.
1468 2276 1507 2326 Te
1517 2283 1674 2342 patrante
1689 2275 1849 2344 episcopum
1859 2278 1965 2328 dictum

268 2364 357 2418 eremit
367 2364 396 2416 in
407 2362 562 2425 eeclesiam,
579 2370 609 2414 ut
624 2363 787 2414 seditionem
805 2370 994 2429 compesceret.
1015 2362 1100 2414 Post·
1127 2366 1167 2412 est
1179 2361 1279 2426 octies,·
1289 2361 1391 2429 dipnas
1406 2368 1431 2412 et
1438 2361 1536 2429 justus
1549 2369 1587 2413 est
1603 2361 1816 2431 dictumoipies;
1833 2362 1898 2416 bene
1910 2381 1964 2416 me-

268 2466 352 2520 auam
374 2448 499 2517 populas
528 2450 589 2518 ojus
622 2449 739 2500 adventu
765 2448 958 2515 conpriieuerat
987 2448 1100 2516 ipseque
1127 2447 1212 2502 ritas.
1244 2447 1309 2498 bene
1329 2448 1431 2513 dipnus
1463 2448 1565 2499 dictum
1591 2455 1632 2500 est
1650 2448 1803 2518 quinquies.
1841 2448 1964 2520 Cumque

263 2536 401 2606 populum
430 2537 464 2587 de
488 2535 584 2588 multis
609 2534 692 2586 rebus
711 2535 826 2587 utilibus
844 2535 970 2588 bortatur
987 2542 1101 2587 temera·
1126 2534 1295 2600 reticeretur,
1309 2533 1482 2601 Aupustinus
1496 2533 1582 2585 dicit:
1602 2534 1665 2603 Epo
1680 2542 1710 2586 ut
1723 2534 1849 2588 dicebam
1867 2539 1965 2590 volun-

268 2623 328 2674 ries
354 2621 544 2674 multitudinis
574 2621 692 2688 impetus
721 2628 923 2689 compresserat
956 2623 1102 2689 derepente
1127 2628 1209 2674 tatem
1231 2635 1318 2671 meam
1338 2627 1364 2671 et
1388 2619 1555 2672 voluntatem
1580 2615 1699 2672 nestram
1729 2622 1813 2690 pestis
1835 2624 1965 2677 eeclesia·

268 2726 324 2762 uno
342 2709 464 2762 omnirem
483 2724 616 2760 consensu
637 2716 663 2758 ει
677 2707 801 2760 clamore
819 2708 982 2778 episcopatu
1000 2708 1102 2775 dipnus
1131 2707 1217 2768 sticis,
1237 2707 1470 2774 quemadmodum
1488 2707 1528 2757 ad
1548 2707 1671 2759 bominac
1690 2707 1796 2775 attinet,
1815 2711 1965 2773 confirma·

270 2795 441 2848 existimatus
479 2802 520 2847 est
551 2795 724 2863 omniumque
754 2796 917 2864 desipnatus
947 2796 1101 2866 sss-ffiapiis.
1127 2800 1184 2845 tam
1206 2793 1286 2859 celo,·
1313 2794 1546 2860 quemadmodum
1569 2810 1634 2846 nero
1658 2795 1698 2845 ad
1720 2795 1851 2847 latentem
1878 2800 1965 2851 omni-

271 2880 431 2950 Episcopis‚
450 2880 500 2948 qui
517 2881 652 2942 aderant,
680 2881 826 2933 ridebatur
846 2882 914 2935 baec
932 2883 1103 2935 consentiens
1125 2879 1247 2948 potentis
1262 2879 1439 2946 uolrentatern,
1459 2896 1559 2941 onincs,
1578 2887 1608 2932 ut
1628 2879 1696 2947 diri,
1716 2896 1834 2949 aremus,
1852 2891 1882 2935 ut
1901 2902 1965 2937 eon-

266 2965 371 3038 populi
389 2982 441 3017 aas
459 2965 593 3018 diuinitus
610 2984 677 3019 sane
697 2968 813 3034 emissa,
842 2968 950 3020 ideireo
967 2969 1028 3021 sine
1047 2986 1102 3020 mo·
1129 2967 1217 3027 firmet
1239 2966 1324 3030 Deus,
1344 2966 1421 3033 osred
1437 2972 1567 3032 operatus
1587 2972 1628 3018 εει
1647 2964 1676 3016 in
1691 2967 1776 3019 nobis.
1814 2970 1840 3021 A
1855 2972 1966 3039 populo

271 3070 304 3104 ra
322 3051 498 3106 Ambrosium
524 3053 766 3122 comprehendunt,
790 3053 905 3106 lauaem
928 3055 1105 3123 baptismatis
1130 3051 1318 3105 acclamatum
1335 3060 1392 3119 est,·
1411 3051 1529 3104 Judicio
1545 3059 1591 3103 tuo
1608 3052 1718 3117 pratias
1730 3054 1839 3120 opimus
1858 3057 1966 3111 dictum

269 3144 347 3201 (erat
367 3137 439 3190 euim
457 3139 683 3202 catechumenus)
708 3141 834 3206 tinpunt,
860 3141 901 3193 ad
927 3143 1104 3210 episcopatus
1131 3146 1170 3190 cst
1188 3139 1324 3200 sedecies;
1351 3138 1433 3204 Fiat,
1459 3141 1527 3201 fiat,
1555 3139 1660 3190 dictum
1679 3148 1719 3192 cst
1738 3142 1896 3196 duodecies.
1927 3145 1966 3197 Te

268 3225 496 3296 procurationem
524 3225 659 3292 ddipunt.
716 3226 816 3279 Verum
848 3245 908 3279 cum
941 3227 1104 3280 Ambrosius
1128 3234 1239 3295 patrem
1261 3226 1403 3278 Erudium
1426 3225 1585 3294 episcopum
1614 3226 1719 3279 dietum
1744 3229 1840 3280 amics.
1878 3230 1967 3284 Deui-

272 3311 435 3379 dipnitatem
466 3312 643 3380 episcopatus
673 3313 845 3382 repudiaret,
877 3313 1104 3368 Valentinianum
1131 3330 1182 3382 que
1206 3328 1267 3365 mem
1291 3321 1415 3364 actorum
1439 3312 1556 3365 istorum
1582 3313 1814 3385 subscriptionem
1831 3315 1967 3384 Aupusti·

272 3401 306 3452 de
326 3414 357 3452 re
377 3405 456 3466 peste
471 3399 585 3462 faciunt
601 3399 752 3462 certiorem,
772 3400 933 3469 quipopnli
945 3400 1105 3455 admiratus
1130 3416 1182 3450 nus
1197 3406 1323 3467 peteret,
1353 3399 1442 3451 asom
1468 3398 1655 3452 acclamatum
1676 3407 1724 3462 est,
1744 3401 1802 3467 fiat,
1821 3402 1880 3462 tint.
1918 3402 1968 3458 Αι-

272 3503 432 3538 consensum
457 3502 580 3554 opusque
605 3485 775 3552 Daretis,
804 3487 881 3555 quod
903 3487 1011 3552 factum
1036 3496 1104 3556 erat,
1132 3502 1187 3556 qus
1204 3485 1273 3538 haec
1291 3486 1403 3540 uberius
1423 3501 1636 3541 commemorare
1654 3486 1803 3555 voluimus,
1826 3492 1858 3541 nt
1887 3489 1968 3545 intel·

272 3572 413 3640 sr'pnr'ficat
436 3572 589 3640 episcopis,
619 3580 649 3624 nt
671 3572 811 3625 eolrintati
838 3573 1021 3642 insanirent,
1056 3574 1107 3642 qni
1131 3572 1276 3643 ligaretur,
1302 3571 1383 3641 quale
1403 3570 1488 3625 fuerit
1505 3572 1601 3641 populi
1620 3573 1649 3625 in
1667 3572 1801 3628 electione
1821 3574 1965 3647 episcopo·

265 3660 406 3727 jusserat,
431 3664 461 3709 ut
484 3657 564 3711 illum
590 3666 717 3712 crearent
735 3659 911 3728 episcopum,
929 3677 994 3712 nam
1013 3662 1104 3715 Deum
1132 3675 1192 3711 rum
1211 3657 1388 3728 suffragium,
1408 3657 1503 3728 quales
1521 3658 1733 3713 acclamationes
1752 3660 1873 3733 itemque
1891 3663 1967 3718 unde

267 3745 363 3813 potiris
391 3760 473 3813 quam
498 3743 622 3797 homines
645 3745 673 3798 ei
695 3745 736 3797 ad
756 3746 828 3798 brine
852 3745 965 3800 bonoria
984 3749 1104 3816 pradum
1131 3744 1264 3815 originem
1284 3744 1393 3798 duxerit
1411 3744 1487 3797 lusus
1506 3743 1552 3799 ille
1572 3744 1749 3816 Pontificius,
1770 3753 1877 3817 queret
1895 3747 1966 3819 Deo,

271 3832 455 3900 suffrapatum
472 3831 573 3891 fuisse.
608 3830 685 3884 Idem
706 3830 791 3887 refert
802 3831 993 3886 Theodoretus
1010 3833 1103 3890 libes,
1131 3837 1159 3885 et
1178 3830 1336 3883 hominibus
1353 3828 1482 3883 illudunt.
1512 3829 1629 3892 Quando
1648 3831 1720 3885 enim
1740 3832 1840 3904 uliquis
1861 3834 1967 3904 eligen-

270 3916 363 3971 histor.
383 3916 478 3971 eccles.
498 3932 521 3969 c.
540 3921 563 3971 6.
584 3915 633 3970 ubi
646 3916 732 3981 addit,
750 3920 886 3986 synodum
906 3919 1100 3973 Mediolanen·
1131 3918 1228 3972 duret
1255 3915 1458 3971 confirmandus
1482 3923 1537 3984 cst,
1563 3916 1756 3990 suffraganeus
1781 3920 1868 3975 intrat
1891 3920 1966 3977 fores

270 4020 326 4057 scm
341 4004 452 4071 jrsssam
472 4003 508 4055 ab
536 4002 718 4072 imperatore,
746 4012 775 4056 at
799 4006 958 4073 episcopum
981 4008 1104 4075 dipersi,
1130 4005 1225 4075 templi
1251 4009 1278 4059 et
1302 4003 1417 4058 clamat:
1448 4004 1544 4057 Utrum
1563 4005 1666 4074 dipnus
1683 4008 1720 4059 sit
1739 4014 1764 4058 et
1777 4007 1887 4079 justus,
1917 4011 1965 4081 qui

269 4089 328 4160 ipsi
346 4088 456 4144 dedisse
475 4089 622 4158 optionem,
639 4097 669 4142 ut
685 4091 819 4159 deligeret
834 4092 954 4160 alr'qucm
976 4110 1027 4146 sico
1044 4093 1104 4158 suf·
1130 4093 1250 4163 eligstnr
1268 4098 1296 4145 et
1314 4090 1510 4145 confirmetur?
1535 4091 1571 4144 Et
1593 4097 1648 4146 stat
1667 4092 1779 4164 quidam
1804 4093 1832 4147 in
1851 4097 1965 4167 angulo,

269 4177 369 4246 frapio
395 4176 549 4245 sapientem
579 4184 604 4228 et
617 4178 721 4245 pietate
743 4187 884 4245 ornatum,
909 4181 960 4232 scd
984 4180 1103 4250 impera·
1131 4179 1178 4250 qui
1190 4178 1331 4247 acclamat,
1345 4180 1447 4246 dipnns
1461 4180 1593 4248 sejustus
1612 4189 1661 4236 est.
1693 4179 1859 4237 Sozomenns
1877 4182 1927 4241 lib.
1942 4191 1964 4257 l·

272 4271 356 4317 torem
382 4279 534 4318 recusasse¹
570 4262 689 4316 Erudius
713 4263 863 4335 Augustini
889 4265 917 4318 in
941 4266 1102 4338 episcopatu
1129 4266 1192 4320 hist.
1214 4265 1280 4322 eccl.
1296 4268 1322 4319 c.
1342 4272 1366 4319 l.
1384 4265 1484 4330 refert,
1517 4265 1591 4336 quod
1617 4267 1766 4337 imperator
1790 4268 1965 4327 Theodosius

271 4349 443 4420 Hipponensi
464 4365 606 4403 successor
625 4350 758 4405 ecclesiae
775 4351 848 4405 illius
868 4369 1016 4421 consensu,
1048 4354 1102 4408 suf·
1130 4351 1295 4424 Gregorium
1313 4352 1348 4406 ob
1367 4353 1452 4406 vitam
1465 4360 1493 4407 et
1505 4353 1658 4409 doctrinam
1675 4355 1825 4410 admiratus
1846 4358 1963 4431 dignum

270 4435 382 4507 fragiis,
411 4435 657 4489 acclamationibus
688 4444 715 4491 et
735 4437 984 4507 subscriptionibus
1004 4440 1102 4495 consti·
1130 4440 1267 4495 censuerit
1296 4439 1457 4509 praesulatu
1490 4438 1806 4512 Constantinopolitano,
1842 4443 1895 4499 hoc
1923 4454 1966 4501 est

271 4529 346 4577 tutus
367 4527 408 4575 est
428 4521 582 4590 episcopus.
618 4522 664 4575 Sic
689 4523 761 4576 enirn
782 4525 900 4579 refertur
923 4525 952 4579 in
972 4526 1040 4580 actis
1056 4544 1102 4581 ex·
1130 4526 1204 4598 qnod
1221 4526 1312 4595 ipsum
1331 4524 1469 4596 episcopis
1488 4527 1516 4580 in
1529 4529 1643 4582 consilio
1663 4528 1766 4583 ibidem
1785 4533 1964 4603 congregatis

272 4608 358 4679 ceptis
381 4624 399 4661 a
423 4606 537 4661 notariis
560 4607 588 4661 in
612 4608 782 4677 designando
810 4611 913 4665 Erudio
933 4611 1326 4683 presbytero„nominaverit;
1347 4613 1395 4666 sed
1414 4629 1477 4667 cnm
1496 4612 1647 4687 Gregorius
1666 4615 1717 4669 hoc
1735 4632 1835 4670 munus
1854 4634 1965 4674 arema-

272 4694 319 4765 qui
342 4693 499 4765 Augustino
522 4693 682 4749 succederet
707 4702 735 4749 et
757 4695 865 4751 iuterim
892 4714 984 4752 senem
1011 4690 1218 4772 aliqualretur,
1246 4699 1349 4753 electus
1368 4697 1422 4752 fuit
1446 4699 1603 4767 Nectarins,
1632 4716 1703 4770 quae
1728 4701 1825 4756 electio
1845 4705 1967 4774 qualiter

273 4797 399 4834 curarum
419 4787 497 4850 parte
517 4779 687 4849 sublevaret,
714 4781 787 4835 inter
805 4784 955 4854 Augustini
974 4785 1104 4855 epistolas
1129 4783 1203 4838 facta
1232 4783 1331 4849 fuerit,
1360 4787 1489 4857 cognosci
1517 4791 1608 4856 potest
1636 4801 1668 4839 ex
1695 4786 1884 4858 Theodoreto,
1917 4794 1966 4862 qui

274 4867 354 4935 epist.
377 4873 432 4921 110.
451 4866 626 4938 Augustinus
653 4867 709 4920 suis
730 4868 908 4938 coipiscopis,
927 4873 1104 4943 presbyteris,
1131 4871 1177 4925 lib.
1197 4878 1219 4926 5.
1239 4871 1301 4927 hist.
1325 4872 1390 4928 eccl.
1417 4891 1440 4928 e.
1464 4880 1487 4928 9.
1514 4872 1613 4926 recitat
1636 4872 1780 4941 epistolam
1800 4877 1966 4945 synodicam

274 4953 347 5007 clero
366 4959 394 5007 ct
413 4954 515 5023 populo
536 4970 636 5024 magna
657 4954 813 5023 frequentia
827 4958 1001 5028 cougregatis
1021 4975 1103 5031 nego·
1131 4956 1319 5028 episcoporum
1338 4957 1366 5011 in
1387 4959 1504 5012 concilio
1520 4956 1557 5010 II.
1577 4959 1697 5027 generali
1714 4960 1967 5032 Constantinopoli—

273 5039 342 5093 tium
370 5041 404 5095 de
431 5041 563 5095 electione
591 5041 755 5096 successoris
779 5044 929 5112 proposuit.
971 5044 1036 5099 Scio
1054 5046 1105 5115 (in-
1131 5050 1196 5098 tano
1217 5051 1447 5116 congregatorum
1466 5044 1501 5097 ad
1521 5043 1673 5098 Damasum
1699 5054 1726 5100 et
1746 5048 1890 5118 episcopos
1911 5049 1967 5104 Ro·

275 5124 359 5194 quit),
384 5134 450 5194 post
476 5128 564 5181 abitas
590 5128 782 5196 episcoporum
806 5146 858 5197 per
876 5131 1037 5185 ambitiosos
1056 5140 1105 5185 aut
1131 5147 1192 5186 mae
1209 5137 1410 5203 congregatos,
1438 5132 1465 5184 in
1490 5147 1545 5201 qua
1570 5129 1641 5184 inter
1665 5140 1757 5187 cetera
1783 5132 1822 5186 sic
1846 5133 1968 5206 loquun-

273 5214 456 5265 eontentiosos
467 5215 557 5266 solere
568 5216 702 5268 eeclesias
707 5216 873 5284 perturbari
877 5238 888 5283 ,·
899 5225 923 5269 et
937 5220 1105 5288 qaodaaepe
1131 5224 1189 5271 tur:
1212 5218 1540 5288 Constantinopolitanae
1556 5220 1673 5287 recenti,
1696 5228 1726 5273 ut
1747 5222 1787 5273 sic
1806 5220 1967 5292 loquamur,

273 5307 520 5367 cupersanense
541 5301 635 5365 dolui,
663 5302 761 5370 debeo,
794 5311 926 5370 quantum
944 5306 985 5357 ad
1001 5321 1042 5358 me
1063 5310 1104 5358 at·
1132 5305 1263 5358 ecclesiae
1301 5303 1563 5360 reverendissimum
1596 5314 1621 5358 et
1654 5309 1714 5360 Dei
1742 5309 1967 5363 amantissimum

273 5385 349 5451 tinet,
370 5401 403 5437 ne
422 5385 553 5453 antimi,
574 5387 638 5440 buic
654 5388 818 5457 prospicere
836 5388 945 5441 ciuitati
960 5397 1011 5444 ete.
1053 5391 1104 5444 Va·
1131 5391 1294 5445 Nestorium
1330 5389 1488 5459 episcopum
1520 5394 1738 5460 praeposuimus
1774 5394 1803 5446 in
1836 5397 1970 5462 penerali

272 5471 406 5523 luntatem
433 5471 520 5539 ipitur
543 5490 650 5535 meam,
679 5491 761 5543 quam
786 5476 870 5529 eredo
895 5475 954 5527 Dei
971 5495 1046 5542 esse,
1074 5477 1103 5530 iu
1130 5486 1224 5533 nostro
1242 5476 1362 5532 concilio
1382 5480 1407 5525 et
1422 5486 1571 5540 Ῑιναεεεηιε
1593 5481 1782 5534 intentissimo
1802 5481 1860 5535 Dei
1877 5483 1968 5553 impe·

272 5557 394 5611 omnium
430 5565 548 5612 uestrum
581 5559 709 5612 notitiam
741 5561 875 5629 perfero,
911 5563 1226 5632 presbyterumtrntore
1248 5559 1404 5618 Theodosio
1422 5577 1483 5615 cum
1502 5566 1623 5620 omnium
1641 5568 1808 5622 clerimrum
1827 5586 1861 5623 ee
1879 5571 1968 5625 totitas
