4020 6014
202 315 263 375 aad
291 319 293 322 ⁴
773 304 896 365 Locus
913 303 1119 363 videamus
1136 303 1317 370 QUARTUS

201 469 231 518 et
256 478 360 533 aequos
389 463 499 533 legibus
523 464 686 534 permissos,
715 462 765 517 sed
785 479 848 515 cum
873 461 909 514 de
928 476 958 514 re
975 455 1109 553 ipaaltie,
1136 468 1167 513 ut
1195 460 1308 523 fuciunt
1333 461 1410 515 nobee
1437 461 1576 529 tornines,
1607 460 1692 513 ιιίαιιι
1715 458 1787 528 ipsis
1806 456 2008 524 facitodum

202 553 319 620 constet,
336 549 426 605 odora
444 557 487 605 est
504 549 539 605 dc
554 549 696 604 vocabulis
712 547 890 604 concertatio.
919 544 1038 611 Quando
1063 545 1162 601 Matth.
1190 554 1218 611 ι,
1249 566 1274 604 v.
1297 551 1337 604 12.
1356 548 1401 602 rel
1426 548 1467 603 uti
1484 547 1576 602 Lucae
1594 546 1681 602 verba
1708 544 1807 601 retulit
1832 562 1857 599 c.
1877 523 2008 622 uffiffiw

75 642 132 687 xiv.
145 640 189 684 ¹⁰¹·
202 635 290 707 igitur
306 635 458 707 quaeritur,
476 653 513 691 an
532 653 633 691 usurae
652 635 800 690 damnatae
817 632 928 688 nomine
944 629 1038 685 veniat
1063 650 1088 688 v.
1109 637 1158 688 31:
1183 634 1276 688 Prout
1292 634 1391 699 cattia,
1419 641 1450 687 ut
1468 635 1589 701 sociant
1610 634 1686 688 uobis
1707 632 1846 698 homiues,
1875 637 1903 683 et

203 728 360 779 conmeatus
392 723 454 786 ille,
484 740 538 794 quo
565 738 615 792 pro
653 727 764 776 centnm
791 719 957 774 florenorum
985 733 1039 771 usu
1064 737 1112 774 voa
1131 720 1219 784 fucs'te
1236 720 1298 774 illia
1317 719 1427 793 duotore,
1447 721 1585 774 similiter.
1630 717 1904 801 Apudldatthaenm

203 809 352 880 quotannis
370 815 489 880 quatuor
506 809 550 862 vel
569 807 691 878 quinque
711 805 868 877 exiguntur,
896 819 1039 874 negamus,
1064 805 1186 871 additur,
1204 807 1277 860 tuuc
1295 808 1458 875 cetetonem
1477 815 1502 860 et
1516 807 1681 875 prophetoe,
1701 805 1755 861 hoc
1768 812 1810 860 est
1824 802 1904 875 quid·

201 894 329 952 absolute
361 896 523 967 simpliciter
551 911 584 948 ac
610 910 718 964 semper
745 892 830 947 talem
865 892 1133 964 contractumqnid
1151 893 1195 947 lex
1214 899 1242 948 et
1260 894 1413 964 prophetae
1431 894 1467 948 de
1482 894 1592 964 justitia
1604 899 1634 948 st
1647 893 1711 963 jure
1723 892 1753 945 in
1769 890 1905 944 societate

203 981 363 1037 elocutionis
388 980 569 1051 pecuniarum
596 995 656 1035 esse
675 978 801 1033 illicitum
829 975 1038 1037 scriniarium,
1065 978 1140 1033 civili
1172 979 1377 1050 praescribunt,
1411 979 1480 1033 illud
1507 995 1587 1036 omne
1612 979 1649 1032 ad
1675 978 1749 1032 hunc
1769 992 1903 1031 canonem

203 1068 278 1140 quod
292 1075 325 1123 ut
341 1067 443 1123 rectius
458 1065 642 1137 percipiatur,
668 1063 843 1135 procedimus
868 1063 921 1117 hoc
943 1061 1038 1117 modo:
1065 1064 1161 1120 referri
1178 1065 1399 1121 commodissime
1420 1082 1509 1136 poem,
1544 1066 1609 1121 ,lam
1627 1081 1692 1120 vero
1712 1065 1741 1117 iu
1758 1062 1903 1133 praedicto

206 1155 279 1208 Trio
296 1162 361 1208 sunt
378 1154 520 1208 lominum
537 1170 650 1223 genero,
669 1168 733 1206 cum
745 1149 847 1221 quibua
864 1149 894 1202 in
907 1148 1039 1204 societate
1064 1167 1132 1205 casu
1158 1151 1199 1206 ita
1225 1159 1416 1223 comparatam
1442 1156 1499 1217 est,
1529 1158 1561 1206 nt
1583 1150 1693 1206 debitor
1717 1148 1865 1220 pecuniam
1886 1164 1905 1200 a

203 1239 278 1295 civili
297 1239 376 1293 nobis
393 1257 437 1295 res
462 1248 491 1295 et
512 1240 560 1311 qui
580 1238 727 1310 pecuniam
750 1253 768 1292 a
793 1235 873 1291 nobis
893 1251 962 1290 snae
994 1233 1038 1289 rel
1065 1238 1146 1292 nobis
1165 1243 1285 1308 expetat,
1317 1256 1372 1293 non
1392 1244 1515 1294 extrema
1531 1237 1652 1309 quadam
1665 1236 1760 1306 inopia
1779 1234 1903 1304 compul-

203 1327 392 1395 sseceoas'tots's,
422 1324 467 1380 rel
492 1325 625 1379 utilitates
649 1340 734 1378 causa
758 1325 900 1392 expetunt.
944 1320 1039 1375 Primo
1051 1326 1054 1415 q
1066 1340 1123 1393 sus,
1141 1324 1190 1377 sed
1208 1323 1264 1380 fine
1282 1340 1324 1388 eo,
1342 1329 1375 1378 ut
1388 1323 1552 1393 negotietur,
1572 1323 1694 1377 lucretur
1711 1328 1740 1376 et
1758 1320 1904 1375 commoda

204 1414 318 1484 quidam
340 1418 406 1467 sunt
433 1420 552 1466 extreme
574 1427 732 1481 puerperas,
765 1409 813 1481 qui
839 1424 895 1464 non
924 1407 1039 1475 habent,
1066 1415 1236 1480 scoparet,
1256 1410 1378 1465 vicissim
1398 1411 1481 1465 stiam
1498 1411 1595 1481 negari
1613 1409 1718 1482 nequit,
1738 1408 1902 1464 creditorem

204 1500 279 1555 onds
298 1499 406 1568 vivant,
431 1500 481 1554 aed
505 1498 541 1553 ad
564 1504 714 1553 extremam
739 1497 850 1567 inopiae
876 1495 979 1551 lincam
997 1510 1038 1548 re·
1067 1497 1191 1566 potuisse
1209 1496 1360 1567 ipsummet
1376 1496 1429 1551 hac
1442 1513 1493 1550 sua
1509 1496 1629 1566 pecunia
1640 1495 1735 1549 itidem
1755 1493 1901 1565 negotiari,

205 1585 280 1641 dacti
297 1603 333 1640 ne
351 1590 452 1639 sortem
479 1584 591 1656 quidem
615 1584 732 1639 reddere
755 1589 890 1653 possunt3
918 1580 974 1636 illis
993 1580 1039 1635 de·
1066 1582 1167 1637 lucrari
1185 1585 1214 1638 et
1230 1582 1374 1637 commoda
1391 1598 1442 1636 sna
1458 1597 1573 1652 parare,
1593 1582 1656 1652 ipsa
1672 1580 1758 1653 igitur
1775 1581 1901 1651 aequitas

204 1671 287 1727 betur
303 1672 491 1739 eleemoaynu,
515 1671 569 1724 hoc
587 1669 702 1724 catillis
726 1685 760 1724 ea
781 1667 1039 1730 renunciandum,
1067 1676 1095 1723 et
1114 1668 1187 1739 juris
1211 1669 1345 1723 naturalis
1372 1669 1478 1723 sanctio
1498 1668 1626 1738 requirit,
1656 1674 1688 1722 ut
1714 1666 1823 1722 debitor
1838 1683 1901 1720 cum

205 1764 237 1812 ut
261 1757 335 1811 uitii
358 1757 512 1825 quidquem
541 1757 607 1809 iude
637 1763 765 1826 speretur
794 1756 858 1808 Luc.
886 1760 921 1822 θ,
951 1771 977 1808 v.
997 1760 1038 1809 ³5.
1066 1754 1202 1811 creditore
1221 1772 1253 1810 eo
1273 1756 1355 1811 modo
1374 1762 1454 1827 agat,
1484 1773 1539 1827 quo
1555 1754 1637 1810 modo
1657 1771 1752 1809 secum
1771 1754 1801 1807 in
1818 1753 1902 1807 simili
1918 1751 2008 1794 tlt-¹¹1

204 1844 322 1898 sinistra
338 1843 458 1903 emerat,
486 1842 557 1912 quiet
576 1844 677 1896 dentre
701 1841 763 1896 iltis
780 1842 881 1905 feeerit
898 1839 997 1895 Matth.
1017 1845 1041 1909 6,
1067 1856 1134 1895 casu
1157 1847 1251 1896 actum
1279 1841 1360 1910 velit,
1391 1841 1444 1895 hoc
1470 1848 1512 1895 eat
1546 1847 1577 1894 nt
1610 1840 1639 1893 in
1659 1839 1902 1911 perticipationem

204 1948 231 1984 v.
251 1935 275 1984 3.
308 1928 418 1984 Deinde
441 1928 555 1997 quidam
581 1934 646 1982 sunt
673 1927 848 1998 indigentes,
878 1926 979 1998 quibua
1005 1925 1041 1982 ob
1068 1926 1203 1982 commodi
1224 1926 1389 1982 creditorem
1408 1925 1540 1981 admittat
1557 1933 1586 1981 ct
1603 1926 1632 1980 in
1648 1925 1902 1996 compensationem

206 2015 390 2072 necessariam
417 2014 492 2069 ritae
519 2013 750 2069 sustentationem
776 2012 813 2067 ad
829 2017 939 2083 tempus
956 2028 1041 2081 pecu·
1066 2013 1141 2067 illius
1170 2013 1312 2084 augmenti
1335 2012 1501 2067 facultatum
1521 2030 1640 2076 suarum,
1669 2011 1744 2081 qnod
1768 2011 1903 2082 pecuniae

206 2101 270 2157 niae
288 2117 395 2154 summa
416 2117 485 2169 opus
502 2105 560 2166 est,
581 2115 638 2172 qna
655 2115 711 2153 non
731 2098 842 2170 quidem
864 2099 981 2169 cupiunt
1000 2098 1041 2152 ln·
1069 2119 1122 2156 usu
1139 2117 1238 2170 parare
1257 2105 1367 2170 poteret
1386 2106 1471 2169 atque
1489 2098 1599 2153 interim
1619 2114 1652 2153 eo
1669 2114 1765 2152 carere
1785 2100 1902 2169 cogitur,

206 2189 278 2243 orari
298 2192 327 2241 et
344 2186 496 2258 negotiari,
525 2185 574 2241 sed
593 2185 734 2257 praesenti
752 2185 910 2240 necessitati
929 2200 1041 2239 succnr-
1068 2186 1216 2257 quotannis
1233 2185 1339 2255 aliquid
1358 2184 1411 2255 ipsi
1430 2185 1577 2254 expendat.
1612 2191 1635 2239 ι.
1653 2184 1811 2252 Praeterea,
1827 2183 1904 2255 quod

206 2290 284 2342 rere,
314 2273 370 2327 illia
386 2272 543 2342 gratuitum
559 2271 648 2325 mutui
673 2272 801 2340 officium
827 2270 958 2342 debetur,
988 2269 1041 2324 hoc
1068 2272 1164 2327 debita
1179 2270 1321 2342 gratitudo
1340 2270 1480 2341 postulat,
1509 2270 1578 2325 illud
1598 2272 1663 2341 jure
1677 2269 1903 2325 naturali'stiam

209 2364 251 2417 est
268 2359 323 2414 illia
341 2375 375 2414 ea
390 2358 496 2413 ratione
515 2356 653 2423 dandum,
677 2362 709 2412 ut
728 2375 786 2411 sors
804 2356 917 2428 quidem
937 2361 1041 2411 statuto
1069 2358 1143 2429 exigi
1163 2363 1270 2412 certum
1290 2362 1349 2424 est,
1369 2356 1511 2426 gratitudo
1530 2357 1604 2411 enim
1622 2362 1665 2412 est
1678 2357 1750 2427 juris
1768 2355 1904 2411 naturalis

206 2451 331 2516 tempore
348 2449 503 2514 repetatur,
521 2442 570 2497 sed
588 2450 702 2512 propter
719 2458 800 2497 usum
820 2442 955 2514 pecuniae
973 2441 1042 2496 nihil
1070 2461 1105 2498 ac
1122 2443 1239 2514 proinde
1257 2443 1406 2513 obligatio,
1437 2459 1510 2513 quae
1529 2459 1564 2497 ex
1584 2442 1754 2513 gratitudine
1771 2442 1903 2505 nascitur,

207 2531 323 2587 ulterius
340 2529 480 2600 exigatur,
498 2528 565 2585 Lev.
586 2534 632 2597 tt,
653 2546 678 2584 v.
698 2534 739 2585 35.
758 2529 861 2586 Psalm.
883 2535 932 2599 37,
951 2545 978 2584 r.
998 2535 1040 2584 21.
1068 2535 1112 2584 est
1137 2528 1208 2599 juris
1234 2528 1378 2584 naturalis.
1423 2528 1490 2582 dam
1516 2544 1582 2584 vero
1609 2528 1638 2583 in
1665 2527 1808 2600 praedicto
1837 2544 1905 2582 casu

207 2621 260 2674 cu.
298 2615 426 2686 Denique
444 2615 557 2685 quidem
578 2621 642 2669 aunt
661 2614 799 2684 opulenti,
827 2614 874 2686 qni
893 2588 1165 2701 pecnniamldebita
1189 2614 1331 2686 gratitudo
1357 2613 1459 2687 erigit,
1486 2619 1519 2669 nt
1545 2615 1585 2684 is,
1613 2622 1660 2686 qui
1688 2615 1809 2686 pecnnia
1836 2615 1904 2671 alte·

208 2720 227 2759 a
245 2703 325 2760 nobis
344 2706 486 2773 expetunt,
506 2718 563 2757 non
583 2700 619 2756 ob
641 2706 786 2772 urgentem
805 2700 928 2771 aliquam
948 2703 1125 2756 neces-'rius
1160 2701 1319 2773 negotiatur
1354 2707 1382 2757 et
1422 2701 1559 2770 lucratur,
1601 2703 1645 2758 vel
1682 2702 1765 2757 etiam
1803 2719 1905 2774 magno

208 2792 332 2859 ritatem,
357 2789 405 2845 sed
425 2793 457 2844 nt
473 2795 567 2844 nostra
583 2788 702 2858 pecunia
719 2789 906 2857 negotientur,
934 2734 1151 2846 lucrer-lunera
1185 2787 1266 2842 bonis
1296 2786 1383 2857 ipsius
1415 2786 1604 2843 immobilibus
1638 2788 1799 2846 inhaerente
1828 2790 1902 2846 leva·

208 2884 263 2946 tur,
280 2881 374 2932 emant
390 2875 491 2930 fundos
509 2892 542 2929 ac
560 2874 691 2944 praedia3
719 2890 782 2929 cum
802 2873 857 2928 illia
875 2874 942 2930 licet
957 2875 1042 2930 talem
1067 2883 1114 2933 tur
1140 2893 1173 2931 ac
1197 2874 1345 2938 liberatur,
1373 2880 1484 2946 gratum
1510 2891 1571 2929 aeae
1597 2880 1720 2946 praestet
1746 2893 1904 2948 argaeum,

208 2963 492 3029 inireeontractnm:
513 2966 545 3014 nt
564 2961 712 3031 quotannis
731 2966 909 3031 prouentum
927 2961 1041 3017 floreno·
1068 2982 1086 3020 a
1117 2979 1172 3036 quo
1200 2962 1253 3016 hoc
1275 2959 1408 3015 beneficio
1425 2961 1543 3016 affectus
1561 2968 1616 3029 est,
1648 2962 1676 3016 id
1701 2964 1775 3034 qnod
1798 2963 1831 3019 lit
1849 2984 1903 3021 non

207 3067 269 3107 rum
286 3066 338 3103 usu
360 3054 480 3119 quatuor
497 3046 542 3102 vel
560 3045 683 3117 quinque
698 3041 873 3116 persolvant,
900 3047 980 3102 salva
999 3047 1041 3101 in·
1069 3051 1129 3106 sola
1153 3047 1236 3104 sortis
1262 3046 1451 3111 restitutione,
1484 3048 1533 3102 sed
1564 3048 1648 3103 etiam
1673 3048 1782 3104 liberali
1809 3051 1903 3123 aliqua

208 3134 289 3192 terim
309 3134 390 3190 sortis
407 3131 579 3204 repetitione.
618 3130 795 3203 ”Theologi
815 3133 929 3188 Jenens.
956 3133 984 3187 in
1003 3151 1043 3189 re·
1069 3133 1302 3206 compensatione.
1338 3131 1392 3197 Qui
1423 3150 1457 3188 ex
1484 3135 1605 3204 pecnnia
1631 3135 1745 3190 alterius
1770 3150 1901 3209 magnum

209 3239 309 3294 sponso
331 3227 369 3277 tr.
388 3219 445 3277 tul.
466 3224 545 3274 1594:
584 3218 652 3273 tuen
672 3219 710 3273 ιιι
728 3219 859 3288 Dirigleit
886 3223 963 3275 untet
989 3222 1044 3277 ιιιι
1070 3223 1106 3277 ad
1125 3240 1155 3277 se
1174 3220 1290 3276 rediisse
1308 3220 1393 3275 sentit
1412 3222 1595 3288 commodum,
1613 3223 1778 3279 naturaliter
1797 3225 1902 3296 obligu-

209 3309 304 3379 ὅιιιιι
328 3307 401 3364 eluat
428 3304 574 3360 Continet·
605 3306 657 3359 unt
682 3305 793 3373 ιτιιιιιι
812 3306 918 3375 illudet
938 3321 968 3375 qu
988 3315 1043 3363 bat·
1070 3315 1116 3363 tur
1140 3309 1175 3363 ad
1204 3306 1367 3362 beneficium
1394 3309 1604 3378 agnoscendum
1626 3314 1656 3363 et
1678 3309 1836 3383 durtdropor
1856 3313 1904 3366 ati-

210 3398 291 3467 ιιιιιι
310 3412 344 3451 ex
364 3392 456 3449 officio
474 3396 489 3445 ι
509 3392 536 3459 e.
557 3392 702 3460 nodidllei,
722 3392 901 3448 ιιιιιιαιιιιιι
919 3395 1043 3461 erequitt,
1072 3395 1145 3468 qnod
1164 3394 1345 3450 reddendum.
1382 3394 1457 3465 Ergo
1476 3395 1548 3449 idem
1575 3412 1686 3467 quoque
1707 3399 1756 3468 jus
1779 3400 1904 3454 naturale

208 3484 307 3552 militen
337 3480 387 3537 tuis
413 3479 490 3547 loteba
513 3478 556 3532 ber
573 3477 706 3546 Dbtiqleit
729 3477 929 3547 constitution,
957 3482 1044 3551 ιιιιιιι
1071 3483 1107 3537 ab
1133 3482 1194 3552 ipso
1223 3479 1323 3550 eriget.
1361 3479 1421 3535 Nec
1448 3485 1504 3545 eat,
1541 3481 1615 3551 quod
1645 3482 1774 3538 obvertat
1796 3485 1905 3554 aliquis,

210 3570 244 3635 tie
272 3582 303 3637 qu
329 3568 523 3622 teronttnorten
547 3564 635 3633 mitten
659 3564 744 3624 trist,
772 3562 821 3620 tute
856 3565 937 3621 anter
963 3568 1044 3636 ιιιιι,
1071 3566 1271 3641 gratitudinem
1290 3581 1351 3620 esse
1369 3565 1482 3636 quidem
1495 3566 1567 3636 juris
1584 3573 1612 3622 et
1629 3566 1807 3638 obligationis
1826 3579 1905 3625 natu-

210 3654 325 3723 toltlsur
344 3652 442 3720 ιιῇιιι,
468 3651 497 3705 in
515 3651 558 3704 tet
576 3650 729 3719 todonae,
759 3649 808 3705 trie
834 3649 902 3706 oon
927 3652 1044 3722 jetesqett
1070 3652 1151 3721 ralis,
1180 3651 1290 3707 interim
1315 3656 1408 3706 umen
1428 3650 1530 3706 dobere
1548 3669 1607 3706 sam
1635 3670 1694 3707 esso
1712 3654 1842 3726 liberam,
1873 3676 1905 3712 ac

209 3737 301 3804 itinero
320 3736 384 3792 uuit
402 3737 488 3805 ιιιὶιιι
507 3737 610 3805 {timete
629 3737 724 3792 &dote
749 3739 793 3792 us
821 3738 869 3792 ben
887 3739 979 3807 enom
996 3756 1044 3808 po·
1071 3738 1186 3810 proinde
1212 3738 1249 3792 ad
1276 3754 1338 3791 eam
1356 3737 1422 3791 data
1439 3738 1601 3809 syngrapha
1624 3756 1679 3793 non
1706 3756 1766 3796 esce
1784 3741 1902 3797 civiliter

102 3832 107 3840 ·
208 3821 375 3893 lygemiam,
404 3821 458 3889 otto
487 3823 536 3877 ten
552 3821 647 3889 autern
670 3821 752 3889 ιιιιιιι
779 3831 833 3877 ιιι
852 3823 895 3878 ιιι
913 3824 1045 3894 Ditiqteit
1071 3825 1251 3897 obligandum
1273 3823 1432 3879 debitorem.
1468 3824 1579 3879 Etenim
1595 3826 1631 3879 ad
1650 3827 1723 3896 qnod
1742 3830 1905 3885 naturaliter

209 3912 263 3964 oud
288 3908 358 3975 ιιοιι
384 3916 438 3963 ton
468 3905 658 3977 probabilibus
686 3908 841 3963 rationibus
869 3911 1044 3978 quqtlofituen
1057 3900 1059 3959 l
1072 3913 1173 3985 aliquis
1191 3912 1332 3983 obligatur
1350 3914 1406 3976 sat,
1430 3911 1467 3966 ad
1492 3910 1563 3965 illud
1592 3913 1675 3967 etiam
1700 3914 1819 3970 civiliter
1835 3916 1905 3971 obli-

208 3994 314 4063 ιιιιαιιι
340 3993 369 4048 ln
397 3993 510 4049 (ιιιαιιιι
534 3994 618 4048 ιιιιι
634 4008 665 4061 ιιι
691 3996 752 4061 quie
772 3994 868 4063 butten.
907 3994 968 4051 Imo
984 3994 1131 4070 ipse¹gari
1150 4005 1255 4070 potest,
1281 3996 1356 4068 quod
1372 3998 1436 4067 jure
1456 3997 1555 4068 aliquis
1573 4005 1714 4066 praestare
1732 4006 1849 4066 tenetur,
1869 4005 1904 4058 ed

209 4079 326 4137 Socinus
344 4078 373 4134 in
391 4079 471 4150 epist.
489 4079 525 4134 ad
543 4078 669 4133 Miirstin.
699 4087 724 4135 ι.
744 4099 770 4151 ρ.
790 4087 854 4135 50³:
884 4083 931 4135 Ile
955 4101 1045 4137 usuro
1072 4085 1140 4139 illud
1168 4084 1253 4139 etiarn
1280 4082 1400 4139 externis
1427 4082 1524 4138 mediis
1552 4084 1615 4155 cogi
1641 4091 1741 4154 potest.
1780 4088 1827 4143 Sic
1857 4091 1905 4160 qui

208 4182 318 4236 acmper
334 4166 383 4229 fni
400 4166 485 4234 nujus
504 4166 672 4233 ιιιιιιιιιαι,
698 4183 759 4218 eom
783 4185 839 4220 noo
862 4183 921 4221 esre
938 4186 995 4237 per
1013 4185 1044 4223 ae
1071 4169 1217 4242 pecuniam
1236 4174 1360 4222 mutuam
1379 4167 1501 4237 accepit,
1520 4169 1683 4224 naturaliter
1701 4171 1737 4224 ad
1756 4174 1904 4229 restitutio-

207 4253 321 4308 uatitum
336 4252 396 4306 ulto
408 4253 501 4315 modo,
520 4252 662 4320 quidquid
677 4252 721 4306 vel
740 4253 862 4307 morulae
872 4260 980 4321 putres,
998 4254 1043 4307 uel
1071 4274 1133 4311 nem
1153 4255 1302 4325 obligatur,
1320 4253 1430 4309 interim
1443 4259 1534 4309 tamen
1553 4255 1717 4311 adeundam
1737 4258 1820 4313 etiarn
1840 4262 1904 4315 civi-

210 4339 333 4408 tlteolopa'
350 4339 439 4395 nostri
457 4346 556 4393 contro
575 4338 730 4409 disputent.
761 4339 893 4392 Rationes
912 4346 969 4392 tunt
977 4339 1042 4408 pti·
1070 4344 1133 4398 liter
1150 4341 1226 4396 haud
1245 4340 1348 4410 injuria
1361 4339 1485 4410 'obligari
1503 4348 1602 4411 potest.
1635 4343 1771 4399 Nimirum
1791 4354 1904 4417 propter

208 4425 397 4495 torminum,
416 4443 500 4494 quam
517 4425 708 4492 theologorum
726 4424 827 4478 musea
844 4425 925 4487 focio
944 4433 970 4478 et
987 4424 1044 4479 duo
1056 4436 1058 4455 ¹
1069 4428 1178 4501 peccati
1202 4426 1343 4498 originalis
1375 4426 1465 4482 labem
1489 4434 1568 4483 tanto
1592 4430 1771 4497 plurimorum
1797 4434 1902 4489 animos

208 4519 314 4564 tanturn
331 4512 416 4565 uerbo
446 4511 482 4564 de
511 4510 666 4564 ‚sacramen
693 4510 840 4565 literarum
874 4468 1217 4585 testimoniisloccupavit
1254 4512 1412 4587 ἀχαρισιια,
1445 4521 1476 4569 ιιι
1507 4517 1626 4585 pecunia
1664 4524 1758 4572 mutuo
1787 4527 1904 4590 accepta

208 4597 310 4652 dicatu.
346 4598 473 4652 Primum
492 4597 579 4664 ips'tur
596 4597 629 4650 id
642 4614 698 4665 pro
717 4615 846 4651 concerno
863 4615 954 4666 pono,
978 4616 1042 4653 sisu·
1070 4602 1149 4674 quasi
1168 4601 1282 4656 inventa
1300 4605 1428 4668 utantur,
1456 4617 1508 4655 nec
1525 4601 1560 4655 de
1578 4602 1752 4658 restitutione
1773 4606 1904 4676 cogitent,

206 4700 271 4739 rom
295 4684 325 4737 io
347 4690 405 4736 toto
428 4685 464 4738 N.
493 4685 523 4737 Τ.
546 4702 602 4739 non
626 4685 748 4738 inueniri
768 4685 956 4757 prohibitum,
986 4687 1042 4740 imo
1069 4689 1143 4742 unde
1162 4687 1314 4742 creditores
1332 4685 1442 4755 saepius
1463 4686 1497 4742 de
1516 4687 1577 4757 ipsa
1594 4696 1666 4742 sorte
1692 4689 1841 4759 periclitari
1860 4709 1902 4746 co·

207 4769 333 4825 ooslese
349 4779 541 4837 ornamentum
554 4788 612 4826 esse
624 4772 740 4838 usfinno
754 4772 952 4841 permistionis
971 4772 1042 4841 ejus,
1069 4781 1190 4846 guntur,
1217 4773 1252 4829 de
1272 4787 1328 4843 quo
1343 4773 1398 4826 late
1417 4774 1542 4844 queritur·
1559 4774 1696 4829 Sirecides
1715 4792 1739 4830 c
1760 4782 1808 4843 29,
1834 4793 1860 4833 v.
1880 4785 1903 4834 t.

207 4857 285 4926 quod
314 4872 465 4924 tuaquom,
498 4874 559 4909 cum
582 4858 663 4913 sotter
686 4858 717 4911 in
740 4874 773 4911 eo
797 4866 1043 4912 commemorentur
1068 4878 1157 4933 usqne
1180 4860 1216 4913 ad
1247 4864 1286 4914 to.
1308 4858 1374 4913 inde
1399 4861 1578 4931 magistratus
1603 4860 1770 4915 salutaribus
1787 4862 1904 4934 legibus,

207 4940 271 5006 silo,
287 4957 358 5010 quos
378 4941 409 4994 in
426 4941 550 4996 moritur
567 4945 673 4998 nostrie
692 4953 718 4998 et
736 4944 892 4999 actionibus
911 4952 1042 5014 peperunt
1069 4963 1140 5017 qnae
1166 4950 1231 4999 sunt
1248 4945 1402 4999 medicinae
1421 4947 1570 5013 malorum,
1594 4947 1623 5000 in
1649 4945 1794 5017 republica
1812 4949 1902 5018 provi-

207 5044 269 5081 curn
292 5028 394 5096 spiritu
420 5034 445 5081 et
467 5030 608 5098 euangelii
631 5031 763 5085 doctrine
785 5039 810 5084 et
832 5032 1039 5101 quodammodo
1070 5034 1135 5088 dere
1154 5030 1249 5098 voluit,
1269 5037 1302 5086 ut
1315 5030 1425 5088 debitor
1437 5049 1492 5087 non
1505 5033 1595 5087 solnm
1607 5032 1643 5087 ed
1656 5036 1902 5103 uramur-ctionem,

207 5121 413 5176 enumerantur,
440 5113 514 5167 inter
538 5115 594 5168 iata
620 5115 699 5171 uultu
724 5135 846 5186 proreus
874 5117 966 5187 ipsius
990 5121 1042 5184 rtet
1069 5137 1152 5193 qnam
1177 5118 1219 5173 ita
1248 5127 1364 5187 vocant,
1394 5121 1528 5190 pecuniae
1554 5126 1651 5174 mutuo
1678 5114 1836 5191 acceptac,'
1855 5123 1902 5176 sed

205 5201 306 5257 mentio
324 5200 413 5255 etc.**
439 5234 443 5245 ·
1068 5207 1103 5262 ad
1124 5206 1377 5275 compensationem
1391 5207 1485 5271 officii
1496 5224 1530 5261 er
1541 5213 1622 5277 grato
1639 5206 1731 5261 animo
1750 5207 1902 5277 prolectam

80 5286 172 5380 (2:32⁸.
243 5292 303 5344 2³4.
341 5285 568 5342 Demonstramus
591 5305 656 5344 vero
682 5305 732 5344 nos
754 5288 935 5361 sequentibus
960 5290 1041 5346 ratio·
1067 5292 1245 5363 obligaretur.

81 5400 133 5433 uu
208 5372 304 5429 nibusr
322 5378 347 5426 1.
365 5374 412 5429 Ex
429 5373 560 5427 iecturali
576 5375 725 5444 aequitate.
755 5381 776 5433 1.
800 5375 927 5432 Christum
945 5374 1040 5432 Salva-

78 5442 164 5544 ‘rm'
207 5466 252 5517 tor
267 5465 362 5515 noster
379 5457 515 5515 naturnlis
534 5460 683 5531 aequitatis
701 5462 903 5532 praescriptum
930 5464 982 5518 hac
999 5477 1041 5518 re·
1104 5467 1163 5519 ιιι.
1210 5468 1236 5518 2.
1265 5464 1311 5518 Eo
1338 5461 1503 5519 Clun'ats'uau
1530 5461 1658 5517 caritate.
1708 5470 1729 5519 1.
1752 5444 2008 5539 Δροιιοιιιιξὴῇξη,

79 5547 124 5587 2⁸¹·
213 5543 281 5617 gula
300 5551 328 5601 st
353 5542 515 5601 anthemica
533 5545 692 5617 complexus
710 5552 766 5603 est:
794 5547 880 5605 Onaso
897 5550 976 5621 quod
990 5548 1040 5604 sul
1070 5554 1095 5605 ².
1113 5549 1177 5607 cor.
1197 5554 1235 5617 8,
1253 5568 1279 5604 r.
1299 5554 1340 5607 ¹³.
1356 5548 1429 5603 hano
1446 5545 1612 5616 praeteribit
1628 5548 1752 5606 caritatis
1771 5551 1905 5623 regulam,
1919 5550 2008 5592 “rm
