4020 6014
270 313 308 369 38
851 298 1195 364 succenseamus
1214 304 1378 366 TERTIUS

267 458 402 527 ἀρχιερέα.
443 459 681 522 Quemadmodum
705 463 799 514 Aaron
816 479 872 516 non
892 478 1040 532 aggressus
1060 458 1178 516 estlsed
1198 461 1424 533 distinguendum
1450 463 1523 518 inter
1547 463 1656 518 labores
1682 461 1807 534 privatos
1833 464 1961 518 omnibus

266 545 375 615 privata
394 546 558 599 auctoritate
576 564 675 600 munus
694 548 874 617 sacerdotale,
894 549 944 601 sed
961 552 1102 617 exspecta·
1114 532 1116 598 i
1128 560 1286 602 communes
1311 554 1340 602 et
1364 547 1436 601 inter
1459 548 1569 602 labores
1594 550 1622 602 in
1641 549 1754 619 publico
1771 544 1867 604 cilicio
1884 549 1961 602 susti-

267 630 306 682 vit
326 631 448 684 divinam
475 632 663 700 vocationem
696 633 736 687 ita
763 650 873 704 quoque
897 632 1021 687 Christus
1047 615 1242 709 sustinendos.
1273 631 1442 687 Posteriores
1460 635 1570 688 labores
1586 651 1667 688 nemo
1681 650 1791 690 sumere
1802 634 1888 689 debet
1901 634 1962 688 abs·

268 715 326 768 sinc
346 716 439 769 divina
458 717 586 770 missione
605 725 634 771 et
653 719 798 772 vocatione
818 718 940 772 officium
958 735 1038 770 suum
1060 725 1102 770 est
1114 739 1116 785 y
1129 733 1183 785 que
1201 718 1386 786 praecedente
1405 719 1530 790 legitima
1553 721 1706 774 vocatione.
1742 720 1846 791 Legati
1873 726 1963 790 partes

268 816 430 870 aggressus,
457 802 506 855 sed
529 803 678 857 solenniter
700 804 777 872 prius
800 821 818 856 a
837 804 920 857 Patre
942 803 1054 856 coelesti
1072 803 1100 854 in
1113 790 1115 856 i
1130 803 1157 855 in
1179 803 1277 872 politia
1293 812 1403 858 terrena
1416 806 1554 860 sustinere
1574 805 1674 860 multos
1686 805 1795 861 labores
1807 807 1963 876 complecti·

266 885 405 955 baptismo
432 895 460 941 et
491 887 734 959 mansflgnratione
764 905 816 942 sua
842 889 975 942 ecclesiae
1006 874 1186 950 doctoritur,
1205 905 1257 942 nec
1276 896 1368 944 tamen
1387 891 1528 944 laudabile
1545 891 1645 956 fuerit,
1672 891 1780 946 labores
1798 891 1862 946 illos
1883 892 1963 945 susci-

268 973 449 1026 renuntistus.
501 974 582 1027 Prius
614 974 766 1028 membrum
796 973 949 1027 collationis
978 973 1310 1045 generaltiereabsque
1324 977 1490 1032 auctoritate
1504 978 1689 1032 etrocatione
1707 973 1843 1048 legantis3
1862 985 1964 1048 quanto

268 1059 404 1112 axiomata
413 1058 518 1128 profert
531 1059 680 1130 apostolus,
694 1061 771 1128 qaod
784 1077 862 1112 nano
870 1061 925 1112 sibi
933 1063 991 1128 ipsi
1001 1068 1101 1121 sarisas,
1127 1058 1218 1112 minus
1247 1059 1331 1132 legati
1360 1062 1486 1116 coelestis
1511 1070 1603 1133 partes
1627 1063 1656 1116 in
1677 1063 1806 1130 ecclesia,
1835 1080 1908 1134 quae
1926 1074 1966 1116 est

267 1143 320 1197 hoc
340 1151 381 1197 est
400 1159 507 1198 sumere
526 1145 635 1211 debeat,
653 1146 784 1198 honorem
802 1144 919 1215 alicujus
939 1145 1033 1207 officii,
1052 1145 1266 1199 sedcoelcrum
1289 1164 1418 1217 regnum,
1450 1148 1504 1202 sibi
1531 1148 1592 1219 quis
1617 1166 1725 1203 sumere
1748 1148 1834 1203 debet
1861 1149 1965 1219 absque

269 1229 401 1282 divinitas
420 1229 545 1284 oblatum
571 1240 599 1285 et
620 1231 779 1300 impositum
804 1231 953 1301 suscipere.
991 1228 1272 1301 Excipit‘vocatione
1290 1233 1393 1290 divina,
1432 1234 1613 1305 Magistratus
1632 1235 1901 1289 administrationem
1929 1235 1964 1288 la-

266 1314 390 1384 Theoph.
428 1315 585 1371 Nicolaides
623 1316 651 1368 in
686 1314 792 1372 delens.
824 1322 904 1370 tract.
937 1316 1027 1371 Socin.
1067 1317 1101 1370 de
1128 1315 1266 1370 boriosam
1284 1335 1343 1373 esse
1361 1337 1442 1374 nemo
1461 1321 1618 1391 negaverit,
1647 1321 1757 1375 interim
1784 1325 1880 1375 maren
1905 1321 1966 1375 abs·

266 1401 364 1455 eccles.
384 1417 407 1454 c.
433 1409 452 1455 t.
477 1418 504 1471 p.
527 1406 582 1456 138,
613 1402 704 1453 locam
730 1402 803 1455 banc
823 1410 928 1455 tautam
945 1406 980 1456 de
999 1404 1102 1457 lonae
1129 1419 1183 1472 que
1201 1405 1344 1459 trocatione
1362 1405 1470 1461 labores
1489 1406 1551 1459 illos
1563 1423 1644 1461 nemo
1660 1405 1713 1459 sibi
1727 1422 1860 1476 arrogare
1874 1407 1966 1461 debet

267 1486 556 1555 sacerdotali,qaalis
570 1495 631 1540 erat
642 1488 778 1556 Ausonis,
798 1489 884 1556 loqui,
906 1491 983 1559 qaod
995 1492 1101 1557 exipso
1129 1495 1153 1542 3.
1174 1489 1219 1542 llli
1247 1491 1295 1560 qni
1318 1493 1353 1544 ad
1378 1493 1533 1546 docendum
1560 1497 1642 1562 aptus
1673 1498 1715 1545 est
1745 1499 1773 1546 et
1795 1493 1883 1546 vitam
1909 1496 1968 1564 agit

267 1580 341 1624 tecta
356 1573 425 1624 dicit
439 1589 498 1625 esse
511 1573 697 1643 conmissum,
708 1573 797 1626 allam
811 1590 877 1626 vero
891 1590 950 1627 esse
962 1576 1101 1628 rationem
1114 1566 1117 1643 i
1129 1573 1313 1643 inculpatam,
1336 1577 1453 1631 docendi
1472 1595 1571 1631 munus
1591 1578 1684 1633 deberi
1704 1577 1835 1649 ambigue
1856 1579 1968 1642 dicitur,

267 1661 389 1714 masam
407 1661 529 1713 docessdi
544 1661 635 1729 alios,·
655 1662 686 1714 ia
705 1679 759 1729 qao
776 1662 813 1713 sit
824 1661 893 1729 plas
907 1662 1014 1714 lahama
1031 1679 1099 1714 sesa·
1115 1646 1173 1770 'vel
1194 1661 1267 1713 enim
1287 1662 1453 1733 intelligitur
1470 1663 1522 1716 hoc
1540 1680 1632 1731 sensu,
1647 1664 1725 1733 quod
1742 1665 1807 1718 talis
1819 1680 1889 1734 prae
1906 1666 1968 1719 reli-

263 1764 318 1815 per
330 1763 414 1814 qaam
428 1747 551 1811 honoris,
559 1747 624 1814 jam
638 1762 703 1800 cero
717 1748 842 1800 laborem
855 1749 976 1816 aliquem
987 1765 1102 1815 siemera,
1115 1774 1117 1819 q
1129 1746 1190 1815 quis
1211 1745 1311 1800 debeat
1330 1747 1396 1818 eligi
1415 1749 1452 1801 ad
1470 1749 1685 1803 ecclesiasticum
1705 1749 1906 1817 ministerium,
1925 1752 1967 1805 vel

267 1848 377 1900 semper
395 1831 541 1885 laudabile
557 1833 648 1896 muse
666 1833 797 1885 halaam.
835 1831 943 1887 Deinde
961 1833 1047 1896 addit,
1067 1835 1103 1886 sla
1115 1823 1117 1915 ζ
1129 1831 1203 1901 quod
1222 1831 1328 1902 absque
1352 1834 1495 1888 vocatione
1518 1834 1642 1904 sibiipsi
1667 1842 1761 1904 partes
1781 1835 1845 1890 illas
1866 1836 1969 1891 debeat

269 1934 308 1986 eo,
326 1919 475 1986 quidplus
495 1925 534 1969 est
552 1919 593 1970 ud
610 1919 763 1971 docendam
778 1918 853 1972 ulica
869 1927 896 1971 et
912 1920 986 1972 vitae
1005 1928 1044 1973 eet
1062 1918 1266 1986 iss-'arrogare
1304 1919 1393 1971 Priori
1423 1934 1505 1973 sensu
1533 1919 1711 1975 assertionem
1736 1921 1812 1974 illam
1838 1921 1967 1975 concedi·

269 2005 410 2072 culpatus,
423 2005 645 2072 nonpossejare
658 2004 724 2071 dici,
746 2006 823 2072 qaod
833 2005 992 2057 samastsibs‘
1004 2021 1103 2058 manus
1129 2019 1206 2070 mus,
1242 2005 1393 2073 posteriore
1423 2020 1574 2075 negamus,
1607 2022 1698 2076 neque
1727 2006 1799 2061 enim
1829 2007 1968 2061 duntaxat

269 2091 392 2143 docendi
413 2091 455 2142 ael
481 2091 611 2143 bonorem
638 2090 727 2156 illam,
750 2090 858 2157 quiesi
875 2091 905 2142 in
924 2107 1035 2143 munere
1054 2093 1102 2143 da·
1132 2090 1314 2156 ἐπιτηδειότης
1331 2097 1374 2143 sal
1397 2089 1512 2156 ὁσιότης,
1531 2091 1667 2144 idoneitas
1686 2098 1715 2145 et
1727 2091 1800 2146 vitae
1810 2091 1968 2164 integritas,

269 2177 365 2242 cearli,
390 2194 451 2229 cam
469 2177 494 2228 is
512 2183 605 2228 stimat
625 2175 752 2244 aliquid,
776 2177 826 2243 qai
844 2176 889 2243 id,
908 2178 986 2244 qaod
1004 2177 1032 2229 es'
1048 2195 1103 2230 aaa
1130 2175 1179 2228 sed
1199 2175 1282 2229 etiam
1303 2176 1426 2245 legitima
1444 2177 1553 2230 vocatio
1571 2177 1599 2230 in
1619 2177 1745 2230 ministro
1768 2177 1906 2233 ecstasim
1926 2195 1967 2232 ne

269 2262 390 2329 debetur,
408 2263 465 2315 sili
482 2270 612 2330 arropat,
630 2263 681 2314 aed
699 2264 738 2328 ei,
766 2262 816 2329 qai
832 2269 873 2314 est
890 2264 931 2313 ad
948 2264 1103 2315 docessdam
1131 2260 1293 2331 quiruntur;
1310 2263 1402 2330 priora
1414 2262 1591 2332 requiruntur
1603 2262 1639 2316 ad
1653 2279 1808 2332 personam,
1827 2265 1967 2333 posterius

269 2356 352 2418 aptas
371 2358 398 2401 et
417 2350 491 2402 citae
508 2350 678 2417 inculpatae,
702 2350 815 2400 deletur
838 2348 891 2400 illa
918 2350 1044 2416 dipaitae
1061 2350 1104 2403 cel
1130 2347 1165 2400 ad
1185 2345 1306 2400 officium
1327 2348 1451 2401 ministri.

269 2453 374 2502 manas,
392 2437 547 2488 adeoatsi
561 2437 624 2503 quie
642 2435 710 2487 talis
727 2435 764 2486 sit
779 2442 804 2487 et
825 2434 1103 2502 aliosdoeerenolit,
1164 2440 1205 2486 60.
1227 2434 1320 2502 Atque
1339 2433 1407 2486 haec
1425 2440 1489 2486 sunt
1508 2434 1616 2503 potiora
1634 2433 1794 2503 Scripturas
1814 2435 1906 2503 dieta,
1933 2445 2009 2490 exat

269 2521 663 2590 parasstmepeccatarassit.
691 2519 796 2573 Eodem
810 2520 893 2572 modo
905 2520 1007 2589 excipit
1015 2521 1102 2573 Andr.
1130 2518 1232 2588 quibus
1249 2527 1371 2572 nostram
1391 2519 1584 2573 confirmamus
1602 2520 1775 2583 sententiam,
1793 2520 1849 2574 illis
1868 2495 2009 2588 „cun-il,

268 2605 424 2661 Radeccius
447 2607 476 2660 in
493 2607 566 2660 notis
585 2607 620 2660 ad
643 2605 745 2659 librum
773 2604 926 2675 Smiglecii,
954 2622 1036 2676 quem
1062 2606 1102 2659 in·
1130 2605 1207 2657 dario
1218 2605 1333 2674 adjungi
1344 2611 1434 2674 potest
1446 2615 1470 2659 ti.
1485 2613 1664 2675 praeceptum
1677 2606 1810 2661 Siracidis
1819 2623 1844 2660 c.
1854 2613 1879 2676 l,
1895 2609 2008 2691 Μιξξ

269 2693 379 2762 scripsit
404 2693 600 2747 refutationem
627 2708 715 2746 vanae
746 2691 930 2745 dissolutionis
962 2691 1028 2744 nodi
1060 2693 1102 2744 sui
1129 2693 1168 2758 μὴ
1187 2691 1253 2757 trita
1273 2691 1349 2758 παρὰ
1363 2699 1458 2760 κυρίου
1473 2691 1632 2769 ἡγεμονίαν,
1650 2693 1722 2765 μηδὲ
1736 2690 1811 2761 παρὰ
1829 2697 1968 2761 βασιλέως
1979 2704 2009 2742 ss

269 2776 367 2833 Gordii
391 2798 419 2849 p.
441 2788 469 2833 5:
490 2781 586 2847 Ipsam
608 2776 718 2847 (inquit)
739 2776 840 2846 capitis
857 2778 977 2844 initiam,
998 2794 1030 2828 ea
1048 2795 1102 2846 qao
1129 2781 1271 2848 καθέδραν
1291 2775 1379 2844 δόξης,
1399 2777 1524 2848 Vulgata
1535 2778 1671 2831 reddidit:
1690 2778 1761 2830 Noli
1773 2794 1913 2846 qssaerm
1931 2781 1968 2833 ab

267 2867 352 2919 verba
368 2885 393 2920 a.
412 2869 435 2918 4.
457 2867 625 2933 dependeat,
649 2865 685 2917 <Ie
708 2864 769 2916 salo
783 2864 953 2931 pontificata
971 2871 997 2916 et
1014 2864 1104 2930 lepals'
1129 2863 1238 2915 ltorairse
1259 2865 1399 2929 sitarciam,
1421 2880 1508 2930 sueque
1531 2880 1550 2914 a
1573 2879 1638 2930 repe
1656 2863 1822 2916 cathedram
1841 2866 1968 2920 licitos-is¹

263 2952 398 3019 putatitiae
415 2953 547 3019 loquitar.
586 2951 667 3001 Idem
687 2957 801 3002 testatur
821 2950 959 3002 articulus
977 2951 1040 3002 coci
1055 2950 1101 3004 do·
1128 2947 1184 3002 Sed
1213 2965 1275 3001 cum
1308 2948 1336 3001 in
1364 2946 1472 3001 Graeco
1498 2948 1634 3002 habeatur
1659 2965 1712 3002 vox
1742 2955 1855 3022 raptos,
1894 2967 1969 3019 qssae

267 3055 363 3090 aorem
380 3039 410 3090 ia
425 3036 537 3090 Graeco
557 3037 683 3097 additas,
701 3041 732 3086 at
748 3042 897 3102 constaret,
910 3038 946 3088 de
960 3035 1104 3103 peculiari
1129 3035 1260 3102 ἐξοχκκοῖς
1274 3032 1335 3086 Deo
1355 3033 1495 3102 competit,
1513 3035 1636 3102 itemque
1649 3050 1702 3088 vox
1714 3033 1874 3107 ἡγεμονίας,
1894 3053 1968 3108 qnae

268 3125 373 3176 lassare
390 3108 542 3176 serraoaem
562 3137 620 3174 esee
640 3129 691 3175 etc.
726 3120 949 3191 Respondemus:
970 3121 1043 3176 Sane
1061 3138 1101 3175 re·
1130 3119 1262 3174 ecelesiae
1283 3118 1442 3172 doctoribus
1467 3119 1624 3187 specialiter
1649 3120 1782 3175 tribuitur
1806 3121 1904 3177 Actor.
1927 3131 1967 3187 lb,

269 3215 364 3264 censet
390 3208 428 3262 ibi
461 3208 601 3279 spostolus
628 3207 799 3261 conditiones
826 3206 988 3276 pontificum
1012 3208 1047 3263 V.
1067 3207 1099 3260 T.
1128 3223 1151 3261 v.
1174 3211 1214 3260 22.
1253 3204 1338 3257 Hebr.
1362 3213 1399 3271 13,
1416 3222 1442 3256 v.
1461 3211 1485 3260 t.
1508 3211 1546 3259 tl.
1565 3210 1594 3258 et
1612 3207 1728 3260 itideo
1739 3214 1814 3262 recte
1828 3209 1969 3280 accipitur

268 3298 339 3351 inter
359 3311 428 3365 qaas
441 3295 524 3348 etiam
537 3301 579 3347 est
591 3293 685 3346 divina
699 3294 818 3360 vocatio,
836 3293 884 3347 sed
896 3301 1010 3363 propter
1028 3295 1100 3365 pari·
1129 3298 1260 3361 tanquam
1280 3292 1418 3361 generalis
1440 3291 1576 3360 quaedam
1589 3294 1782 3360 praemonitio,
1799 3311 1835 3349 ne
1852 3296 1917 3366 quis
1936 3314 1968 3352 se

266 3389 352 3438 tatem
377 3381 492 3435 rationis
519 3381 591 3433 inter
614 3378 758 3449 pontifices
778 3377 888 3433 Veteris
911 3385 939 3434 et
964 3380 1101 3433 ministros
1128 3379 1237 3448 ingerat
1256 3377 1372 3445 publicis
1388 3377 1486 3430 officiis
1501 3378 1613 3446 propria
1624 3378 1792 3448 temeritate,
1812 3381 1871 3435 sive
1889 3384 1967 3450 nupsi

267 3467 339 3522 Novi
359 3467 434 3520 Test.
455 3465 557 3536 (quoad
582 3481 682 3517 munus
707 3464 824 3518 docendi
848 3469 877 3517 et
894 3465 998 3533 publici
1017 3465 1100 3518 officii
1131 3470 1237 3530 rspice,
1267 3464 1342 3532 apud
1360 3463 1522 3529 Dominum,
1551 3480 1643 3518 coram
1658 3463 1790 3526 Domino,
1817 3466 1846 3520 id
1869 3476 1914 3522 est
1937 3469 1967 3522 in

267 3552 544 3618 administrationem)
562 3558 635 3605 recte
648 3549 815 3620 generaliter
826 3549 962 3619 accipitur
982 3568 1101 3620 pronun·
1129 3550 1251 3617 ccclesia,
1269 3550 1327 3601 sive
1345 3551 1421 3620 παρὰ
1440 3553 1586 3615 βασιλέως,
1611 3550 1686 3620 apud
1704 3566 1807 3621 regem,
1825 3552 1854 3606 id
1876 3563 1921 3608 est
1937 3556 1968 3609 in

267 3639 366 3694 tiatum
385 3638 516 3708 apostoli,
543 3637 595 3690 hoc
617 3653 707 3704 sensu,
728 3635 802 3706 quod
825 3653 906 3689 nemo
923 3638 1036 3706 propria
1055 3655 1101 3691 aa·
1128 3635 1234 3704 politia.
1275 3635 1316 3688 Ne
1343 3650 1460 3704 quaeras
1483 3635 1558 3703 apud
1583 3633 1732 3689 Dominum
1757 3636 1967 3705 praefecturam

268 3726 394 3780 ctoritate
423 3723 554 3777 honorem
586 3721 706 3792 aliquem
735 3721 762 3775 in
796 3721 888 3776 officio
915 3723 1102 3777 ecclesiastico
1129 3723 1187 3775 sive
1204 3722 1345 3786 ducatum,
1364 3737 1454 3791 neque
1469 3721 1545 3789 apud
1559 3737 1651 3791 regem
1666 3721 1827 3777 cathedram
1844 3723 1968 3792 honoris,

95 3855 97 3859 ,
269 3810 438 3880 capessendo
458 3808 512 3862 sibi
531 3823 639 3861 sumere
657 3806 765 3872 debeat,
786 3808 838 3860 nisi
858 3825 875 3862 a
892 3808 953 3862 Deo
973 3816 1102 3876 vocetur3
1129 3808 1157 3860 id
1178 3813 1221 3862 est
1238 3824 1273 3860 ne
1292 3806 1426 3862 obtrudas
1445 3816 1473 3861 te
1492 3808 1527 3860 ad
1540 3808 1652 3877 publica
1669 3824 1784 3863 munera
1800 3811 1860 3865 sive
1877 3813 1968 3867 eccle·

135 3904 209 3947 aaa
222 3904 255 3947 oa
268 3897 387 3967 speciale
411 3895 529 3950 Aaronis
553 3892 708 3962 exemplum
727 3893 853 3947 additum
879 3912 935 3947 non
960 3897 1103 3968 restringit
1129 3893 1247 3957 siastica,
1266 3893 1325 3946 sive
1342 3891 1470 3963 politica,
1487 3893 1536 3947 sed
1554 3901 1696 3964 exspectes
1715 3894 1793 3964 prius
1810 3896 1968 3967 legitimam

268 3984 312 4037 vel
331 3983 440 4050 limitat,
459 3981 508 4035 sed
526 3981 648 4033 illustrat
666 3987 694 4033 et
712 3980 833 4048 explicat
850 3981 1007 4050 generalem
1026 3984 1101 4036 illam
1128 3979 1306 4034 vocationem.

269 4067 407 4139 regulam,
436 4067 480 4120 cui
504 4064 658 4135 subjicitur.
697 4063 796 4134 Neque
818 4066 969 4136 quidquam
995 4067 1102 4121 roboris
1164 4072 1205 4120 ot.
1226 4065 1324 4119 Altera
1340 4063 1436 4118 classis
1456 4069 1681 4134 argumentorum
1701 4065 1825 4121 continet
1845 4067 1968 4136 probata
1980 4081 2009 4123 ι]

269 4155 340 4208 inest
365 4152 573 4222 exceptionibus
600 4151 780 4207 Photinianis.
822 4157 843 4204 1.
865 4150 958 4205 Labor
983 4152 1104 4208 enimet
1130 4152 1270 4220 eaempla,
1288 4151 1338 4205 ubi
1356 4150 1535 4220 proponimus
1554 4149 1711 4220 generalem
1730 4150 1870 4223 regulam,
1889 4135 2009 4225 quodffl

268 4241 355 4294 honor
374 4240 402 4291 in
422 4238 539 4292 docendi
559 4237 651 4290 cilicio
669 4237 953 4304 nonsuntopposita‚
971 4239 1019 4293 sed
1038 4240 1102 4292 sub·
1130 4254 1210 4293 nemo
1234 4238 1278 4291 vel
1304 4237 1332 4289 in
1357 4236 1392 4291 V.
1412 4237 1455 4290 vel
1479 4236 1507 4289 in
1527 4235 1560 4290 N.
1580 4237 1613 4288 T.
1632 4235 1776 4304 publicum
1798 4237 1920 4293 docendi
1935 4241 1968 4295 in

268 4327 411 4390 ordinata,
444 4330 475 4376 ut
507 4329 615 4377 constat
645 4338 678 4375 ex
708 4322 835 4375 evidente
869 4323 987 4391 apostoli
1020 4325 1103 4391 dicto,
1131 4323 1248 4378 ecclesia
1265 4321 1388 4377 officium
1407 4322 1460 4376 rite
1482 4320 1726 4391 administraverit,
1751 4323 1805 4377 nisi
1830 4324 1965 4379 divinitus

270 4419 292 4469 1.
313 4410 432 4465 Tlrnoth.
454 4415 483 4472 5,
509 4425 535 4462 v.
557 4415 603 4463 ll:
634 4409 689 4470 Qui
706 4408 772 4461 bene
786 4416 923 4476 praesunt
936 4410 1104 4477 presbyteri,
1131 4410 1212 4463 adid
1232 4417 1431 4475 vocatus,nec
1457 4415 1596 4476 putamus,
1619 4409 1789 4463 contrarium
1806 4410 1967 4481 exemplum

265 4499 380 4566 'displice'
398 4499 502 4550 bonore
523 4496 605 4562 dipai
621 4503 696 4563 arnt,
717 4496 834 4547 maxime
853 4496 903 4563 qai
921 4495 1053 4547 laborant
1072 4498 1100 4548 in
1129 4496 1245 4565 proferri
1271 4510 1362 4565 posse.
1409 4498 1432 4546 1.
1460 4495 1641 4546 Patrs'amla'a
1666 4494 1797 4564 apparuit
1824 4495 1904 4551 Deus
1936 4496 1965 4551 in

267 4587 348 4637 cabo
367 4593 393 4636 et
410 4583 549 4635 dartana.
588 4579 719 4634 Officium
732 4580 851 4635 aaronis
864 4581 1034 4636 sacerdotale
1045 4599 1100 4635 non
1127 4584 1217 4636 forma
1249 4582 1369 4634 humana
1392 4596 1425 4633 ac
1452 4579 1610 4633 immediata
1635 4597 1682 4634 eos
1714 4581 1749 4634 ad
1782 4581 1904 4637 docendi
1938 4589 1965 4638 et

267 4676 327 4723 erat
346 4671 434 4722 solum
453 4669 632 4735 honoratum,
659 4667 709 4720 sed
728 4667 811 4721 etiam
830 4666 1010 4736 laboriosum3
1041 4667 1100 4721 offi-
1128 4667 1302 4723 sacrificandi
1320 4683 1419 4718 munus
1438 4665 1555 4718 vocavit
1589 4665 1658 4720 Gen
1679 4673 1719 4730 il,
1736 4684 1763 4723 v.
1780 4672 1824 4724 ts:
1843 4670 1962 4723 Melchi-

267 4757 340 4809 cium
364 4756 532 4827 reliquorum
560 4752 692 4807 ecclesiae
718 4753 863 4808 doctorum
888 4761 931 4808 est
955 4754 1000 4808 vel
1026 4761 1099 4808 certe
1128 4757 1208 4808 seclae
1227 4761 1288 4805 erut
1305 4755 1438 4804 sacerdos
1453 4751 1610 4819 altissimi,
1631 4760 1660 4805 at
1677 4754 1817 4824 quomodo
1834 4756 1963 4811 nendos

267 4860 326 4896 essc
352 4842 436 4895 debet
455 4857 510 4895 non
535 4839 625 4893 solum
643 4838 818 4902 laboriosum,
845 4839 894 4893 sed
914 4840 997 4894 etism
1015 4841 1099 4894 hono·
1112 4856 1115 4933 ἑ
1130 4839 1263 4894 altissimi
1283 4854 1343 4890 esse
1360 4838 1504 4906 potuisset,
1521 4839 1544 4891 si
1563 4855 1618 4892 non
1632 4838 1826 4894 summano
1843 4842 1881 4895 ad
1894 4841 1962 4897 illud

204 4988 206 4992 Α
265 4936 371 4996 ratum3
399 4926 474 4996 quod
499 4926 561 4996 plus
588 4925 691 4978 laboris
712 4941 796 4994 quam
814 4925 925 4979 honoris
950 4926 987 4980 sit
1003 4927 1032 4979 in
1052 4927 1099 4980 do·
1127 4926 1249 4980 officium
1268 4924 1514 4977 fuissetvoeatus?
1531 4923 1601 4979 Gen.
1616 4931 1695 4994 20,r.
1712 4931 1736 4980 7.
1750 4926 1786 4980 de
1800 4925 1961 4982 Abrahamo

265 5014 346 5068 cendi
372 5028 498 5079 munere,
522 5028 556 5066 ex
581 5012 725 5065 accidente
751 5011 888 5081 contingit
906 5019 1019 5081 propter
1037 5029 1100 5067 con·
1112 5078 1114 5087 ,
1126 5013 1196 5067 dicit
1207 5010 1344 5065 Dominus
1363 5010 1398 5063 ad
1413 5011 1636 5065 Abimelechum:
1658 5011 1757 5065 orata
1771 5029 1825 5081 pro
1840 5021 1876 5082 te,
1895 5016 1962 5084 quia

264 5104 380 5153 temtum
405 5096 483 5151 verbi
507 5105 535 5151 et
560 5098 655 5150 mundi
673 5097 914 5167 ingratitudinem,
949 5098 997 5151 sed
1016 5115 1048 5152 ex
1067 5098 1264 5167 eofpropltetu
1281 5105 1330 5164 est,
1352 5104 1378 5148 et
1396 5098 1484 5163 oz'aes,
1502 5097 1602 5166 quibus
1623 5097 1713 5150 verbis
1734 5096 1877 5152 Abrabam
1898 5114 1960 5154 con-

266 5203 320 5239 non
340 5189 432 5253 potest
448 5199 499 5235 nec
518 5182 602 5235 debet
624 5183 733 5247 inferri,
763 5183 837 5252 quod
862 5183 980 5235 docendi
999 5201 1099 5237 munus
1112 5227 1113 5249 2
1126 5183 1250 5236 stituitur
1278 5180 1415 5252 propheta
1447 5198 1479 5235 ac
1508 5182 1604 5235 doctor
1637 5180 1811 5237 Abimelecbi
1844 5186 1960 5256 ejusque

265 5288 319 5324 non
340 5271 377 5322 sit
394 5268 493 5338 aliquis
512 5267 604 5322 honor.
637 5267 759 5321 Proinde
780 5269 816 5321 ad
841 5268 958 5321 docendi
977 5269 1098 5323 officinm
1112 5255 1113 5297 ἦ
1126 5267 1309 5337 subditorum,
1320 5267 1452 5338 quinimo
1463 5267 1546 5321 etiam
1559 5267 1683 5335 aliorum,
1703 5269 1751 5338 qui
1765 5267 1869 5324 debeat
1880 5286 1958 5341 prae

265 5357 346 5409 etiam
372 5355 494 5424 pertinet
517 5352 615 5423 regula
638 5353 686 5408 illa
718 5353 884 5424 apostolica:
924 5357 1013 5408 Nemo
1045 5356 1219 5408 siti-dicare
1238 5359 1265 5407 et
1283 5369 1362 5408 orare
1380 5355 1439 5407 sive
1457 5351 1624 5420 sacrificare,
1650 5355 1726 5408 unde
1744 5355 1827 5408 enan
1847 5354 1885 5411 de
1900 5349 2009 5426 ipsam

265 5441 323 5509 ipsi
339 5441 422 5492 stimat
440 5440 579 5493 honorem.
599 5442 650 5491 aad
668 5442 843 5508 qais-aratur
862 5458 880 5491 a
901 5442 970 5492 Deo.
1009 5446 1032 5494 2.
1045 5440 1097 5493 La·
1111 5434 1112 5450 i
1125 5451 1365 5506 commemoratur,
1396 5441 1470 5510 quod
1499 5441 1691 5504 aedificarit&
1713 5440 1808 5495 altore
1829 5443 1960 5510 Domino,

266 5526 359 5581 boram
373 5526 493 5597 aliquem
506 5538 732 5595 sumerescmpcr
740 5526 882 5580 laudabile
895 5526 948 5580 tuit
963 5524 1097 5593 habitum,
1111 5541 1112 5545 ’
1125 5528 1351 5598 quiapparaerat
1362 5526 1396 5593 ei,
1406 5533 1434 5579 st
1449 5526 1619 5580 invocaverit
1636 5539 1736 5581 nonen
1746 5525 1819 5596 dost
1836 5524 1911 5584 Gna
1921 5532 1959 5597 tl,
