4020 6014
290 158 351 215 208
874 147 997 204 Locus
1014 143 1219 201 vlcusutus
1239 144 1405 202 TERTIUS

291 302 413 374 ψήφους,
431 303 492 374 ipse
507 319 572 358 vero
589 302 704 371 viderit,
725 302 862 400 quomodo
880 302 959 356 hsc'
952 319 980 355 m
999 306 1079 371 perte
1101 297 1233 356 eilstica.
1277 299 1353 355 Caro
1377 301 1481 369 atae,
1498 301 1618 372 spiritus
1631 307 1757 374 praeest,
1775 307 1804 354 et
1822 299 1963 372 lieetspiri·

290 390 437 445 conveniat
456 406 518 444 cum
543 388 606 441 aliis
628 343 792 454 Pontificiis,
820 389 875 447 imo
893 404 955 441 cum
974 386 1041 457 ipsis
1059 402 1127 456 pon·
1139 362 1198 479 'ptus
1217 405 1272 440 ιιονι
1292 403 1322 439 ιι
1340 388 1454 440 misceat
1472 386 1628 440 actionibus
1646 387 1754 455 camis,
1772 389 1827 441 sed
1837 387 1909 441 ιιιιιι
1924 403 1965 439 san

291 474 422 531 tificibus
458 474 562 531 Nam
555 492 583 528 m
605 473 791 528 decretalibus
810 491 865 529 non
884 473 1047 528 indirectam
1066 478 1142 525 tan·
1156 489 1283 525 exercere
1302 490 1370 526 saar
1393 474 1583 542 operationes,
1601 480 1691 527 tames
1718 474 1842 541 φιανιιιο
1861 489 1906 527 eae
1921 471 1966 539 oft·

290 567 359 624 tum,
378 561 427 615 sed
446 562 579 615 directam
594 562 622 613 et
639 559 789 629 plenariam
802 565 966 628 potestatem
980 558 1009 612 in
1022 563 1127 626 tempo·
1140 536 1229 612 letone
1249 559 1328 616 tici
1315 558 1405 627 ipsius
1418 559 1627 628 spiritualitas
1644 558 1764 626 spiritus
1777 558 1967 626 earaiimperat

290 648 395 703 ralibus
417 646 561 718 pontifices
592 646 645 700 sibi
671 646 819 701 vendicant
844 663 867 699 ι
886 662 982 700 omnes
1001 645 1065 698 dist.
1086 648 1143 698 tt.
1141 659 1268 712 ,eamque
1293 643 1421 711 castipot.
1469 644 1518 698 Sic
1547 644 1710 712 spiritualis
1728 651 1859 712 potestas
1880 660 1931 697 eos
1950 656 1969 693 u

291 733 339 788 ubi
358 735 464 790 terreni
481 742 506 787 et
525 731 687 786 coelestin
675 733 790 801 emperii
799 733 871 800 jura
889 732 977 784 Petro
995 719 1251 800 dicanturlrniscet
1270 729 1470 800 temporalibus
1492 730 1627 799 repotiis,
1655 731 1809 783 dommodo
1829 748 1884 783 eoa
1901 729 1971 782 obsit

292 821 446 874 commisso.
466 837 486 873 c.
515 817 622 872 Cuncta
635 833 709 871 caus.
729 824 754 873 9.
767 823 874 888 quaest.
890 822 914 872 3.
934 817 982 871 ubi
995 817 1127 869 Rornaaa
1155 815 1207 879 slei
1223 816 1379 887 spirituali,
1399 822 1448 869 aut
1466 832 1521 868 aco
1535 816 1592 869 siat
1608 815 1771 868 necessaria
1789 818 1836 869 ad
1852 833 1910 870 eum
1927 831 1974 868 eor·

292 906 409 959 eeclesia
434 905 540 957 dicitur
558 908 612 970 sos
631 904 732 956 labere
759 906 795 957 stc
818 904 944 957 omnibus
963 900 1127 970 judicandi,
1155 902 1334 968 sequendam.
1367 900 1401 954 ss·
1417 909 1509 955 autem
1523 901 1581 953 tole
1599 902 1670 971 qaid
1687 900 1812 969 accidat,
1831 901 1976 971 spitualis

292 1001 321 1053 at
341 992 416 1044 asdli
437 990 521 1043 licecu
547 991 582 1041 dc
605 991 666 1057 ejas
685 989 822 1056 jacticare
840 989 963 1057 judicio.
987 1004 1010 1042 c.
1033 995 1278 1069 omnes4potestas
1291 994 1386 1058 potest
1410 995 1436 1039 et
1464 988 1544 1040 debet
1564 991 1692 1040 coercere
1716 987 1903 1055 temporalem
1919 985 1979 1042 ouri

292 1084 368 1132 extra
386 1078 421 1130 dc
440 1076 536 1146 major.
557 1080 586 1129 et
605 1074 685 1129 obed.
704 1074 753 1128 ubi
767 1092 860 1128 omnes
878 1074 1023 1142 principes
1037 1081 1128 1125 terrae
1155 1073 1265 1126 ratione
1296 1090 1330 1125 ac
1358 1073 1421 1140 oia,
1448 1088 1520 1140 ursae
1551 1073 1592 1124 ad
1621 1072 1654 1125 id
1682 1072 1796 1126 uidetur
1824 1073 1981 1127 messoria

292 1182 326 1217 ac
363 1171 466 1216 ceteros
504 1163 629 1214 homiues
666 1161 806 1229 episcopis
840 1159 953 1211 obedire
991 1176 1009 1211 a
1043 1159 1129 1211 Petro
1157 1157 1383 1226 Respondemus:
1420 1162 1441 1212 ι.
1466 1173 1564 1227 parum
1595 1155 1689 1226 abest,
1714 1157 1782 1228 quin
1806 1158 1982 1213 Bellarminas

288 1252 384 1319 jussos
409 1265 468 1300 esse
485 1247 624 1315 ,asseritur
649 1263 673 1300 c.
709 1245 800 1301 Unam
825 1250 958 1298 sanctam.
985 1248 1061 1299 extra
1094 1241 1129 1296 da
1155 1230 1263 1313 ¹repetat
1284 1242 1354 1298 illud
1377 1242 1531 1298 Innocentii
1556 1259 1580 1299 c.
1631 1242 1723 1299 Unam
1752 1248 1891 1298 sanctam.
1918 1252 1986 1299 ιιιιι

292 1336 410 1406 majorit.
432 1340 461 1388 et
483 1334 564 1389 obed.
584 1332 631 1386 ubi
658 1331 817 1387 Bonifacius
834 1331 917 1397 dicit,
944 1331 975 1382 ie
989 1336 1129 1400 potestate
1156 1329 1192 1384 de
1217 1330 1337 1400 majorit.
1368 1337 1396 1384 et
1416 1329 1511 1385 obed.=
1542 1330 1621 1383 Fecit
1649 1332 1728 1383 Deae
1752 1331 1810 1384 deso
1836 1332 1987 1385 luminaria

290 1422 433 1493 pontificis
468 1420 594 1475 Romani
622 1434 680 1471 esse
705 1420 776 1472 cissos
800 1417 930 1485 pladios,
952 1416 1129 1484 spiritualem
1156 1433 1260 1484 mapaa
1282 1416 1312 1469 irs
1336 1418 1515 1482 firmamento
1546 1415 1631 1484 coeli,
1661 1414 1799 1470 luminare
1829 1418 1939 1487 majas,
1963 1424 1989 1470 ut

291 1507 421 1560 cislelicet
447 1523 481 1559 oc
500 1505 695 1574 temporalem,
719 1521 754 1557 ac
777 1505 887 1556 subesse
906 1503 1035 1557 Romano
1059 1518 1129 1569 poa·
1152 1509 1297 1571 praeesset
1309 1502 1376 1570 clici,
1395 1511 1421 1556 et
1436 1502 1578 1555 luminare
1590 1503 1690 1569 miras,
1711 1510 1741 1554 at
1748 1511 1901 1572 praeesset
1913 1503 1990 1566 eocti,

293 1594 363 1661 tiflei
385 1592 461 1646 omui
485 1593 624 1645 humanae
649 1598 795 1644 creaturae
822 1589 934 1643 ommno
955 1604 1014 1640 esse
1032 1589 1068 1640 de
1084 1603 1129 1640 ue-
1156 1595 1303 1656 utrumque
1323 1605 1463 1655 mappam,
1480 1590 1532 1640 sesi
1549 1588 1671 1641 alterism
1688 1589 1792 1658 majus.
1831 1591 1885 1643 Ad
1896 1591 1992 1659 firma·

293 1679 422 1732 cessitate
442 1676 552 1729 salcetis.
578 1691 600 1730 c.
635 1675 716 1730 Licet
734 1680 811 1729 extra
830 1675 865 1729 dc
885 1673 945 1729 foro
964 1678 1129 1742 competent.
1157 1681 1275 1727 mentum
1304 1674 1394 1743 ipitar
1416 1674 1500 1742 coeli,
1525 1674 1560 1727 id
1585 1681 1625 1727 est
1654 1675 1826 1728 uaioerealis
1850 1677 1993 1741 ecclesiae,

291 1762 471 1819 Innocentius
490 1761 541 1816 Ill.
560 1761 701 1830 statuitur,
718 1769 836 1815 vacante
857 1760 976 1833 imperio
995 1777 1130 1812 nmmum
1149 1760 1315 1826 secitlleas
1336 1763 1393 1814 eoo
1412 1778 1515 1829 mappa
1533 1760 1696 1825 luminaria,
1716 1761 1802 1814 idest
1823 1763 1902 1815 duas
1922 1780 1994 1829 map-

290 1849 452 1919 pontificem
470 1849 499 1901 irs
514 1846 761 1902 administratione
780 1849 929 1901 succedero
944 1852 969 1898 et
987 1843 1131 1913 imperiali
1157 1863 1209 1898 aas
1227 1845 1347 1898 instituit
1366 1847 1525 1915 dipsitates,
1546 1862 1616 1914 quae
1629 1853 1693 1899 errat
1702 1846 1881 1915 ponteficalis
1902 1857 1994 1903 aucto·

290 1941 428 2004 potestate
447 1934 496 1997 uti,
517 1933 694 1987 ‹loaecalius
708 1931 917 2001 electassaerit.
949 1930 1027 1983 Idem
1044 1928 1131 1983 habat
1156 1933 1229 1985 ritas
1251 1940 1278 1984 et
1299 1931 1406 2000 repulia
1425 1938 1560 2000 potestas.
1608 1931 1666 1984 Sed
1690 1932 1758 2000 ella,
1783 1950 1856 2001 qaae
1880 1943 1996 2004 praeest

295 2019 421 2073 Clemens
439 2019 471 2073 V.
492 2018 521 2072 in
548 2018 633 2073 Clam.
659 2018 806 2087 pastoralis
834 2019 869 2072 de
892 2034 922 2072 re
942 2016 1030 2085 judic.
1056 2013 1129 2069 unde
1157 2017 1266 2085 ᾱιιιιιι,
1294 2017 1327 2069 id
1351 2025 1391 2070 est
1409 2017 1621 2086 spiritualibus,
1647 2018 1742 2087 major
1760 2026 1818 2088 est,·
1838 2037 1996 2089 praecem

294 2104 376 2164 etiam
392 2104 469 2161 Sixto
488 2103 522 2160 V.
544 2120 642 2173 parum
662 2103 768 2172 placuit
793 2107 1040 2172 temperamentum
1060 2098 1129 2152 illud
1156 2103 1333 2166 carnalibus,
1350 2103 1461 2169 mirsam·
1478 2111 1509 2157 at
1528 2111 1635 2172 quarta
1652 2111 1693 2157 cst
1711 2104 1786 2158 inter
1804 2105 1893 2159 solem
1910 2115 1937 2158 et
1955 2107 1995 2159 ιιι-

295 2191 536 2247 Bellarminiannm
558 2190 594 2243 de
618 2195 756 2259 potestate
773 2189 920 2254 indirecta,
946 2184 1108 2259 siquidcm'
1101 2202 1129 2237 m
1155 2207 1232 2258 aem,
1266 2197 1345 2241 tanta
1373 2190 1446 2242 inter
1478 2190 1625 2259 pontifices
1662 2197 1688 2243 et
1715 2206 1796 2260 repes
1831 2192 1996 2262 differentia

293 2276 369 2332 bulla
396 2283 494 2330 contra
515 2275 666 2332 Hem-icum
702 2275 757 2330 Ill.
783 2274 919 2328 Franciae
944 2287 1038 2343 regem
1057 2269 1131 2324 affir-
1156 2283 1349 2343 copaoscatur.
1385 2274 1427 2328 Ex
1448 2292 1503 2347 quo
1522 2274 1629 2346 colligit
1645 2276 1754 2346 glossa,
1773 2276 1848 2348 quod
1868 2278 1997 2348 stipnitas

294 2370 369 2430 mat,
398 2381 428 2416 se
457 2379 618 2432 supremam
646 2362 677 2415 ia
704 2377 797 2415 omnes
821 2377 902 2428 reqes
930 2367 957 2413 et
986 2358 1130 2426 principes
1152 2361 1272 2432 papalis
1286 2361 1459 2429 quodrapees
1470 2362 1571 2430 septies
1582 2363 1676 2430 chor
1689 2363 1727 2416 set
1738 2362 1888 2433 imperiali
1902 2365 1996 2434 clipei·

293 2451 441 2503 smioersoe
468 2457 563 2503 terrae
589 2455 754 2516 cunctosque
777 2447 901 2518 populos
932 2453 957 2498 et
983 2451 1077 2512 peotes
1105 2450 1130 2497 et
1157 2454 1220 2500 tate
1266 2451 1290 2500 2.
1317 2445 1346 2501 Si
1373 2450 1496 2515 potestas
1520 2446 1712 2502 ecclesiastica
1732 2446 1856 2518 spiritui,
1879 2449 1997 2520 politice

294 2537 423 2588 nationes
448 2553 504 2588 coe
530 2535 668 2601 tamaro,
693 2536 745 2586 scd
769 2533 867 2585 divina
886 2529 1059 2583 institutione
1075 2529 1131 2582 siti
1157 2548 1233 2586 carm
1225 2531 1371 2586 absolute
1385 2538 1413 2586 et
1427 2531 1589 2602 simpliciter
1607 2539 1792 2604 comparatur,
1804 2533 1873 2606 quid
1885 2535 1996 2601 mirum,

296 2622 433 2675 traditam
447 2627 615 2689 potestatem
629 2620 770 2685 obtinere,
796 2634 829 2672 ac
853 2632 951 2686 parum
971 2614 1076 2682 abfuit,
1098 2619 1131 2669 ut
1157 2618 1231 2688 qnod
1259 2618 1438 2673 ecclesiastici
1474 2634 1573 2673 nomen
1604 2620 1799 2688 spiritualium
1812 2619 1856 2673 ·in
1887 2627 1995 2692 papatu

295 2725 328 2763 ex
347 2706 476 2776 Barelajo
495 2705 651 2759 monuimus
672 2703 807 2773 superius,
826 2701 893 2773 quin
912 2701 1005 2755 omnia
1024 2694 1129 2754 Bellar·
1157 2703 1211 2757 sibi
1228 2703 1294 2757 solis
1314 2710 1495 2775 arrogarent,
1514 2721 1578 2758 cum
1596 2711 1688 2759 umen
1709 2703 1837 2760 omnibus
1857 2722 1925 2761 rere
1944 2707 1996 2776 piis

295 2792 361 2847 mini
387 2808 472 2862 opera
498 2798 611 2862 propter
637 2790 709 2845 banc
737 2788 916 2844 assertionem
941 2803 1057 2842 censura
1080 2801 1131 2839 sua
1158 2804 1208 2857 per
1229 2786 1364 2858 Spiritum
1382 2807 1403 2842 s.
1423 2788 1527 2843 sensus
1546 2807 1578 2844 ex
1590 2789 1761 2860 praescripta
1779 2805 1922 2846 sacrarum
1936 2792 1995 2846 lite

294 2877 443 2933 Pontificia
468 2877 599 2932 aboleret.
639 2875 796 2930 Hostiensis
819 2875 847 2928 ia
870 2890 894 2927 c.
941 2872 1023 2937 Quod
1047 2888 1131 2942 super
1159 2874 1682 2945 rarumcompetatt.(lor.2.v.15.
1708 2880 1822 2945 c.3,v.
1845 2876 1997 2947 saue,

295 2966 337 3019 bis
359 2964 395 3017 de
413 2969 479 3016 voto
495 2970 524 3018 et
542 2963 599 3017 voti
617 2962 800 3025 redemtione,
825 2978 857 3016 eo
875 2958 1068 3030 progreditur,
1100 2962 1132 3011 nt
1159 2979 1184 3016 v.
1207 2967 1227 3015 1.
1255 2967 1277 3017 l.
1296 2960 1373 3016 Petri
1394 2968 1424 3030 t,
1450 2980 1476 3014 v.
1494 2968 1517 3016 5.
1564 2967 1588 3016 3.
1607 2961 1765 3016 Similitudo
1783 2969 1916 3032 exparte
1934 2981 1996 3019 con·

295 3057 407 3118 statuat,
424 3065 477 3118 per
493 3049 600 3103 Olsristi
618 3052 766 3102 artnentum
788 3064 866 3101 omae
885 3045 1039 3099 dominium
1050 3044 1131 3112 prin·
1158 3046 1219 3101 cedi
1240 3052 1339 3117 potest,
1358 3046 1380 3099 si
1403 3054 1477 3102 recte
1497 3047 1658 3117 explicetur.
1699 3046 1739 3103 Ut
1763 3047 1877 3118 spiritus
1900 3049 1999 3121 dirigit

296 3137 389 3208 sipara
413 3135 570 3198 infidelium
595 3135 762 3186 translatam
792 3149 851 3185 esse
875 3133 916 3183 ad
939 3131 1082 3183 ecclesiam
1107 3137 1133 3182 et
1159 3149 1270 3187 carnem
1288 3132 1317 3185 in
1335 3132 1490 3187 sedenibus
1509 3132 1690 3201 animalibus,
1708 3133 1748 3187 sic
1766 3138 1890 3204 potestas
1911 3135 1998 3190 eccle·

299 3222 425 3276 residere
446 3223 476 3274 ιἰι
494 3237 600 3274 sommo
614 3220 759 3290 pontifice,
775 3226 805 3270 at
822 3217 930 3270 maaria
946 3216 1047 3269 summi
1057 3218 1139 3285 repis
1159 3216 1273 3271 siastiea
1290 3216 1387 3289 dirigit
1403 3217 1545 3288 politicam
1563 3218 1591 3272 in
1611 3217 1817 3288 spiritualibus,
1843 3220 1891 3275 sed
1913 3238 1947 3275 ex
1965 3237 1998 3275 eo

301 3308 420 3375 curari,
445 3308 564 3376 ideoque
585 3322 671 3374 posse
684 3305 846 3372 pontificem
865 3319 951 3373 repra
978 3302 1134 3370 infidelium
1160 3319 1215 3355 non
1241 3309 1284 3357 est
1306 3303 1451 3359 inferenda
1483 3302 1612 3358 absoluta
1635 3304 1825 3360 subordinatio
1852 3307 1999 3376 potestatis

291 3395 362 3463 jare
380 3411 430 3446 sao
452 3395 573 3455 doecre,
598 3391 697 3459 essibus
718 3390 840 3442 ootuerit
857 3388 995 3455 fidelibus.
1032 3387 1134 3442 Panor·
1160 3386 1291 3457 politicae
1320 3388 1356 3442 sd
1387 3389 1613 3458 ecclesiasticam,
1643 3389 1709 3460 quia
1741 3391 1770 3443 in
1795 3391 1999 3461 temporalibus

296 3480 417 3534 mitanas
437 3477 548 3544 statuit,
575 3477 652 3545 qaod
674 3493 753 3546 papa
766 3476 819 3543 jus
839 3476 985 3543 utriusque
1004 3474 1134 3540 placitis
1160 3478 1284 3543 potestas
1320 3473 1511 3529 ecclesiastica
1556 3473 1679 3528 vicissim
1724 3475 1820 3530 subest
1856 3477 1998 3547 politicae.

299 3567 410 3621 Christo
435 3564 585 3633 acceperit,
610 3580 645 3614 oc
666 3562 790 3631 proinde
815 3562 906 3628 tirsum
932 3561 1079 3630 imperium
1099 3561 1134 3612 ab
1161 3566 1184 3615 ι.
1210 3559 1396 3614 Bellarminas
1423 3559 1631 3616 similitudinem
1659 3561 1694 3615 de
1724 3567 1783 3617 arte
1807 3561 2000 3620 lrenifactoria

297 3652 424 3717 ccclesia,
443 3651 476 3702 id
494 3657 535 3703 est
553 3666 572 3701 a
590 3648 733 3717 pontifice,
758 3649 923 3715 deprendere,
943 3654 1027 3716 atque
1040 3646 1081 3699 ita
1098 3647 1133 3698 de
1160 3651 1188 3701 et
1207 3645 1328 3716 equestri
1346 3645 1382 3700 ab
1400 3646 1460 3701 aliis
1485 3647 1540 3702 huc
1559 3646 1729 3717 applicatam
1746 3653 1895 3718 propterea
1915 3666 1999 3720 repu-

298 3737 460 3791 rccessitotc
494 3734 597 3788 salutis
631 3733 711 3786 credi
738 3742 875 3803 oportere.
924 3731 1066 3787 lohannes
1098 3731 1133 3785 de
1161 3732 1228 3797 diat,
1246 3732 1321 3803 quod
1340 3732 1446 3787 inillis
1466 3735 1574 3787 artibus
1591 3734 1716 3799 inferior
1727 3733 1764 3788 sit
1774 3735 1865 3788 solum
1875 3745 1999 3808 propter

298 3823 426 3894 Lignano
447 3819 553 3885 scribit,
574 3819 786 3874 Corrataotiaum
803 3836 858 3872 acre
879 3818 1065 3886 desectionem,
1082 3818 1134 3870 sed
1160 3819 1343 3885 asperiorem,
1361 3821 1432 3873 acteo
1452 3826 1483 3871 ιιι
1501 3819 1614 3872 melloto
1632 3821 1778 3887 superiore
1795 3820 1916 3875 tollatur
1935 3840 1998 3876 cors·

296 3908 498 3962 restitutionem
512 3922 609 3975 papae
627 3905 737 3972 secuse,
757 3923 819 3958 cum
833 3923 914 3977 papa
932 3913 1013 3972 perat
1027 3903 1134 3958 Christi
1160 3905 1237 3957 tiano
1260 3904 1388 3971 inferior,
1408 3903 1491 3974 quale
1506 3903 1574 3974 quid
1594 3903 1623 3959 in
1636 3904 1750 3974 politica
1766 3912 1795 3960 et
1807 3906 1999 3963 eedeeiastica

297 3994 386 4060 sices,
407 3994 489 4061 cujas
508 4000 547 4045 est
566 3999 643 4045 terra
663 3999 688 4044 et
702 3991 854 4058 plenitudo
872 3991 934 4057 ejas
953 3999 978 4044 et
998 3991 1044 4044 coi
1061 3993 1132 4043 data
1159 3995 1298 4060 potestate
1310 4006 1366 4044 non
1386 3990 1617 4061 deprehendatur,
1635 3991 1772 4063 siquidem
1787 3992 1895 4047 etiarnsi
1909 3995 1998 4050 eccle-

299 4088 338 4133 ιιι
354 4079 443 4132 omnis
465 4086 592 4147 potestas
614 4079 644 4131 io
669 4077 746 4130 coelo
772 4086 798 4129 ct
821 4078 850 4130 in
874 4085 958 4130 terra.
1000 4076 1133 4130 Barbatia
1159 4076 1272 4130 siastica
1299 4093 1354 4130 non
1382 4084 1469 4145 esset,
1498 4077 1591 4132 adhuc
1621 4084 1694 4134 esset
1724 4077 1847 4149 politica.
1892 4079 2000 4136 Veram

299 4165 404 4234 scribit,
417 4167 510 4218 Deam
528 4165 624 4217 amaia
637 4164 786 4230 srsbjecisse
797 4162 1033 4232 pedihus'papac
1048 4164 1131 4230 jueta
1163 4162 1237 4217 idem
1272 4162 1423 4217 desiderari
1453 4168 1545 4232 posset
1567 4163 1595 4217 in
1621 4162 1801 4220 similitudine
1827 4164 2001 4222 Bellarmini·

298 4254 375 4306 illust
396 4251 610 4319 prophetica-m:
644 4247 796 4317 §subjecisti
819 4247 912 4301 omnio
939 4249 988 4300 sab
1011 4250 1132 4317 pedibas
1160 4247 1305 4305 Subducta
1331 4248 1404 4302 enim
1428 4248 1525 4318 spiritu
1550 4248 1579 4303 in
1602 4249 1712 4305 homine
1742 4267 1808 4306 caro
1838 4269 1890 4306 nec
1915 4254 1998 4321 vivit,

171 4341 227 4384 1111.
240 4342 284 4385 ¹³⁵·
299 4342 368 4408 eires.
405 4337 528 4392 lodocus
553 4335 587 4389 de
616 4334 725 4389 Terano
745 4333 853 4389 Urbani
872 4333 921 4389 Vl.
946 4334 1133 4388 cubicularius
1160 4350 1212 4387 nec
1223 4333 1396 4403 operationes
1411 4350 1476 4388 suas
1490 4351 1537 4389 ιιι
1545 4335 1604 4399 erit,
1624 4336 1673 4390 sed
1688 4335 1801 4390 sublata
1812 4338 2003 4394 ecelesiastica

299 4426 327 4479 in
343 4430 424 4478 tract.
448 4422 483 4476 de
508 4419 646 4474 monareh.
667 4418 753 4474 verba
770 4418 880 4486 Christi,
904 4418 972 4473 Crem
996 4421 1134 4473 cantatas
1161 4425 1298 4490 potestate
1315 4419 1494 4474 nihilominus
1513 4420 1628 4491 politica
1648 4438 1712 4476 suas
1731 4422 1852 4477 actiones
1871 4440 2004 4481 exercere

298 4511 384 4582 fuero
408 4527 426 4560 a
450 4516 543 4569 terra,
572 4507 667 4558 omnia
692 4506 803 4558 trabam
827 4507 869 4558 ad
895 4523 936 4558 me
960 4506 1064 4575 ipsum,
1093 4507 1134 4560 sic
1163 4512 1264 4576 potest.
1304 4513 1327 4560 5.
1347 4505 1466 4576 Spiritus
1485 4523 1540 4562 nan
1565 4508 1663 4563 miscet
1681 4525 1711 4563 se
1730 4507 2006 4580 sedenibus-earnis,

301 4596 429 4664 ceponii,
461 4593 540 4662 qaod
569 4590 698 4644 Christus
727 4592 821 4645 omnia
846 4593 967 4661 imperia
998 4601 1023 4645 et
1047 4610 1135 4661 repon
1162 4592 1216 4646 nisi
1234 4592 1345 4662 quando
1371 4608 1421 4648 eae
1448 4592 1575 4649 officiunt
1597 4592 1646 4648 tini
1674 4593 1762 4665 ipsius
1782 4594 1909 4666 spiritns,
1935 4603 2004 4652 tsine

299 4683 400 4735 mandi
421 4687 639 4749 recuperaturus
658 4685 682 4729 ct
702 4695 720 4729 a
741 4693 864 4742 caesare,
882 4679 996 4748 repibrss
1014 4680 1134 4748 otis'sqae
1163 4676 1235 4734 enim
1253 4678 1331 4732 carni
1349 4679 1467 4748 imperat
1486 4696 1603 4752 eamque
1620 4679 1749 4751 castigat,
1769 4679 1813 4735 rel
1833 4683 1948 4751 qnando
1966 4683 2003 4737 ad

296 4767 476 4835 principibus
489 4782 545 4834 per
570 4763 673 4817 milites
692 4781 757 4817 suos
775 4764 918 4834 apostolos
936 4765 1082 4818 autmarus
1099 4774 1137 4820 est
1163 4764 1246 4819 tinem
1279 4763 1393 4834 spiritus
1431 4765 1612 4822 obtinendam
1642 4764 1799 4822 necessaria
1833 4775 1877 4822 est
1908 4767 2006 4839 aliqua

301 4870 336 4902 ac
351 4869 449 4922 papae
469 4869 503 4904 ea
522 4854 650 4905 ιιιιιινιιι.
685 4848 791 4904 Similia
809 4849 943 4916 inBozio,
963 4850 1088 4905 Mariana
1107 4857 1136 4906 et
1163 4850 1253 4905 carnis
1278 4850 1421 4920 operatio,
1446 4858 1479 4907 nt
1504 4852 1689 4909 Bellarminas
1716 4851 1769 4907 hoc
1793 4851 1853 4907 loco
1877 4852 2005 4919 disserit;

301 4935 363 4989 aliis
379 4937 579 4991 recentioribus
597 4940 753 4991 occurrunt
1164 4937 1204 4991 sic
1228 4936 1415 4991 ecclesiastica
1434 4945 1558 5008 potestas
1577 4957 1631 4994 non
1651 4938 1734 4994 debet
1751 4956 1780 4993 se
1798 4937 1915 4993 miscere
1935 4940 2005 5010 poli

172 5039 279 5078 Ροιιιω
339 5026 395 5074 307
434 5021 592 5076 Secundum
614 5020 771 5076 assertionis
796 5018 948 5074 membrum
975 5021 1009 5077 de
1029 5037 1136 5075 samma
1163 5023 1251 5091 tices,
1271 5022 1323 5076 nisi
1345 5023 1459 5095 quando
1479 5028 1619 5097 repugnat
1636 5023 1685 5078 fini
1704 5023 1908 5080 ecclesiasticae
1925 5033 2005 5097 pote·

174 5086 287 5180 ξῇὛξᾶ,
301 5111 440 5175 potestate
457 5109 601 5176 temporali
630 5108 763 5162 indirecte
790 5122 881 5176 papae
898 5113 1071 5176 competente
1089 5107 1135 5162 de·
1163 5107 1260 5175 statis,
1278 5115 1306 5163 et
1323 5115 1389 5164 tunc
1413 5110 1499 5165 debet
1514 5126 1576 5165 eam
1593 5110 1720 5164 sciscere
1734 5126 1790 5165 non
1805 5111 1889 5165 armis
1905 5126 2004 5167 carna·

175 5195 245 5231 ¹⁸⁰¹·
303 5192 391 5246 clarat
406 5191 589 5247 Bellarminas
607 5192 901 5264 similitudinesliqns.
937 5193 996 5245 Ut'
984 5194 1135 5247 sclemiae
1164 5193 1250 5260 libus,
1285 5195 1333 5250 sed
1361 5195 1561 5266 spiritualibus.
1602 5194 1642 5248 At
1664 5196 1788 5265 pontifex
1809 5197 1953 5253 Romanas
1971 5216 2005 5254 ex

303 5277 416 5350 (inquit)
433 5294 462 5330 se
482 5277 582 5332 lateat
602 5298 669 5334 caro
689 5288 714 5333 et
733 5279 864 5349 spiritus,
884 5278 924 5330 ita
939 5295 968 5330 se
986 5279 1118 5332 babeet'
1105 5296 1135 5331 ιιι
1162 5280 1271 5349 privato
1291 5282 1370 5348 odio,
1399 5280 1565 5348 ambitione,
1588 5278 1747 5335 dominandi
1774 5283 1930 5354 cupiditate
1949 5292 2005 5358 etc,

302 5365 419 5418 ecclesia
438 5365 513 5416 ciacc
539 5362 609 5416 illae
630 5371 793 5433 potestates,
814 5364 936 5435 politica
959 5370 986 5416 et
1003 5363 1133 5418 ecclesio·
1162 5364 1375 5439 imperatoribus
1392 5383 1423 5422 se
1441 5365 1571 5437 opponit,
1596 5370 1628 5419 ut
1655 5369 1781 5440 exempla
1799 5368 1945 5427 Pascbslis
1965 5372 2004 5430 ll.
