4020 6014
167 267 169 270 ⁴
230 253 293 318 516
787 248 908 306 Locus
929 246 1134 306 waltemus
1151 247 1332 313 QUARTUS

223 409 304 477 jaste
328 406 396 475 fieri
424 406 460 458 ab
478 405 535 471 bis,
561 407 611 474 qai
633 406 741 473 justum
770 404 872 457 bedam
898 412 1012 472 perant,
1035 411 1065 456 ot
1078 400 1081 483 l
1095 411 1227 471 qwntum
1251 411 1368 472 possunt
1399 403 1505 458 uiribus
1531 403 1624 457 baeles
1650 402 1833 471 interimant,¹
1860 410 1932 455 certe

231 491 304 544 nibil
323 492 403 545 bomo
416 492 513 559 justus
531 491 656 559 copitare
677 490 775 544 debeat
792 492 822 544 in
841 490 992 560 haerebas,
1010 486 1136 543 nisiioel
1153 497 1293 557 terreant,
1321 488 1454 560 Vegetitm
1472 488 1535 545 libr.
1557 494 1583 545 3.
1600 505 1625 543 c.
1644 494 1668 544 9.
1703 487 1758 543 Illa
1775 505 1850 560 quae
1868 494 1931 543 astu

231 585 261 630 at
275 578 384 646 justum
402 578 502 631 bellam
515 577 668 647 suscipiat,
686 577 733 630 eui
752 576 859 630 bellare
877 577 926 638 fas
944 584 993 645 eet,
1010 548 1183 643 nonipotius
1207 591 1290 647 quam
1317 574 1397 630 hasta
1420 580 1598 646 comparatur
1615 574 1744 641 memma,
1773 574 1868 630 minus
1893 580 1934 628 est

231 663 302 715 enim
321 662 448 715 omnibus
459 664 515 729 fas
538 669 587 717 est.
626 659 696 715 Cam
719 669 811 715 antem
834 662 939 728 instram
965 661 1065 715 bellam
1093 667 1214 715 cruenta.
1251 669 1274 717 t.
1295 664 1322 715 A
1341 662 1508 715 ammeario.
1544 659 1662 725 Quando
1683 660 1778 714 hostes
1796 669 1865 714 sunt
1885 678 1932 730 po·

231 749 392 816 susceperit,
413 755 505 800 atram
524 756 624 816 operta
637 764 746 815 pupae,
764 756 858 800 atrum
874 747 989 800 insidiis
1007 747 1065 799 oin·
1080 746 1223 807 rtentiores
1235 765 1268 802 ac
1287 747 1331 803 vel
1344 748 1462 801 militum
1480 745 1662 826 numero,·vel
1674 752 1814 816 apparatu
1831 746 1932 801 bellico

232 843 291 901 cat,
335 834 407 887 nibil
445 835 487 886 ad
516 834 660 901 justitiam
700 836 821 887 interea.
881 833 925 888 Ita
961 818 1262 904 colligitsssuperiores,
1288 833 1436 887 necessitas
1462 832 1586 902 injicitur
1610 831 1706 886 utendi
1724 830 1931 902 inaugurari·

232 920 407 991 Augustinus
441 919 488 972 lib.
525 928 549 974 6.
586 922 779 991 quaestionum
816 920 844 974 in
873 919 932 975 Jos.
968 938 994 990 q.
1027 924 1065 974 10.
1093 917 1155 974 bus.
1194 920 1422 973 dalbodium
1448 921 1553 975 rnerito.
1589 918 1720 986 Hostem,
1740 915 1789 988 qui
1807 921 1930 970 extrema

105 1006 161 1047 ΚΝ·
173 1001 220 1047 ²⁰²·
233 1009 257 1061 3.
278 1003 424 1059 &Confer
443 1004 643 1075 Hieronymum
662 1007 691 1060 in
710 1023 734 1062 c.
758 1012 797 1062 tl.
817 1005 919 1061 Erech.
938 1022 961 1061 c.
973 1005 1066 1059 Domi·
1092 1004 1232 1074 supplicia
1249 1005 1363 1059 meritus
1381 1010 1431 1072 est,
1450 1004 1494 1059 fae
1507 1010 1549 1060 est
1566 1005 1691 1076 perdere,
1709 1001 1839 1073 spoliare,
1860 1001 1930 1055 occi·

232 1107 283 1145 aus
315 1096 408 1146 noster
435 1094 476 1145 23.
507 1109 532 1162 q.
562 1098 585 1147 2.
613 1092 730 1147 Masium
765 1092 793 1145 in
827 1109 924 1147 comm.
951 1090 1008 1147 Jos.
1042 1096 1065 1146 8.
1092 1089 1167 1153 dere,
1185 1105 1237 1145 nec
1253 1090 1376 1156 interest,
1395 1108 1432 1145 an
1449 1091 1477 1145 vi
1494 1098 1592 1161 aperta
1604 1089 1674 1144 illud
1686 1088 1745 1157 fist,
1763 1104 1802 1143 an
1820 1085 1931 1141 occulta

231 1195 258 1247 p.
277 1177 378 1233 tili*
416 1182 442 1229 A
461 1195 595 1230 consenso
613 1179 734 1233 omnium
750 1179 877 1246 pentima.
919 1179 1011 1231 Dolus
1028 1196 1066 1230 arr
1093 1175 1354 1246 circumspectione,
1379 1177 1546 1231 Plutarchus
1564 1177 1593 1230 in
1615 1175 1720 1247 Agesil
1758 1174 1846 1228 Horti
1864 1191 1930 1243 quea·

230 1264 326 1326 uirtus,
340 1263 403 1331 quis
417 1263 693 1333 inbostercpairat!
713 1263 791 1334 Virg.
805 1262 1065 1318 remallatio
1092 1278 1198 1329 cuaqeie
1225 1264 1335 1316 ratione
1359 1264 1425 1326 fieri
1447 1271 1539 1333 potest
1566 1262 1849 1322 incommodandum,
1876 1260 1930 1311 rim

231 1349 392 1402 discrimine
411 1349 528 1411 virtutis,
549 1368 586 1402 an
600 1351 663 1403 doli
671 1352 807 1421 prosperi
826 1366 918 1404 omnes
931 1349 1065 1403 bellarum
1092 1346 1258 1412 inferendo,
1281 1350 1453 1418 praedando
1481 1349 1607 1410 insidiis,
1631 1354 1834 1416 stratapemate
1851 1363 1929 1414 prae

229 1435 385 1490 laudaretur
400 1442 522 1503 creatur,
541 1436 704 1490 Ammianus
725 1436 836 1491 Marcel.
854 1436 902 1490 lib.
926 1442 965 1493 tt.
985 1435 1066 1489 Belli
1090 1435 1189 1496 cando,
1203 1432 1355 1505 Cambyses
1367 1434 1403 1489 ad
1413 1433 1516 1504 Cyrum
1529 1432 1604 1505 apud
1612 1432 1829 1503 Xenophontem
1840 1432 1890 1489 lib.
1907 1439 1927 1487 l.

224 1522 312 1588 forta
329 1529 392 1573 earu
407 1520 664 1589 pulcherrimast
688 1520 844 1593 Xenophon
863 1523 892 1576 in
911 1519 1063 1592 Hippareh.
1090 1516 1245 1589 Cynopaed.
1290 1518 1368 1584 Quae
1403 1520 1432 1575 in
1466 1519 1634 1575 contrarium
1663 1519 1819 1574 adunatur
1846 1535 1928 1590 argu·

231 1604 445 1661 Lacedaemonii
463 1623 526 1660 cum
545 1613 742 1677 stratagemate
756 1608 862 1663 hostem
879 1614 1064 1678 superassent,
1091 1612 1197 1674 menta,
1215 1605 1325 1661 facilem
1343 1605 1448 1661 habent
1465 1606 1689 1678 explicationem,
1717 1605 1741 1659 si
1757 1605 1929 1673 observatu,

232 1693 324 1746 locem
350 1696 444 1747 Marti
469 1692 673 1760 sacrificarunt,
699 1711 761 1748 cum
790 1694 816 1748 vi
836 1703 932 1765 aperta
948 1693 1064 1762 pallam,
1090 1696 1290 1762 sanugemata
1301 1692 1456 1763 probariea
1468 1694 1579 1747 demum
1591 1691 1759 1760 conditione,
1774 1696 1799 1748 1.
1813 1692 1928 1760 resides

232 1782 312 1850 eujus
340 1780 379 1834 rei
407 1781 542 1835 rationem
573 1780 665 1834 reddit
687 1779 853 1834 Plutarchus
879 1781 907 1833 in
931 1779 1064 1833 institutis
1091 1777 1330 1847 datafraapatar.
1347 1778 1928 1850 Distinguendaigitursantstratagemete

231 1864 384 1932 Laconicis,
401 1867 475 1936 quod
500 1865 637 1920 voluerint
656 1865 829 1921 assuefacere
846 1867 941 1933 duces,
961 1872 1064 1919 utnon
1090 1862 1245 1933 aperfidia
1264 1870 1294 1920 et
1311 1866 1455 1921 foederum
1475 1866 1632 1922 violatmne.
1668 1864 1762 1920 Jadic.
1785 1871 1809 1927 9,
1829 1881 1857 1920 v.
1877 1869 1925 1920 tt:

236 1951 318 2004 modo
339 1950 463 2004 bellicosi
479 1959 580 2020 essent,
598 1951 648 2005 sed
666 1952 749 2006 etiam
767 1952 927 2016 calliditate,
945 1968 1018 2023 quae
1036 1952 1065 2005 in
1091 1958 1119 2010 et
1137 1952 1222 2012 tidem
1237 1953 1385 2022 freyerunt
1404 1954 1551 2022 optimates
1574 1953 1605 2005 in
1625 1951 1736 2005 Smbem
1748 1951 1928 2005 Atimeleelo

231 2030 400 2106 imperatore
429 2036 590 2106 requiritur,
627 2039 661 2091 ad
693 2046 889 2109 stratagemate
919 2037 1064 2108 pollerent.
1091 2053 1117 2090 v.
1137 2040 1179 2091 25.
1197 2047 1404 2108 posueruntque
1423 2039 1545 2092 insidiae
1570 2041 1707 2092 adversio
1725 2055 1787 2091 eura
1808 2038 1839 2090 in
1857 2054 1927 2090 neni·

235 2122 350 2176 Sarrum
369 2125 472 2175 dueum
491 2123 585 2190 ploria
602 2124 747 2178 victoriam
772 2127 832 2178 siae
846 2126 976 2196 periendo
994 2143 1066 2179 com·
1092 2123 1187 2175 oritate
1207 2126 1348 2181 montium.
1381 2129 1406 2178 2.
1420 2126 1546 2194 Nejura
1560 2125 1629 2179 belli
1645 2125 1794 2179 riokntor.
1823 2123 1928 2176 ”An-

229 2226 347 2278 parore,
369 2207 504 2279 vegetius
523 2207 569 2263 lib.
590 2216 614 2264 ³.
634 2227 657 2266 c.
676 2217 700 2266 9.
735 2210 910 2266 ”Homerus
930 2210 1023 2265 itura.
1043 2214 1065 2262 λ.
1092 2206 1201 2263 brosins
1220 2209 1313 2289 ubal·
1332 2211 1367 2266 de
1386 2208 1460 2265 offic.
1479 2228 1503 2265 c.
1523 2217 1565 2267 29.
1582 2217 1611 2266 et
1631 2209 1678 2264 lib.
1699 2215 1724 2266 3.
1741 2226 1765 2267 c.
1789 2216 1835 2265 10:
1858 2210 1928 2264 Sunt

1093 2296 1234 2361 quaedam
1251 2297 1386 2350 bellorum
1397 2297 1472 2366 juro
1484 2306 1509 2351 et
1519 2298 1647 2365 foedera
1661 2297 1745 2350 etiam
1757 2297 1833 2349 inter
1852 2297 1928 2364 ipsos

1092 2381 1183 2434 bootes
1202 2384 1350 2435 sananda.
1387 2381 1509 2438 Thomas
1529 2389 1554 2439 2.
1585 2389 1609 2439 2.
1639 2389 1742 2452 quaest.
1762 2389 1805 2439 lo.
1827 2389 1882 2438 art.
1900 2386 1929 2437 t:

234 2468 337 2528 amittae
355 2467 412 2519 sire
431 2466 513 2532 dolo,
534 2484 583 2519 eea
604 2469 701 2522 stm'eto
720 2469 844 2522 ceratinae
864 2487 936 2523 ense.
972 2470 1024 2525 Est
1039 2480 1068 2526 et
1093 2467 1257 2537 Dupliciter
1281 2469 1386 2538 aliquit
1409 2478 1502 2538 1102082
1523 2470 1596 2533 salii
1621 2486 1654 2522 ⁰³0
1677 2470 1765 2533 fam·
1785 2468 1830 2522 ”d
1853 2468 1929 2521 dim

232 2549 285 2603 hoc
304 2551 427 2619 ejusdem
452 2549 469 2617 ἢ
493 2550 567 2621 δόλῳ
592 2551 618 2619 ὴὲ
637 2559 726 2624 βίηφι.
774 2555 827 2608 Ubi
846 2557 935 2625 pellis
953 2557 1066 2610 leonina
1091 2554 1398 2622 attaminando
1418 2557 1652 2626 eee0,qaodei
1679 2556 1784 2609 dicitur
1803 2555 1924 2622 falsum,

233 2655 288 2691 nore
305 2636 419 2706 sufficit,
440 2638 558 2707 vulpina
580 2642 758 2703 assumenda,
777 2641 922 2711 Lysander
938 2659 983 2713 ap.
1000 2642 1065 2697 Plu·
1089 2639 1133 2692 ael
1152 2657 1208 2694 non
1225 2649 1353 2696 serratim
1367 2644 1547 2712 promittam.
1582 2643 1666 2696 Istud
1681 2658 1791 2710 seraper
1809 2649 1851 2695 est
1870 2640 1927 2694 illi·

232 2722 358 2777 tarchum
376 2723 404 2777 in
426 2723 558 2796 apophth.
579 2724 610 2779 ri
636 2729 779 2800 κλέμματα
805 2729 890 2781 inire
917 2732 1066 2797 καλλίστην
1089 2726 1187 2790 eitum,
1216 2736 1242 2783 et
1268 2728 1319 2782 boc
1352 2731 1435 2783 niodo
1462 2729 1558 2782 nullae
1583 2728 1663 2782 debet
1689 2730 1782 2781 leoetes
1802 2727 1927 2790 ,fallere

232 2807 318 2871 δόξαν
338 2810 411 2879 ἔχει,
435 2810 526 2882 inquit
545 2811 677 2867 Brasidas
697 2831 742 2884 ap.
762 2813 954 2884 Thucydidem
971 2815 1019 2872 lib,
1039 2824 1062 2871 5,
1089 2812 1157 2866 Alio
1175 2815 1259 2866 modo
1273 2831 1305 2868 ee
1317 2832 1357 2883 eo,
1376 2817 1444 2883 qaia
1456 2816 1670 2887 eipropositum
1690 2822 1740 2868 aut
1754 2814 1926 2869 intellectum

232 2893 316 2952 triv
334 2896 459 2967 πόλεμον
476 2896 582 2971 μάλιστ’
604 2894 864 2971 (interiectione,
883 2900 942 2962 eoin
965 2908 1065 2975 φίλους
1088 2917 1143 2952 tlon
1167 2901 1324 2967 “imme
1341 2901 1393 2955 1⁸⁰⁶
1423 2909 1514 2956 “vitm
1533 2919 1590 2955 Μ
1607 2917 1716 2972 “mim
1732 2903 1834 2965 fssssm
1853 2908 1925 2955 ΝΜ·

231 2982 336 3053 μέγιστ’
358 2981 393 3037 ἂν
414 2983 596 3058 ὠφελήσειεν,
618 2987 715 3055 quibas
738 2987 830 3042 tortae
855 2989 973 3043 monime
990 2990 1064 3042 deoi-
1093 3004 1161 3041 reor.
1199 2987 1238 3041 Et
1257 2988 1324 3040 toliis
1343 2988 1493 3042 occultatio
1509 2990 1633 3057 pertinet
1648 2989 1690 3042 ad
1701 2988 1841 3041 rationem
1859 2987 1926 3040 inei-

228 3070 347 3138 piantur
364 3078 391 3125 et
410 3073 497 3125 amici
509 3073 663 3141 plurimum
675 3075 860 3141 juvantem*
893 3080 918 3132 4,
936 3077 982 3130 Ea
999 3078 1065 3145 jare
1092 3071 1215 3140 diarum,
1235 3074 1333 3142 quibas
1352 3074 1460 3128 licitum
1480 3081 1520 3127 est
1534 3075 1578 3129 ott
1588 3075 1619 3128 in
1639 3074 1720 3128 bellu
1733 3074 1833 3142 justis.
1867 3074 1926 3127 Nec

232 3157 318 3212 eiaili.
356 3157 492 3229 Ulpianus
511 3159 529 3218 l.
549 3158 611 3212 Hoc
631 3160 722 3214 edicto
746 3169 766 3216 l.
788 3160 815 3235 5.
835 3177 890 3216 non
908 3161 968 3217 fuit.
989 3168 1013 3218 3.
1033 3163 1063 3219 ff.
1086 3159 1208 3226 proprie
1227 3159 1390 3228 bojamundi
1413 3160 1535 3215 insidiae
1556 3162 1679 3225 fraudes
1702 3168 1852 3228 vocantur,
1876 3176 1927 3213 nec

233 3242 268 3296 de
292 3243 355 3296 dolo
380 3245 460 3300 malo.
496 3245 559 3301 Non
585 3245 639 3299 fuit
663 3254 807 3302 contentas
831 3259 941 3318 praetor
968 3250 1065 3304 dolam
1085 3243 1218 3311 justitiae
1231 3254 1396 3315 repapaam,
1417 3264 1466 3300 neo
1485 3248 1636 3301 ordinatae
1653 3246 1799 3301 coleman.
1842 3248 1926 3300 Erret

233 3329 337 3398 dicere,
361 3331 411 3385 sed
430 3330 535 3400 adjecit
552 3332 671 3398 malurn,
695 3332 825 3402 quoniam
845 3340 951 3389 veteres
970 3336 1064 3391 dolum
1092 3331 1165 3383 euim
1183 3332 1348 3386 inordinata
1364 3332 1502 3397 voluntas»
1521 3333 1548 3386 ⁸⁸⁸
1558 3333 1662 3402 “licvit
1680 3333 1761 3386 ”ellel
1782 3332 1856 3387 m'llil
1873 3333 1929 3385 ‘5⁶¹'

232 3414 315 3469 etiam
339 3415 442 3470 bonam
474 3416 604 3472 dicebant
628 3424 657 3471 et
678 3435 730 3488 pro
757 3419 868 3474 solertia
891 3419 943 3475 hoc
965 3439 1064 3477 nomen
1091 3417 1127 3469 ab
1153 3417 1221 3470 alit'r
1244 3419 1428 3476 oemturtstt
1473 3418 1570 3474 Livius
1593 3418 1642 3472 lib·
1671 3425 1690 3473 1.
1714 3418 1773 3473 dec·
1796 3425 1819 3474 l·
1837 3418 1857 3474 f·
1877 3423 1925 3474 ²42

233 3501 423 3571 accipiebant,
443 3503 560 3558 maxime
579 3503 602 3558 si
620 3504 754 3559 advenas
772 3505 878 3562 hostem
896 3507 1064 3564 latronemve
1094 3504 1121 3556 Τ
1119 3504 1267 3572 aequitius
1299 3507 1434 3574 superbas
1461 3503 1577 3573 Gabios,
1601 3507 1795 3575 propinquam
1822 3508 1927 3564 urbere.
1941 3517 2008 3560 xtut

230 3588 293 3658 quis
312 3588 493 3645 machinetur.
530 3594 555 3646 t.
583 3592 610 3643 A
632 3591 709 3659 pari.
755 3590 834 3647 Sicut
852 3592 921 3647 nihil
943 3593 1064 3666 interest,
1090 3590 1278 3660 nequidquam
1305 3592 1334 3645 ol
1354 3593 1473 3644 namtas
1489 3609 1552 3645 cam
1578 3593 1726 3646 cuimodi
1747 3592 1845 3646 arbem
1862 3610 1925 3663 spes

231 3679 369 3744 morracio
389 3668 516 3745 captim
530 3679 567 3730 eit
585 3695 726 3746 roverteo,
746 3689 839 3733 otram
858 3681 1005 3747 dimissos,
1026 3702 1063 3736 ao
1086 3677 1173 3745 pauo
1199 3695 1218 3730 a
1243 3677 1382 3731 moenibus
1405 3680 1518 3731 adem
1544 3686 1624 3745 meet,
1646 3687 1790 3747 postrema
1812 3680 1924 3733 minime

231 3762 260 3813 oi
275 3761 318 3814 vel
336 3763 462 3826 fallacia
475 3770 643 3831 potestatem
657 3764 773 3818 bostium
792 3769 919 3823 eraserit.
940 3768 958 3822 1.
978 3769 1062 3827 Nihil.
1089 3771 1152 3816 arie
1175 3764 1314 3832 Romana,
1338 3766 1446 3829 froude
1470 3782 1504 3818 aa
1527 3766 1594 3817 dole
1619 3782 1770 3835 oppressus
1788 3775 1843 3836 eet,
1861 3786 1927 3821 nara

231 3852 273 3903 26.
291 3847 321 3902 ff.
340 3849 375 3902 de
391 3850 507 3919 captivis
519 3855 547 3904 et
565 3849 703 3920 postlim.;
720 3851 761 3906 sic
772 3851 841 3906 nihil
858 3853 943 3908 refert
958 3856 1062 3922 dolum,
1090 3867 1153 3904 vum
1169 3850 1244 3904 velut
1256 3851 1352 3918 1³⁰⁸2‘20
1366 3850 1438 3904 bello
1450 3852 1651 3918 fundamenti}
1667 3851 1766 3922 templi
1779 3853 1927 3915 facim&

231 3951 266 3988 an
286 3934 341 3988 vim
360 3935 390 3988 in
411 3934 489 3989 hoste
507 3938 695 4007 oppugnando
720 3938 861 3996 adhibeas.
898 3941 984 3996 Perae
1001 3960 1062 4014 par-
1090 3936 1211 4005 alitque
1238 3935 1366 4005 01182·ίῦλὸ
1399 3952 1427 3989 ⁸0
1458 3939 1592 3991 inimum
1623 3938 1788 4001 rimulam,
1823 3939 1925 3995 ΜΝ

231 4021 280 4073 tim
306 4020 380 4074 ferro
405 4021 544 4091 capimus,
572 4023 672 4090 partim
702 4024 814 4079 solertia
839 4026 867 4078 in
893 4026 1007 4109 laqupos
1035 4039 1064 4085 et
1088 4021 1166 4085 Μίνω
1186 4023 1344 4091 immittit
1363 4025 1404 4075 “d
1424 4020 1540 4088 Gaffiot·
1560 4025 1642 4092 ffljm
1655 4031 1717 4077 am
1729 4033 1794 4078 tuci
1811 4026 1928 4080 afflicti·

231 4107 302 4161 retia
319 4106 490 4171 inducimus,
511 4124 544 4161 ac
563 4108 711 4163 facinorosi
730 4126 785 4164 non
803 4112 890 4165 salum
910 4120 1008 4183 aperta
1026 4119 1063 4187 vi,
1090 4111 1117 4165 3·
1145 4109 1189 4162 Ne
1216 4108 1340 4176 dissidat
1364 4109 1478 4162 ”idm
1503 4109 1698 4174 labflswtiur·
1743 4113 1791 4165 Εα
1813 4114 1924 4166 devium

232 4193 281 4248 sed
300 4192 384 4247 etiam
405 4191 530 4247 lictorum
547 4193 653 4247 insidiis
672 4196 701 4248 in
720 4196 831 4250 vincula
848 4198 1063 4274 pertrahuntur,
1088 4211 1155 4247 vera
1173 4201 1213 4248 eri
1230 4195 1362 4263 victoria,
1387 4194 1477 4266 inquit
1495 4195 1594 4250 Florus
1616 4196 1680 4251 libr·
1705 4204 1726 4252 l·
1751 4214 1775 4252 θ.
1795 4204 1836 4254 12.
1852 4217 1925 4269 quae

231 4279 304 4335 idem
323 4280 352 4334 in
363 4280 456 4334 hostes
473 4279 556 4334 licere
568 4280 666 4334 merito
677 4288 811 4336 censetur.
848 4287 871 4337 6.
884 4285 1064 4344 Abbonesto.
1090 4281 1170 4334 salua
1190 4282 1247 4344 λῖἅθ
1265 4289 1291 4334 θλ
1309 4283 1421 4351 intepra
1439 4283 1577 4351 diatim
1590 4292 1726 4351 Paruit&-
1763 4284 1881 4341 Veneno
1899 4294 1928 4341 ei

233 4365 441 4437 strategemata
458 4373 523 4420 sunt
541 4366 648 4436 species
660 4366 787 4421 militaris
798 4370 972 4441 prudentiae,
992 4392 1064 4445 qaae
1090 4367 1197 4421 sicariis
1220 4366 1347 4421 immissis
1370 4367 1477 4422 hostem
1502 4368 1687 4438 pessundare,
1716 4369 1822 4440 abjecti
1840 4372 1926 4428 ammi

232 4451 322 4528 laude,
340 4471 396 4507 nan
420 4453 556 4524 vituperio
576 4453 667 4525 digna.
704 4453 785 4509 Prov.
808 4461 853 4525 21,
879 4474 904 4512 ν.
924 4464 971 4514 22:
993 4464 1063 4516 Uirt-
1091 4453 1269 4508 essecordati
1288 4453 1386 4507 merito
1403 4461 1524 4509 censent
1554 4461 1578 4510 t.
1599 4456 1644 4508 Ne
1662 4457 1745 4511 dolas
1763 4457 1858 4512 maius
1874 4463 1927 4513 ad·

231 4546 315 4592 tatem
333 4541 439 4603 fortem
458 4542 608 4594 adscendit
627 4542 741 4610 sopiens
762 4544 952 4614 deotraaitque
977 4551 1063 4604 robor
1093 4542 1250 4595 mimini-
1288 4539 1394 4595 Achaei
1415 4545 1559 4611 mopere
1578 4541 1764 4597 abhOrrebfflt
1782 4559 1799 4598 8
1816 4549 1925 4600 th'uen·

228 4627 351 4689 fidaeiae
378 4627 448 4696 ejas.
489 4626 601 4683 Potiora
624 4635 689 4682 sunt
710 4635 738 4682 et
764 4627 962 4697 laudabiliora,
991 4653 1062 4706 quae
1090 4627 1134 4682 dis
1153 4626 1239 4695 dolis,
1267 4634 1298 4681 ut
1321 4644 1373 4682 nec
1398 4627 1490 4681 hostes
1517 4642 1580 4682 suos
1604 4645 1655 4697 per
1678 4627 1804 4685 fraudem
1823 4631 1927 4687 redeat

229 4715 487 4784 rationeetmente,
501 4732 585 4786 qaam
599 4717 709 4784 quaeri
723 4723 751 4770 et
769 4733 883 4789 ⁰⁰¹P0¹0
896 4719 1061 4779 efficiuntur.
1090 4714 1199 4769 vincere
1218 4718 1362 4768 censentes
1380 4731 1430 4769 nec
1447 4714 1631 4784 splendidam,
1648 4732 1699 4771 nec
1709 4715 1819 4772 firmam
1837 4717 1924 4774 liliam

228 4799 358 4869 Spartani
387 4801 452 4855 licet
475 4809 566 4856 essent
589 4800 802 4871 bellicosissimi,
829 4810 921 4858 tamen
945 4811 1062 4878 maj0res
1089 4801 1239 4864 victoriam,
1260 4800 1313 4854 ssissi
1328 4799 1389 4871 quil
1407 4799 1500 4871 Psslflm
1521 4807 1549 4856 θλ
1564 4819 1596 4857 0¹
1612 4803 1738 4859 condicto
1757 4804 1926 4878 depugnant

228 4892 264 4939 et.
277 4885 448 4941 decentiores
469 4887 588 4941 hominis
605 4887 743 4957 putabant
762 4905 821 4943 esse
839 4890 970 4955 actiones,
990 4912 1061 4964 quae
1088 4888 1193 4943 animos
1208 4887 1470 4959 quoquedejecisset
1482 4888 1711 4955 adversariorum,
1726 4891 1865 4964 Polybius
1873 4893 1924 4950 lib.

228 4972 342 5025 rationis
360 4978 388 5027 et
407 4974 579 5044 prudentiae,
599 4990 682 5044 qaam
696 4991 767 5045 quac
786 4975 884 5028 virium
902 4984 931 5031 ct
947 4979 1060 5050 roboris,
1092 4973 1657 5047 13.ubiilludrocateaeopnparstr,dolos
1666 4979 1752 5034 malos
1762 4979 1925 5035 maoffinari.

227 5057 393 5112 Plutarchus
416 5060 446 5112 in
469 5059 538 5115 Mar.
584 5065 605 5113 7.
625 5061 670 5112 Ab
693 5061 767 5115 utili.
803 5060 864 5115 Ilia
890 5063 958 5117 belli
979 5067 1060 5128 furta
1122 5067 1180 5117 420.
1217 5059 1364 5124 Quaeritur
1382 5067 1406 5116 2.
1442 5063 1489 5115 Aa
1502 5063 1727 5131 exploratoribus
1739 5066 1769 5118 in
1787 5065 1861 5120 belia
1881 5069 1928 5121 uti
1938 5073 1997 5116 nx

222 5145 446 5213 pulcherrimam
462 5154 664 5214 consequantur
675 5148 805 5214 plom'arrr,
820 5149 919 5218 quibas
934 5159 959 5203 et
971 5152 1062 5206 bastae
1086 5151 1196 5204 liceat!
1230 5146 1443 5219 chrysostomus
1461 5150 1489 5203 in
1509 5157 1653 5209 comment.
1674 5169 1696 5206 c
1717 5158 1741 5207 2.
1759 5152 1838 5223 epist
1857 5152 1924 5209 cet.
1937 5126 2008 5218 {liiii

226 5231 345 5284 manime
364 5231 542 5299 decipiantur
560 5233 693 5303 etnamiai
718 5243 800 5303 atque
819 5236 890 5289 socii
903 5237 1060 5308 plurimam
1087 5252 1225 5306 exponens
1246 5235 1345 5304 verba,
1371 5238 1555 5305 prodessent
1576 5238 1750 5308 sabinpressi
1765 5239 1842 5302 salsi
1857 5243 1923 5305 tra·
1938 5231 2008 5270 ¹¹⁰⁸*

220 5318 369 5385 jocantur,
380 5316 560 5387 Thucydides
575 5318 620 5373 lib.
635 5327 659 5374 5.
672 5338 705 5375 ae
718 5320 782 5375 boni
797 5322 881 5376 duces
895 5341 950 5376 eron
961 5333 1060 5393 aperto
1086 5332 1144 5378 tres
1166 5325 1207 5377 ad
1238 5325 1443 5394 explorandam
1470 5333 1594 5378 nostram
1619 5326 1788 5394 libertatem,
1819 5343 1924 5382 munus

226 5403 323 5456 Marte
344 5404 497 5472 proelium,
527 5405 557 5455 in
584 5424 638 5474 qao
664 5416 705 5459 est
731 5424 872 5461 commane
892 5410 1059 5478 paricidam,
1086 5410 1289 5481 exploratorum
1316 5426 1376 5465 esse
1408 5409 1476 5464 dicit
1492 5429 1538 5464 rea
1562 5413 1794 5467 aduersariorum
1819 5432 1924 5485 corna

225 5491 277 5540 seit
300 5504 332 5540 ur
355 5490 462 5543 oeenlta
488 5505 597 5559 semper
625 5499 773 5558 attentant,
801 5501 831 5546 at
860 5495 977 5562 inteprie
1001 5499 1061 5553 suis
1089 5515 1181 5565 scere,
1202 5504 1232 5549 ut
1249 5497 1304 5549 eibi
1320 5514 1355 5550 ao
1373 5498 1432 5551 curs
1447 5498 1613 5564 faciliorem
1630 5500 1739 5554 mcum
1754 5511 1860 5572 parent
1880 5506 1925 5557 nd

330 2335 434 2403 κτείνῃς
453 2329 481 2398 ἠὲ
501 2329 574 2398 δόλῳ
595 2328 609 2396 ἢ
627 2330 764 2403 ἀμφαδὸν
780 2333 840 2394 ortt
852 2336 959 2402 χαλκῷ,
