<?xml version="1.0" encoding="UTF-8"?>
<!DOCTYPE html PUBLIC "-//W3C//DTD XHTML 1.0 Transitional//EN"
    "http://www.w3.org/TR/xhtml1/DTD/xhtml1-transitional.dtd">
<html xmlns="http://www.w3.org/1999/xhtml" xml:lang="en" lang="en">
 <head>
  <title>
</title>
<meta http-equiv="Content-Type" content="text/html;charset=utf-8" />
  <meta name='ocr-system' content='tesseract 3.04.00' />
  <meta name='ocr-capabilities' content='ocr_page ocr_carea ocr_par ocr_line ocrx_word'/>
</head>
<body>
  <div class='ocr_page' id='page_1' title='image "./locitheologicic01gerhgoog/locitheologicic01gerhgoog_0019.png"; bbox 0 0 4020 6014; ppageno 0'>
   <div class='ocr_carea' id='block_1_1' title="bbox 139 255 1237 324">
    <p class='ocr_par' dir='ltr' id='par_1_1' title="bbox 139 255 1237 324">
     <span class='ocr_line' id='line_1_1' title="bbox 139 255 1237 324; baseline -0.007 0"><span class='ocrx_word' id='word_1_1' title='bbox 139 268 175 324; x_wconf 81' lang='lat' dir='ltr'><strong>lb</strong></span> <span class='ocrx_word' id='word_1_2' title='bbox 715 260 836 319; x_wconf 80' lang='lat' dir='ltr'><strong>Locus</strong></span> <span class='ocrx_word' id='word_1_3' title='bbox 854 255 1056 315; x_wconf 83' lang='lat' dir='ltr'><strong>VICESIMUS</strong></span> <span class='ocrx_word' id='word_1_4' title='bbox 1073 256 1237 318; x_wconf 76' lang='lat' dir='ltr'>TERTIUS</span> 
     </span>
    </p>
   </div>
   <div class='ocr_carea' id='block_1_2' title="bbox 19 411 1946 4187">
    <p class='ocr_par' dir='ltr' id='par_1_2' title="bbox 19 411 1946 4187">
     <span class='ocr_line' id='line_1_2' title="bbox 135 411 1824 488; baseline -0.001 -21"><span class='ocrx_word' id='word_1_5' title='bbox 135 412 224 485; x_wconf 87' lang='lat' dir='ltr'><strong>legem</strong></span> <span class='ocrx_word' id='word_1_6' title='bbox 248 413 401 470; x_wconf 87' lang='lat' dir='ltr'><strong>sacerdotio</strong></span> <span class='ocrx_word' id='word_1_7' title='bbox 425 415 613 487; x_wconf 83' lang='lat' dir='ltr'><strong>fungebantur</strong></span> <span class='ocrx_word' id='word_1_8' title='bbox 641 415 817 488; x_wconf 79' lang='lat' dir='ltr'>primogeniti</span> <span class='ocrx_word' id='word_1_9' title='bbox 844 415 873 470; x_wconf 93' lang='lat' dir='ltr'><strong>in</strong></span> <span class='ocrx_word' id='word_1_10' title='bbox 898 411 980 488; x_wconf 69' lang='lat' dir='ltr'><strong>qua-l</strong></span> <span class='ocrx_word' id='word_1_11' title='bbox 994 415 1105 467; x_wconf 84' lang='lat' dir='ltr'><strong>eosdem</strong></span> <span class='ocrx_word' id='word_1_12' title='bbox 1126 414 1193 469; x_wconf 86' lang='lat' dir='ltr'><strong>illos</strong></span> <span class='ocrx_word' id='word_1_13' title='bbox 1218 415 1291 469; x_wconf 67' lang='lat' dir='ltr'><strong>rius</strong></span> <span class='ocrx_word' id='word_1_14' title='bbox 1313 415 1448 470; x_wconf 84' lang='lat' dir='ltr'><strong>inuocare</strong></span> <span class='ocrx_word' id='word_1_15' title='bbox 1475 421 1523 468; x_wconf 78' lang='lat' dir='ltr'><strong>aut</strong></span> <span class='ocrx_word' id='word_1_16' title='bbox 1548 413 1720 477; x_wconf 69' lang='lat' dir='ltr'><strong>contestare,</strong></span> <span class='ocrx_word' id='word_1_17' title='bbox 1765 412 1824 466; x_wconf 82' lang='lat' dir='ltr'><strong>Sed</strong></span> 
     </span>
     <span class='ocr_line' id='line_1_3' title="bbox 135 497 1822 573; baseline -0.001 -20"><span class='ocrx_word' id='word_1_18' title='bbox 135 497 203 554; x_wconf 89' lang='lat' dir='ltr'><strong>libet</strong></span> <span class='ocrx_word' id='word_1_19' title='bbox 228 499 346 565; x_wconf 79' lang='lat' dir='ltr'><strong>familia,</strong></span> <span class='ocrx_word' id='word_1_20' title='bbox 377 500 452 556; x_wconf 90' lang='lat' dir='ltr'><strong>unde</strong></span> <span class='ocrx_word' id='word_1_21' title='bbox 477 502 566 557; x_wconf 83' lang='lat' dir='ltr'><strong>Jacob</strong></span> <span class='ocrx_word' id='word_1_22' title='bbox 594 503 752 573; x_wconf 88' lang='lat' dir='ltr'><strong>patriarcha</strong></span> <span class='ocrx_word' id='word_1_23' title='bbox 785 501 821 556; x_wconf 91' lang='lat' dir='ltr'><strong>de</strong></span> <span class='ocrx_word' id='word_1_24' title='bbox 849 501 966 557; x_wconf 85' lang='lat' dir='ltr'><strong>Rubenc</strong></span> <span class='ocrx_word' id='word_1_25' title='bbox 989 499 1080 567; x_wconf 78' lang='lat' dir='ltr'><strong>paulo</strong></span> <span class='ocrx_word' id='word_1_26' title='bbox 1103 509 1171 568; x_wconf 80' lang='lat' dir='ltr'><strong>post</strong></span> <span class='ocrx_word' id='word_1_27' title='bbox 1200 517 1295 556; x_wconf 73' lang='lat' dir='ltr'><strong>merso</strong></span> <span class='ocrx_word' id='word_1_28' title='bbox 1321 502 1422 572; x_wconf 84' lang='lat' dir='ltr'><strong>templo</strong></span> <span class='ocrx_word' id='word_1_29' title='bbox 1448 499 1705 568; x_wconf 73' lang='lat' dir='ltr'><strong>Hierosolymitcno</strong></span> <span class='ocrx_word' id='word_1_30' title='bbox 1723 506 1750 551; x_wconf 89' lang='lat' dir='ltr'><strong>et</strong></span> <span class='ocrx_word' id='word_1_31' title='bbox 1767 516 1822 552; x_wconf 87' lang='lat' dir='ltr'><strong>ces·</strong></span> 
     </span>
     <span class='ocr_line' id='line_1_4' title="bbox 135 585 1822 658; baseline -0.003 -17"><span class='ocrx_word' id='word_1_32' title='bbox 135 586 318 658; x_wconf 85' lang='lat' dir='ltr'><strong>primogenito</strong></span> <span class='ocrx_word' id='word_1_33' title='bbox 335 603 385 642; x_wconf 88' lang='lat' dir='ltr'><strong>sno</strong></span> <span class='ocrx_word' id='word_1_34' title='bbox 411 586 478 642; x_wconf 90' lang='lat' dir='ltr'><strong>dicit</strong></span> <span class='ocrx_word' id='word_1_35' title='bbox 510 586 580 643; x_wconf 81' lang='lat' dir='ltr'><strong>Gen.</strong></span> <span class='ocrx_word' id='word_1_36' title='bbox 600 595 647 657; x_wconf 79' lang='lat' dir='ltr'><strong>le,</strong></span> <span class='ocrx_word' id='word_1_37' title='bbox 664 607 689 642; x_wconf 80' lang='lat' dir='ltr'><strong>r.</strong></span> <span class='ocrx_word' id='word_1_38' title='bbox 710 594 747 644; x_wconf 65' lang='lat' dir='ltr'><strong>a:</strong></span> <span class='ocrx_word' id='word_1_39' title='bbox 774 591 817 642; x_wconf 82' lang='lat' dir='ltr'><strong>Tu</strong></span> <span class='ocrx_word' id='word_1_40' title='bbox 835 606 864 642; x_wconf 91' lang='lat' dir='ltr'><strong>ss</strong></span> <span class='ocrx_word' id='word_1_41' title='bbox 881 587 965 653; x_wconf 81' lang='lat' dir='ltr'><strong>sorti·</strong></span> <span class='ocrx_word' id='word_1_42' title='bbox 991 585 1116 639; x_wconf 73' lang='lat' dir='ltr'><strong>euntibus</strong></span> <span class='ocrx_word' id='word_1_43' title='bbox 1135 587 1246 641; x_wconf 85' lang='lat' dir='ltr'><strong>omnino</strong></span> <span class='ocrx_word' id='word_1_44' title='bbox 1264 587 1413 648; x_wconf 70' lang='lat' dir='ltr'><strong>sacrificiis</strong></span> <span class='ocrx_word' id='word_1_45' title='bbox 1433 587 1635 650; x_wconf 70' lang='lat' dir='ltr'><strong>Hebraeorum,</strong></span> <span class='ocrx_word' id='word_1_46' title='bbox 1657 585 1745 638; x_wconf 85' lang='lat' dir='ltr'><strong>libere</strong></span> <span class='ocrx_word' id='word_1_47' title='bbox 1763 600 1822 637; x_wconf 90' lang='lat' dir='ltr'><strong>coe-</strong></span> 
     </span>
     <span class='ocr_line' id='line_1_5' title="bbox 135 671 1823 744; baseline -0.001 -20"><span class='ocrx_word' id='word_1_48' title='bbox 135 674 204 727; x_wconf 86' lang='lat' dir='ltr'><strong>tudo</strong></span> <span class='ocrx_word' id='word_1_49' title='bbox 221 688 283 726; x_wconf 89' lang='lat' dir='ltr'><strong>mea</strong></span> <span class='ocrx_word' id='word_1_50' title='bbox 301 680 328 725; x_wconf 87' lang='lat' dir='ltr'><strong>et</strong></span> <span class='ocrx_word' id='word_1_51' title='bbox 339 674 637 744; x_wconf 75' lang='lat' dir='ltr'><strong>prinm&#39;priumroboris</strong></span> <span class='ocrx_word' id='word_1_52' title='bbox 650 675 710 742; x_wconf 83' lang='lat' dir='ltr'><strong>mei,</strong></span> <span class='ocrx_word' id='word_1_53' title='bbox 724 674 810 744; x_wconf 84' lang='lat' dir='ltr'><strong>prior</strong></span> <span class='ocrx_word' id='word_1_54' title='bbox 829 674 859 727; x_wconf 87' lang='lat' dir='ltr'><strong>in</strong></span> <span class='ocrx_word' id='word_1_55' title='bbox 873 674 965 741; x_wconf 89' lang='lat' dir='ltr'><strong>donis,</strong></span> <span class='ocrx_word' id='word_1_56' title='bbox 988 679 1092 741; x_wconf 83' lang='lat' dir='ltr'><strong>perant</strong></span> <span class='ocrx_word' id='word_1_57' title='bbox 1120 673 1311 742; x_wconf 78' lang='lat' dir='ltr'><strong>antiquissimi</strong></span> <span class='ocrx_word' id='word_1_58' title='bbox 1338 681 1437 744; x_wconf 80' lang='lat' dir='ltr'><strong>patrea</strong></span> <span class='ocrx_word' id='word_1_59' title='bbox 1462 674 1505 726; x_wconf 86' lang='lat' dir='ltr'><strong>uti</strong></span> <span class='ocrx_word' id='word_1_60' title='bbox 1531 672 1690 725; x_wconf 83' lang='lat' dir='ltr'><strong>nominibus</strong></span> <span class='ocrx_word' id='word_1_61' title='bbox 1718 671 1823 740; x_wconf 81' lang='lat' dir='ltr'><strong>templi,</strong></span> 
     </span>
     <span class='ocr_line' id='line_1_6' title="bbox 135 748 1822 836; baseline -0.001 -25"><span class='ocrx_word' id='word_1_62' title='bbox 135 758 228 828; x_wconf 73' lang='lat' dir='ltr'><strong>major</strong></span> <span class='ocrx_word' id='word_1_63' title='bbox 253 759 281 811; x_wconf 90' lang='lat' dir='ltr'><strong>in</strong></span> <span class='ocrx_word' id='word_1_64' title='bbox 308 757 426 828; x_wconf 79' lang='lat' dir='ltr'><strong>imperio</strong></span> <span class='ocrx_word' id='word_1_65' title='bbox 454 761 487 832; x_wconf 64' lang='lat'><strong>¹²}</strong></span> <span class='ocrx_word' id='word_1_66' title='bbox 522 761 597 836; x_wconf 57' lang='grc' dir='ltr'><strong>Ἶῃῃ</strong></span> <span class='ocrx_word' id='word_1_67' title='bbox 627 751 701 833; x_wconf 58' lang='lat' dir='ltr'><strong>nttsq</strong></span> <span class='ocrx_word' id='word_1_68' title='bbox 729 761 788 836; x_wconf 58' lang='lat' dir='ltr'><strong>&#39;lm</strong></span> <span class='ocrx_word' id='word_1_69' title='bbox 812 760 860 814; x_wconf 88' lang='lat' dir='ltr'><strong>nbi</strong></span> <span class='ocrx_word' id='word_1_70' title='bbox 878 748 964 831; x_wconf 50' lang='lat' dir='ltr'><strong>nult,</strong></span> <span class='ocrx_word' id='word_1_71' title='bbox 989 758 1102 826; x_wconf 86' lang='lat' dir='ltr'><strong>altaris,</strong></span> <span class='ocrx_word' id='word_1_72' title='bbox 1114 760 1271 813; x_wconf 70' lang='lat' dir='ltr'><strong>eucaddis</strong></span> <span class='ocrx_word' id='word_1_73' title='bbox 1280 767 1306 813; x_wconf 89' lang='lat' dir='ltr'><strong>et</strong></span> <span class='ocrx_word' id='word_1_74' title='bbox 1316 761 1459 829; x_wconf 61' lang='lat' dir='ltr'><strong>sacratui,</strong></span> <span class='ocrx_word' id='word_1_75' title='bbox 1475 767 1507 813; x_wconf 90' lang='lat' dir='ltr'><strong>ut</strong></span> <span class='ocrx_word' id='word_1_76' title='bbox 1518 776 1564 812; x_wconf 85' lang='lat' dir='ltr'><strong>res</strong></span> <span class='ocrx_word' id='word_1_77' title='bbox 1575 760 1640 827; x_wconf 82' lang='lat' dir='ltr'><strong>ipsa</strong></span> <span class='ocrx_word' id='word_1_78' title='bbox 1648 757 1822 827; x_wconf 82' lang='lat' dir='ltr'><strong>postulabat.</strong></span> 
     </span>
     <span class='ocr_line' id='line_1_7' title="bbox 135 842 1821 918; baseline -0.001 -20"><span class='ocrx_word' id='word_1_79' title='bbox 135 842 251 914; x_wconf 85' lang='lat' dir='ltr'><strong>donum,</strong></span> <span class='ocrx_word' id='word_1_80' title='bbox 275 843 387 914; x_wconf 83' lang='lat' dir='ltr'><strong>ponitur</strong></span> <span class='ocrx_word' id='word_1_81' title='bbox 410 863 461 915; x_wconf 86' lang='lat' dir='ltr'><strong>pro</strong></span> <span class='ocrx_word' id='word_1_82' title='bbox 480 845 628 902; x_wconf 85' lang='lat' dir='ltr'><strong>sacrificiis.</strong></span> <span class='ocrx_word' id='word_1_83' title='bbox 665 846 767 902; x_wconf 86' lang='lat' dir='ltr'><strong>Postea</strong></span> <span class='ocrx_word' id='word_1_84' title='bbox 783 847 845 918; x_wconf 90' lang='lat' dir='ltr'><strong>lege</strong></span> <span class='ocrx_word' id='word_1_85' title='bbox 863 845 962 900; x_wconf 81' lang='lat' dir='ltr'><strong>Mosai-</strong></span> <span class='ocrx_word' id='word_1_86' title='bbox 990 845 1074 914; x_wconf 78' lang='lat' dir='ltr'><strong>Resp.</strong></span> <span class='ocrx_word' id='word_1_87' title='bbox 1096 852 1117 900; x_wconf 83' lang='lat' dir='ltr'><strong>t.</strong></span> <span class='ocrx_word' id='word_1_88' title='bbox 1144 860 1177 899; x_wconf 83' lang='lat' dir='ltr'><strong>ex</strong></span> <span class='ocrx_word' id='word_1_89' title='bbox 1201 845 1295 914; x_wconf 88' lang='lat' dir='ltr'><strong>phrasi</strong></span> <span class='ocrx_word' id='word_1_90' title='bbox 1313 845 1500 900; x_wconf 88' lang='lat' dir='ltr'><strong>ecclesiastica</strong></span> <span class='ocrx_word' id='word_1_91' title='bbox 1518 844 1679 915; x_wconf 88' lang='lat' dir='ltr'><strong>praesertim</strong></span> <span class='ocrx_word' id='word_1_92' title='bbox 1696 844 1725 898; x_wconf 91' lang='lat' dir='ltr'><strong>in</strong></span> <span class='ocrx_word' id='word_1_93' title='bbox 1744 860 1821 914; x_wconf 87' lang='lat' dir='ltr'><strong>pere·</strong></span> 
     </span>
     <span class='ocr_line' id='line_1_8' title="bbox 135 927 1819 1003; baseline 0.001 -22"><span class='ocrx_word' id='word_1_94' title='bbox 135 941 169 981; x_wconf 82' lang='lat' dir='ltr'><strong>ca</strong></span> <span class='ocrx_word' id='word_1_95' title='bbox 182 927 305 1000; x_wconf 72' lang='lat' dir='ltr'><strong>dignitas</strong></span> <span class='ocrx_word' id='word_1_96' title='bbox 317 931 462 986; x_wconf 84' lang='lat' dir='ltr'><strong>sacerdotii</strong></span> <span class='ocrx_word' id='word_1_97' title='bbox 479 931 516 986; x_wconf 86' lang='lat' dir='ltr'><strong>ad</strong></span> <span class='ocrx_word' id='word_1_98' title='bbox 531 929 645 987; x_wconf 79' lang='lat' dir='ltr'><strong>Levitae</strong></span> <span class='ocrx_word' id='word_1_99' title='bbox 658 931 711 987; x_wconf 83' lang='lat' dir='ltr'><strong>luit</strong></span> <span class='ocrx_word' id='word_1_100' title='bbox 730 933 872 995; x_wconf 85' lang='lat' dir='ltr'><strong>translata,</strong></span> <span class='ocrx_word' id='word_1_101' title='bbox 893 949 962 1003; x_wconf 89' lang='lat' dir='ltr'><strong>quos</strong></span> <span class='ocrx_word' id='word_1_102' title='bbox 988 930 1097 1001; x_wconf 57' lang='lat' dir='ltr'><strong>minum</strong></span> <span class='ocrx_word' id='word_1_103' title='bbox 1117 947 1227 985; x_wconf 87' lang='lat' dir='ltr'><strong>sensum</strong></span> <span class='ocrx_word' id='word_1_104' title='bbox 1246 932 1354 987; x_wconf 88' lang='lat' dir='ltr'><strong>detorta</strong></span> <span class='ocrx_word' id='word_1_105' title='bbox 1371 948 1427 985; x_wconf 92' lang='lat' dir='ltr'><strong>non</strong></span> <span class='ocrx_word' id='word_1_106' title='bbox 1439 937 1531 1002; x_wconf 88' lang='lat' dir='ltr'><strong>potest</strong></span> <span class='ocrx_word' id='word_1_107' title='bbox 1548 930 1611 986; x_wconf 90' lang='lat' dir='ltr'><strong>duci</strong></span> <span class='ocrx_word' id='word_1_108' title='bbox 1627 935 1819 1001; x_wconf 72' lang='lat' dir='ltr'><strong>argumentum</strong></span> 
     </span>
     <span class='ocr_line' id='line_1_9' title="bbox 134 1011 1820 1087; baseline 0.002 -20"><span class='ocrx_word' id='word_1_109' title='bbox 134 1012 171 1067; x_wconf 90' lang='lat' dir='ltr'><strong>cb</strong></span> <span class='ocrx_word' id='word_1_110' title='bbox 190 1011 219 1067; x_wconf 91' lang='lat' dir='ltr'><strong>id</strong></span> <span class='ocrx_word' id='word_1_111' title='bbox 237 1014 297 1069; x_wconf 91' lang='lat' dir='ltr'><strong>loco</strong></span> <span class='ocrx_word' id='word_1_112' title='bbox 317 1014 561 1087; x_wconf 89' lang='lat' dir='ltr'><strong>primogenitorum</strong></span> <span class='ocrx_word' id='word_1_113' title='bbox 580 1034 598 1070; x_wconf 92' lang='lat' dir='ltr'><strong>a</strong></span> <span class='ocrx_word' id='word_1_114' title='bbox 614 1033 643 1072; x_wconf 90' lang='lat' dir='ltr'><strong>se</strong></span> <span class='ocrx_word' id='word_1_115' title='bbox 661 1017 763 1072; x_wconf 88' lang='lat' dir='ltr'><strong>electos</strong></span> <span class='ocrx_word' id='word_1_116' title='bbox 785 1017 852 1072; x_wconf 89' lang='lat' dir='ltr'><strong>dicit</strong></span> <span class='ocrx_word' id='word_1_117' title='bbox 868 1016 961 1072; x_wconf 87' lang='lat' dir='ltr'><strong>Domi·</strong></span> <span class='ocrx_word' id='word_1_118' title='bbox 987 1015 1173 1085; x_wconf 90' lang='lat' dir='ltr'><strong>apodicticam</strong></span> <span class='ocrx_word' id='word_1_119' title='bbox 1190 1017 1219 1071; x_wconf 93' lang='lat' dir='ltr'><strong>in</strong></span> <span class='ocrx_word' id='word_1_120' title='bbox 1238 1017 1360 1071; x_wconf 75' lang='lat' dir='ltr'><strong>articulis</strong></span> <span class='ocrx_word' id='word_1_121' title='bbox 1377 1016 1451 1072; x_wconf 89' lang='lat' dir='ltr'><strong>fidei.</strong></span> <span class='ocrx_word' id='word_1_122' title='bbox 1477 1015 1657 1072; x_wconf 76' lang='lat' dir='ltr'><strong>sacerdotum</strong></span> <span class='ocrx_word' id='word_1_123' title='bbox 1670 1015 1820 1085; x_wconf 70' lang='lat' dir='ltr'><strong>appellatio</strong></span> 
     </span>
     <span class='ocr_line' id='line_1_10' title="bbox 109 1088 1816 1172; baseline 0.002 -20"><span class='ocrx_word' id='word_1_124' title='bbox 109 1088 114 1108; x_wconf 83' lang='lat'>¹</span> <span class='ocrx_word' id='word_1_125' title='bbox 133 1114 185 1153; x_wconf 90' lang='lat' dir='ltr'><strong>nus</strong></span> <span class='ocrx_word' id='word_1_126' title='bbox 204 1097 285 1157; x_wconf 87' lang='lat' dir='ltr'><strong>Num.</strong></span> <span class='ocrx_word' id='word_1_127' title='bbox 303 1106 327 1164; x_wconf 87' lang='grc'><strong>3,</strong></span> <span class='ocrx_word' id='word_1_128' title='bbox 347 1118 371 1154; x_wconf 83' lang='lat' dir='ltr'><strong>v.</strong></span> <span class='ocrx_word' id='word_1_129' title='bbox 394 1108 439 1157; x_wconf 83' lang='lat'><strong>12:</strong></span> <span class='ocrx_word' id='word_1_130' title='bbox 459 1104 522 1170; x_wconf 77' lang='lat' dir='ltr'><strong>Epo</strong></span> <span class='ocrx_word' id='word_1_131' title='bbox 539 1103 595 1157; x_wconf 87' lang='lat' dir='ltr'><strong>tuli</strong></span> <span class='ocrx_word' id='word_1_132' title='bbox 614 1103 725 1157; x_wconf 80' lang='lat' dir='ltr'><strong>Levitae</strong></span> <span class='ocrx_word' id='word_1_133' title='bbox 743 1120 761 1156; x_wconf 90' lang='lat' dir='ltr'><strong>a</strong></span> <span class='ocrx_word' id='word_1_134' title='bbox 779 1103 849 1165; x_wconf 66' lang='lat' dir='ltr'><strong>siliis</strong></span> <span class='ocrx_word' id='word_1_135' title='bbox 867 1104 962 1156; x_wconf 89' lang='lat' dir='ltr'><strong>Israel</strong></span> <span class='ocrx_word' id='word_1_136' title='bbox 988 1102 1119 1157; x_wconf 76' lang='lat' dir='ltr'><strong>ministris</strong></span> <span class='ocrx_word' id='word_1_137' title='bbox 1139 1102 1271 1158; x_wconf 90' lang='lat' dir='ltr'><strong>ecclesiae</strong></span> <span class='ocrx_word' id='word_1_138' title='bbox 1288 1119 1306 1156; x_wconf 92' lang='lat' dir='ltr'><strong>a</strong></span> <span class='ocrx_word' id='word_1_139' title='bbox 1322 1103 1462 1159; x_wconf 79' lang='lat' dir='ltr'><strong>veteribus</strong></span> <span class='ocrx_word' id='word_1_140' title='bbox 1481 1101 1616 1157; x_wconf 89' lang='lat' dir='ltr'><strong>attributa</strong></span> <span class='ocrx_word' id='word_1_141' title='bbox 1628 1103 1712 1172; x_wconf 85' lang='lat' dir='ltr'><strong>juxta</strong></span> <span class='ocrx_word' id='word_1_142' title='bbox 1724 1100 1816 1170; x_wconf 90' lang='lat' dir='ltr'><strong>Scrip·</strong></span> 
     </span>
     <span class='ocr_line' id='line_1_11' title="bbox 131 1186 1817 1260; baseline 0.002 -22"><span class='ocrx_word' id='word_1_143' title='bbox 131 1199 186 1253; x_wconf 82' lang='lat' dir='ltr'><strong>pro</strong></span> <span class='ocrx_word' id='word_1_144' title='bbox 204 1186 281 1239; x_wconf 86' lang='lat' dir='ltr'><strong>omni</strong></span> <span class='ocrx_word' id='word_1_145' title='bbox 295 1187 496 1256; x_wconf 74' lang='lat' dir='ltr'><strong>primogenito,</strong></span> <span class='ocrx_word' id='word_1_146' title='bbox 519 1191 569 1257; x_wconf 86' lang='lat' dir='ltr'><strong>qui</strong></span> <span class='ocrx_word' id='word_1_147' title='bbox 591 1190 683 1257; x_wconf 86' lang='lat' dir='ltr'><strong>aperit</strong></span> <span class='ocrx_word' id='word_1_148' title='bbox 706 1189 816 1242; x_wconf 83' lang='lat' dir='ltr'><strong>unicam</strong></span> <span class='ocrx_word' id='word_1_149' title='bbox 840 1190 870 1242; x_wconf 88' lang='lat' dir='ltr'><strong>in</strong></span> <span class='ocrx_word' id='word_1_150' title='bbox 893 1190 962 1253; x_wconf 71' lang='lat' dir='ltr'><strong>tiliis</strong></span> <span class='ocrx_word' id='word_1_151' title='bbox 987 1197 1066 1245; x_wconf 74' lang='lat' dir='ltr'><strong>turrae</strong></span> <span class='ocrx_word' id='word_1_152' title='bbox 1085 1206 1195 1244; x_wconf 91' lang='lat' dir='ltr'><strong>sensum</strong></span> <span class='ocrx_word' id='word_1_153' title='bbox 1213 1195 1241 1245; x_wconf 91' lang='lat' dir='ltr'><strong>et</strong></span> <span class='ocrx_word' id='word_1_154' title='bbox 1258 1188 1323 1245; x_wconf 89' lang='lat' dir='ltr'><strong>fidei</strong></span> <span class='ocrx_word' id='word_1_155' title='bbox 1344 1189 1500 1260; x_wconf 89' lang='lat' dir='ltr'><strong>analogiam</strong></span> <span class='ocrx_word' id='word_1_156' title='bbox 1518 1188 1691 1260; x_wconf 86' lang='lat' dir='ltr'><strong>explicanda,</strong></span> <span class='ocrx_word' id='word_1_157' title='bbox 1716 1204 1817 1259; x_wconf 90' lang='lat' dir='ltr'><strong>nequa·</strong></span> 
     </span>
     <span class='ocr_line' id='line_1_12' title="bbox 134 1269 1818 1347; baseline 0.002 -23"><span class='ocrx_word' id='word_1_158' title='bbox 134 1269 235 1339; x_wconf 85' lang='lat' dir='ltr'><strong>Israel,</strong></span> <span class='ocrx_word' id='word_1_159' title='bbox 254 1281 384 1342; x_wconf 77' lang='lat' dir='ltr'><strong>eruntque</strong></span> <span class='ocrx_word' id='word_1_160' title='bbox 401 1275 515 1328; x_wconf 80' lang='lat' dir='ltr'><strong>Levitae</strong></span> <span class='ocrx_word' id='word_1_161' title='bbox 535 1276 607 1342; x_wconf 77' lang='lat' dir='ltr'><strong>mei,-</strong></span> <span class='ocrx_word' id='word_1_162' title='bbox 626 1293 651 1330; x_wconf 82' lang='lat' dir='ltr'><strong>v.</strong></span> <span class='ocrx_word' id='word_1_163' title='bbox 673 1279 713 1330; x_wconf 82' lang='lat'><strong>1³.</strong></span> <span class='ocrx_word' id='word_1_164' title='bbox 731 1293 820 1329; x_wconf 87' lang='lat' dir='ltr'><strong>meum</strong></span> <span class='ocrx_word' id='word_1_165' title='bbox 834 1284 874 1330; x_wconf 89' lang='lat' dir='ltr'><strong>est</strong></span> <span class='ocrx_word' id='word_1_166' title='bbox 888 1278 961 1329; x_wconf 85' lang='lat' dir='ltr'><strong>enim</strong></span> <span class='ocrx_word' id='word_1_167' title='bbox 987 1292 1069 1345; x_wconf 88' lang='lat' dir='ltr'><strong>quam</strong></span> <span class='ocrx_word' id='word_1_168' title='bbox 1099 1291 1165 1330; x_wconf 83' lang='lat' dir='ltr'><strong>vero</strong></span> <span class='ocrx_word' id='word_1_169' title='bbox 1188 1280 1285 1330; x_wconf 91' lang='lat' dir='ltr'><strong>contra</strong></span> <span class='ocrx_word' id='word_1_170' title='bbox 1308 1275 1466 1346; x_wconf 75' lang='lat' dir='ltr'><strong>Scripturas</strong></span> <span class='ocrx_word' id='word_1_171' title='bbox 1493 1279 1522 1330; x_wconf 88' lang='lat' dir='ltr'><strong>et</strong></span> <span class='ocrx_word' id='word_1_172' title='bbox 1548 1275 1667 1347; x_wconf 84' lang='lat' dir='ltr'><strong>ipsorum</strong></span> <span class='ocrx_word' id='word_1_173' title='bbox 1695 1279 1818 1329; x_wconf 84' lang='lat' dir='ltr'><strong>veterum</strong></span> 
     </span>
     <span class='ocr_line' id='line_1_13' title="bbox 133 1359 1946 1432; baseline 0.002 -21"><span class='ocrx_word' id='word_1_174' title='bbox 133 1372 212 1413; x_wconf 80' lang='lat' dir='ltr'><strong>omne</strong></span> <span class='ocrx_word' id='word_1_175' title='bbox 221 1360 448 1428; x_wconf 71' lang='lat' dir='ltr'><strong>primogenitum,</strong></span> <span class='ocrx_word' id='word_1_176' title='bbox 466 1377 498 1413; x_wconf 82' lang='lat' dir='ltr'><strong>ea</strong></span> <span class='ocrx_word' id='word_1_177' title='bbox 515 1378 570 1429; x_wconf 81' lang='lat' dir='ltr'><strong>quo</strong></span> <span class='ocrx_word' id='word_1_178' title='bbox 586 1362 805 1430; x_wconf 81' lang='lat' dir='ltr'><strong>percussionne</strong></span> <span class='ocrx_word' id='word_1_179' title='bbox 822 1363 961 1430; x_wconf 80' lang='lat' dir='ltr'><strong>primcpe·</strong></span> <span class='ocrx_word' id='word_1_180' title='bbox 988 1367 1107 1416; x_wconf 84' lang='lat' dir='ltr'><strong>mentem</strong></span> <span class='ocrx_word' id='word_1_181' title='bbox 1133 1362 1169 1416; x_wconf 91' lang='lat' dir='ltr'><strong>de</strong></span> <span class='ocrx_word' id='word_1_182' title='bbox 1194 1367 1305 1417; x_wconf 88' lang='lat' dir='ltr'><strong>externo</strong></span> <span class='ocrx_word' id='word_1_183' title='bbox 1323 1360 1444 1432; x_wconf 92' lang='lat' dir='ltr'><strong>quodam</strong></span> <span class='ocrx_word' id='word_1_184' title='bbox 1467 1361 1577 1432; x_wconf 85' lang='lat' dir='ltr'><strong>proprie</strong></span> <span class='ocrx_word' id='word_1_185' title='bbox 1592 1360 1667 1416; x_wconf 89' lang='lat' dir='ltr'><strong>dieto</strong></span> <span class='ocrx_word' id='word_1_186' title='bbox 1685 1359 1819 1415; x_wconf 87' lang='lat' dir='ltr'><strong>sacrificio</strong></span> <span class='ocrx_word' id='word_1_187' title='bbox 1833 1361 1946 1404; x_wconf 62' lang='lat' dir='ltr'><strong>mini&amp;</strong></span> 
     </span>
     <span class='ocr_line' id='line_1_14' title="bbox 133 1443 1818 1519; baseline 0.001 -22"><span class='ocrx_word' id='word_1_188' title='bbox 133 1443 220 1497; x_wconf 65' lang='lat' dir='ltr'><strong>ndens</strong></span> <span class='ocrx_word' id='word_1_189' title='bbox 237 1446 265 1497; x_wconf 88' lang='lat' dir='ltr'><strong>in</strong></span> <span class='ocrx_word' id='word_1_190' title='bbox 285 1452 363 1498; x_wconf 65' lang='lat' dir='ltr'><strong>mnu</strong></span> <span class='ocrx_word' id='word_1_191' title='bbox 382 1445 516 1514; x_wconf 71' lang='lat' dir='ltr'><strong>Aegypti,</strong></span> <span class='ocrx_word' id='word_1_192' title='bbox 544 1446 595 1501; x_wconf 89' lang='lat' dir='ltr'><strong>hoc</strong></span> <span class='ocrx_word' id='word_1_193' title='bbox 620 1452 662 1501; x_wconf 91' lang='lat' dir='ltr'><strong>est</strong></span> <span class='ocrx_word' id='word_1_194' title='bbox 686 1447 752 1518; x_wconf 93' lang='lat' dir='ltr'><strong>qnia</strong></span> <span class='ocrx_word' id='word_1_195' title='bbox 776 1448 889 1518; x_wconf 89' lang='lat' dir='ltr'><strong>peperci</strong></span> <span class='ocrx_word' id='word_1_196' title='bbox 906 1448 961 1518; x_wconf 88' lang='lat' dir='ltr'><strong>pri·</strong></span> <span class='ocrx_word' id='word_1_197' title='bbox 987 1447 1155 1519; x_wconf 82' lang='lat' dir='ltr'><strong>accipienda</strong></span> <span class='ocrx_word' id='word_1_198' title='bbox 1201 1453 1225 1503; x_wconf 80' lang='lat'><strong>2.</strong></span> <span class='ocrx_word' id='word_1_199' title='bbox 1256 1447 1297 1501; x_wconf 83' lang='lat' dir='ltr'><strong>Ex</strong></span> <span class='ocrx_word' id='word_1_200' title='bbox 1321 1448 1465 1517; x_wconf 76' lang='lat' dir='ltr'><strong>Scriptura</strong></span> <span class='ocrx_word' id='word_1_201' title='bbox 1490 1447 1643 1519; x_wconf 79' lang='lat' dir='ltr'><strong>colligitur,</strong></span> <span class='ocrx_word' id='word_1_202' title='bbox 1668 1445 1818 1500; x_wconf 90' lang='lat' dir='ltr'><strong>sacerdotis</strong></span> 
     </span>
     <span class='ocr_line' id='line_1_15' title="bbox 133 1529 1818 1605; baseline 0 -21"><span class='ocrx_word' id='word_1_203' title='bbox 133 1529 277 1602; x_wconf 90' lang='lat' dir='ltr'><strong>mogsnitis</strong></span> <span class='ocrx_word' id='word_1_204' title='bbox 287 1529 472 1585; x_wconf 81' lang='lat' dir='ltr'><strong>Israiilitarum</strong></span> <span class='ocrx_word' id='word_1_205' title='bbox 488 1531 516 1585; x_wconf 91' lang='lat' dir='ltr'><strong>in</strong></span> <span class='ocrx_word' id='word_1_206' title='bbox 525 1532 701 1602; x_wconf 90' lang='lat' dir='ltr'><strong>percussione</strong></span> <span class='ocrx_word' id='word_1_207' title='bbox 715 1533 960 1605; x_wconf 87' lang='lat' dir='ltr'><strong>primogenitorum</strong></span> <span class='ocrx_word' id='word_1_208' title='bbox 987 1548 1081 1586; x_wconf 85' lang='lat' dir='ltr'><strong>vocem</strong></span> <span class='ocrx_word' id='word_1_209' title='bbox 1099 1533 1282 1588; x_wconf 82' lang='lat' dir='ltr'><strong>diversimode</strong></span> <span class='ocrx_word' id='word_1_210' title='bbox 1308 1533 1411 1604; x_wconf 84' lang='lat' dir='ltr'><strong>accipi:</strong></span> <span class='ocrx_word' id='word_1_211' title='bbox 1435 1532 1525 1603; x_wconf 91' lang='lat' dir='ltr'><strong>primo</strong></span> <span class='ocrx_word' id='word_1_212' title='bbox 1548 1533 1667 1602; x_wconf 82' lang='lat' dir='ltr'><strong>proprie</strong></span> <span class='ocrx_word' id='word_1_213' title='bbox 1692 1549 1743 1603; x_wconf 88' lang='lat' dir='ltr'><strong>pro</strong></span> <span class='ocrx_word' id='word_1_214' title='bbox 1768 1531 1818 1585; x_wconf 84' lang='lat' dir='ltr'><strong>tali</strong></span> 
     </span>
     <span class='ocr_line' id='line_1_16' title="bbox 132 1615 1818 1690; baseline 0 -20"><span class='ocrx_word' id='word_1_215' title='bbox 132 1615 350 1688; x_wconf 75' lang='lat' dir='ltr'><strong>Aegyptiorum,</strong></span> <span class='ocrx_word' id='word_1_216' title='bbox 375 1616 437 1672; x_wconf 90' lang='lat' dir='ltr'><strong>ideo</strong></span> <span class='ocrx_word' id='word_1_217' title='bbox 458 1633 555 1672; x_wconf 90' lang='lat' dir='ltr'><strong>omnes</strong></span> <span class='ocrx_word' id='word_1_218' title='bbox 572 1617 748 1690; x_wconf 78' lang='lat' dir='ltr'><strong>primogeniti</strong></span> <span class='ocrx_word' id='word_1_219' title='bbox 766 1619 820 1673; x_wconf 90' lang='lat' dir='ltr'><strong>mei</strong></span> <span class='ocrx_word' id='word_1_220' title='bbox 839 1627 910 1682; x_wconf 87' lang='lat' dir='ltr'><strong>sunt,</strong></span> <span class='ocrx_word' id='word_1_221' title='bbox 929 1624 962 1674; x_wconf 93' lang='lat' dir='ltr'><strong>ut</strong></span> <span class='ocrx_word' id='word_1_222' title='bbox 988 1634 1113 1689; x_wconf 88' lang='lat' dir='ltr'><strong>persona,</strong></span> <span class='ocrx_word' id='word_1_223' title='bbox 1133 1635 1204 1689; x_wconf 88' lang='lat' dir='ltr'><strong>quae</strong></span> <span class='ocrx_word' id='word_1_224' title='bbox 1223 1625 1365 1674; x_wconf 82' lang='lat' dir='ltr'><strong>externum</strong></span> <span class='ocrx_word' id='word_1_225' title='bbox 1383 1625 1413 1673; x_wconf 87' lang='lat' dir='ltr'><strong>et</strong></span> <span class='ocrx_word' id='word_1_226' title='bbox 1425 1617 1567 1688; x_wconf 92' lang='lat' dir='ltr'><strong>corporale</strong></span> <span class='ocrx_word' id='word_1_227' title='bbox 1579 1615 1744 1672; x_wconf 84' lang='lat' dir='ltr'><strong>sacrificium</strong></span> <span class='ocrx_word' id='word_1_228' title='bbox 1758 1615 1818 1671; x_wconf 89' lang='lat' dir='ltr'><strong>Deo</strong></span> 
     </span>
     <span class='ocr_line' id='line_1_17' title="bbox 132 1702 1818 1776; baseline -0.001 -17"><span class='ocrx_word' id='word_1_229' title='bbox 132 1703 284 1759; x_wconf 82' lang='lat' dir='ltr'><strong>sacerdotio</strong></span> <span class='ocrx_word' id='word_1_230' title='bbox 303 1718 395 1757; x_wconf 84' lang='lat' dir='ltr'><strong>coram</strong></span> <span class='ocrx_word' id='word_1_231' title='bbox 424 1719 467 1757; x_wconf 92' lang='lat' dir='ltr'><strong>me</strong></span> <span class='ocrx_word' id='word_1_232' title='bbox 486 1702 653 1775; x_wconf 82' lang='lat' dir='ltr'><strong>fungantur,</strong></span> <span class='ocrx_word' id='word_1_233' title='bbox 681 1705 729 1760; x_wconf 86' lang='lat' dir='ltr'><strong>sed</strong></span> <span class='ocrx_word' id='word_1_234' title='bbox 755 1706 877 1774; x_wconf 89' lang='lat' dir='ltr'><strong>ipsorum</strong></span> <span class='ocrx_word' id='word_1_235' title='bbox 901 1705 961 1761; x_wconf 90' lang='lat' dir='ltr'><strong>loco</strong></span> <span class='ocrx_word' id='word_1_236' title='bbox 987 1703 1076 1766; x_wconf 84' lang='lat' dir='ltr'><strong>offert,</strong></span> <span class='ocrx_word' id='word_1_237' title='bbox 1096 1705 1125 1759; x_wconf 91' lang='lat' dir='ltr'><strong>in</strong></span> <span class='ocrx_word' id='word_1_238' title='bbox 1145 1705 1198 1760; x_wconf 89' lang='lat' dir='ltr'><strong>hac</strong></span> <span class='ocrx_word' id='word_1_239' title='bbox 1217 1704 1419 1776; x_wconf 87' lang='lat' dir='ltr'><strong>significatione</strong></span> <span class='ocrx_word' id='word_1_240' title='bbox 1437 1703 1580 1775; x_wconf 79' lang='lat' dir='ltr'><strong>accipitur,</strong></span> <span class='ocrx_word' id='word_1_241' title='bbox 1598 1702 1710 1775; x_wconf 90' lang='lat' dir='ltr'><strong>qnando</strong></span> <span class='ocrx_word' id='word_1_242' title='bbox 1727 1703 1770 1758; x_wconf 82' lang='lat' dir='ltr'><strong>vel</strong></span> <span class='ocrx_word' id='word_1_243' title='bbox 1784 1704 1818 1757; x_wconf 89' lang='lat' dir='ltr'><strong>de</strong></span> 
     </span>
     <span class='ocr_line' id='line_1_18' title="bbox 133 1787 1819 1861; baseline -0.001 -18"><span class='ocrx_word' id='word_1_244' title='bbox 133 1787 204 1860; x_wconf 90' lang='lat' dir='ltr'><strong>slsgl</strong></span> <span class='ocrx_word' id='word_1_245' title='bbox 215 1788 336 1853; x_wconf 79' lang='lat' dir='ltr'><strong>Levites,</strong></span> <span class='ocrx_word' id='word_1_246' title='bbox 354 1788 511 1859; x_wconf 86' lang='lat' dir='ltr'><strong>inquorum</strong></span> <span class='ocrx_word' id='word_1_247' title='bbox 522 1790 750 1846; x_wconf 69' lang='lat' dir='ltr'><strong>sustentationem</strong></span> <span class='ocrx_word' id='word_1_248' title='bbox 769 1792 868 1846; x_wconf 89' lang='lat' dir='ltr'><strong>cedere</strong></span> <span class='ocrx_word' id='word_1_249' title='bbox 880 1791 962 1847; x_wconf 89' lang='lat' dir='ltr'><strong>debet</strong></span> <span class='ocrx_word' id='word_1_250' title='bbox 987 1790 1099 1854; x_wconf 85' lang='lat' dir='ltr'><strong>Levitis,</strong></span> <span class='ocrx_word' id='word_1_251' title='bbox 1118 1791 1161 1846; x_wconf 83' lang='lat' dir='ltr'><strong>vel</strong></span> <span class='ocrx_word' id='word_1_252' title='bbox 1182 1791 1216 1847; x_wconf 92' lang='lat' dir='ltr'><strong>de</strong></span> <span class='ocrx_word' id='word_1_253' title='bbox 1229 1790 1338 1847; x_wconf 86' lang='lat' dir='ltr'><strong>Christo</strong></span> <span class='ocrx_word' id='word_1_254' title='bbox 1351 1796 1515 1861; x_wconf 84' lang='lat' dir='ltr'><strong>usurpatur;</strong></span> <span class='ocrx_word' id='word_1_255' title='bbox 1531 1789 1653 1846; x_wconf 89' lang='lat' dir='ltr'><strong>secundo</strong></span> <span class='ocrx_word' id='word_1_256' title='bbox 1664 1789 1819 1859; x_wconf 82' lang='lat' dir='ltr'><strong>improprie</strong></span> 
     </span>
     <span class='ocr_line' id='line_1_19' title="bbox 133 1874 1819 1948; baseline 0.001 -19"><span class='ocrx_word' id='word_1_257' title='bbox 133 1874 258 1946; x_wconf 84' lang='lat' dir='ltr'><strong>pecunia,</strong></span> <span class='ocrx_word' id='word_1_258' title='bbox 278 1891 335 1946; x_wconf 90' lang='lat' dir='ltr'><strong>qua</strong></span> <span class='ocrx_word' id='word_1_259' title='bbox 351 1875 527 1946; x_wconf 79' lang='lat' dir='ltr'><strong>primogeniti</strong></span> <span class='ocrx_word' id='word_1_260' title='bbox 546 1875 723 1931; x_wconf 89' lang='lat' dir='ltr'><strong>redimentur.</strong></span> <span class='ocrx_word' id='word_1_261' title='bbox 759 1876 837 1933; x_wconf 91' lang='lat' dir='ltr'><strong>Inter</strong></span> <span class='ocrx_word' id='word_1_262' title='bbox 849 1877 961 1934; x_wconf 83' lang='lat' dir='ltr'><strong>levitas</strong></span> <span class='ocrx_word' id='word_1_263' title='bbox 988 1893 1038 1947; x_wconf 89' lang='lat' dir='ltr'><strong>pro</strong></span> <span class='ocrx_word' id='word_1_264' title='bbox 1071 1877 1263 1947; x_wconf 87' lang='lat' dir='ltr'><strong>spiritualibus</strong></span> <span class='ocrx_word' id='word_1_265' title='bbox 1294 1876 1483 1934; x_wconf 87' lang='lat' dir='ltr'><strong>sacerdotibus</strong></span> <span class='ocrx_word' id='word_1_266' title='bbox 1510 1875 1666 1948; x_wconf 83' lang='lat' dir='ltr'><strong>spirituales</strong></span> <span class='ocrx_word' id='word_1_267' title='bbox 1693 1875 1819 1930; x_wconf 83' lang='lat' dir='ltr'><strong>victimas</strong></span> 
     </span>
     <span class='ocr_line' id='line_1_20' title="bbox 65 1958 1819 2034; baseline 0.002 -21"><span class='ocrx_word' id='word_1_268' title='bbox 65 1971 68 1975; x_wconf 87' lang='grc'><strong>’</strong></span> <span class='ocrx_word' id='word_1_269' title='bbox 133 1958 194 2015; x_wconf 90' lang='lat' dir='ltr'><strong>illos</strong></span> <span class='ocrx_word' id='word_1_270' title='bbox 219 1960 370 2016; x_wconf 87' lang='lat' dir='ltr'><strong>ministerio</strong></span> <span class='ocrx_word' id='word_1_271' title='bbox 398 1961 426 2015; x_wconf 90' lang='lat' dir='ltr'><strong>in</strong></span> <span class='ocrx_word' id='word_1_272' title='bbox 450 1961 486 2018; x_wconf 90' lang='lat' dir='ltr'><strong>V.</strong></span> <span class='ocrx_word' id='word_1_273' title='bbox 511 1960 545 2018; x_wconf 91' lang='grc' dir='ltr'><strong>Τ.</strong></span> <span class='ocrx_word' id='word_1_274' title='bbox 565 1961 712 2031; x_wconf 87' lang='lat' dir='ltr'><strong>deputatos</strong></span> <span class='ocrx_word' id='word_1_275' title='bbox 734 1963 798 2017; x_wconf 84' lang='lat' dir='ltr'><strong>talis</strong></span> <span class='ocrx_word' id='word_1_276' title='bbox 813 1962 868 2018; x_wconf 86' lang='lat' dir='ltr'><strong>fuit</strong></span> <span class='ocrx_word' id='word_1_277' title='bbox 886 1964 961 2033; x_wconf 89' lang='lat' dir='ltr'><strong>crdo,</strong></span> <span class='ocrx_word' id='word_1_278' title='bbox 988 1963 1049 2018; x_wconf 91' lang='lat' dir='ltr'><strong>Deo</strong></span> <span class='ocrx_word' id='word_1_279' title='bbox 1068 1962 1257 2032; x_wconf 82' lang='lat' dir='ltr'><strong>offerentibus,</strong></span> <span class='ocrx_word' id='word_1_280' title='bbox 1278 1980 1333 2034; x_wconf 90' lang='lat' dir='ltr'><strong>quo</strong></span> <span class='ocrx_word' id='word_1_281' title='bbox 1352 1980 1435 2019; x_wconf 89' lang='lat' dir='ltr'><strong>sensu</strong></span> <span class='ocrx_word' id='word_1_282' title='bbox 1449 1979 1482 2018; x_wconf 90' lang='lat' dir='ltr'><strong>ac</strong></span> <span class='ocrx_word' id='word_1_283' title='bbox 1502 1968 1630 2034; x_wconf 82' lang='lat' dir='ltr'><strong>respectu</strong></span> <span class='ocrx_word' id='word_1_284' title='bbox 1647 1977 1741 2018; x_wconf 90' lang='lat' dir='ltr'><strong>omnes</strong></span> <span class='ocrx_word' id='word_1_285' title='bbox 1755 1977 1819 2016; x_wconf 84' lang='lat' dir='ltr'><strong>vere</strong></span> 
     </span>
     <span class='ocr_line' id='line_1_21' title="bbox 133 2033 1819 2122; baseline 0.001 -23"><span class='ocrx_word' id='word_1_286' title='bbox 133 2051 253 2100; x_wconf 90' lang='lat' dir='ltr'><strong>utunus</strong></span> <span class='ocrx_word' id='word_1_287' title='bbox 270 2047 360 2102; x_wconf 89' lang='lat' dir='ltr'><strong>exeis</strong></span> <span class='ocrx_word' id='word_1_288' title='bbox 378 2054 588 2103; x_wconf 88' lang='lat' dir='ltr'><strong>essetsummus</strong></span> <span class='ocrx_word' id='word_1_289' title='bbox 617 2048 759 2114; x_wconf 60' lang='lat' dir='ltr'><strong>sacam,</strong></span> <span class='ocrx_word' id='word_1_290' title='bbox 781 2033 872 2122; x_wconf 65' lang='lat' dir='ltr'><strong>bisin</strong></span> <span class='ocrx_word' id='word_1_291' title='bbox 895 2037 965 2119; x_wconf 52' lang='lat' dir='ltr'><strong>title,</strong></span> <span class='ocrx_word' id='word_1_292' title='bbox 988 2049 1027 2119; x_wconf 91' lang='lat' dir='ltr'><strong>pii</strong></span> <span class='ocrx_word' id='word_1_293' title='bbox 1043 2048 1173 2105; x_wconf 91' lang='lat' dir='ltr'><strong>dicuntur</strong></span> <span class='ocrx_word' id='word_1_294' title='bbox 1196 2049 1361 2105; x_wconf 83' lang='lat' dir='ltr'><strong>sacerdotes.</strong></span> <span class='ocrx_word' id='word_1_295' title='bbox 1398 2051 1476 2116; x_wconf 84' lang='lat' dir='ltr'><strong>Quae</strong></span> <span class='ocrx_word' id='word_1_296' title='bbox 1501 2049 1637 2120; x_wconf 77' lang='lat' dir='ltr'><strong>posterior</strong></span> <span class='ocrx_word' id='word_1_297' title='bbox 1653 2046 1819 2119; x_wconf 85' lang='lat' dir='ltr'><strong>significatio</strong></span> 
     </span>
     <span class='ocr_line' id='line_1_22' title="bbox 133 2119 1818 2207; baseline 0.001 -22"><span class='ocrx_word' id='word_1_298' title='bbox 133 2131 261 2186; x_wconf 86' lang='lat' dir='ltr'><strong>sacerdos</strong></span> <span class='ocrx_word' id='word_1_299' title='bbox 278 2148 404 2204; x_wconf 87' lang='lat' dir='ltr'><strong>magnus,</strong></span> <span class='ocrx_word' id='word_1_300' title='bbox 432 2139 461 2190; x_wconf 91' lang='lat' dir='ltr'><strong>et</strong></span> <span class='ocrx_word' id='word_1_301' title='bbox 491 2121 588 2207; x_wconf 55' lang='lat' dir='ltr'><strong>lli-*⁸5²2</strong></span> <span class='ocrx_word' id='word_1_302' title='bbox 611 2119 680 2201; x_wconf 60' lang='lat'><strong>1²25,</strong></span> <span class='ocrx_word' id='word_1_303' title='bbox 701 2135 829 2192; x_wconf 79' lang='lat' dir='ltr'><strong>sacerdos</strong></span> <span class='ocrx_word' id='word_1_304' title='bbox 857 2135 963 2206; x_wconf 88' lang='lat' dir='ltr'><strong>primus</strong></span> <span class='ocrx_word' id='word_1_305' title='bbox 989 2135 1086 2191; x_wconf 88' lang='lat' dir='ltr'><strong>itidem</strong></span> <span class='ocrx_word' id='word_1_306' title='bbox 1109 2135 1229 2191; x_wconf 87' lang='lat' dir='ltr'><strong>occurrit</strong></span> <span class='ocrx_word' id='word_1_307' title='bbox 1255 2136 1284 2189; x_wconf 91' lang='lat' dir='ltr'><strong>in</strong></span> <span class='ocrx_word' id='word_1_308' title='bbox 1308 2136 1419 2205; x_wconf 87' lang='lat' dir='ltr'><strong>scriptis</strong></span> <span class='ocrx_word' id='word_1_309' title='bbox 1442 2141 1574 2190; x_wconf 86' lang='lat' dir='ltr'><strong>veterum.</strong></span> <span class='ocrx_word' id='word_1_310' title='bbox 1611 2132 1766 2205; x_wconf 77' lang='lat' dir='ltr'><strong>Cyprianus</strong></span> <span class='ocrx_word' id='word_1_311' title='bbox 1790 2134 1818 2187; x_wconf 86' lang='lat' dir='ltr'><strong>in</strong></span> 
     </span>
     <span class='ocr_line' id='line_1_23' title="bbox 133 2216 1820 2293; baseline 0.001 -22"><span class='ocrx_word' id='word_1_312' title='bbox 133 2216 238 2284; x_wconf 78' lang='lat' dir='ltr'><strong>dictm,</strong></span> <span class='ocrx_word' id='word_1_313' title='bbox 263 2218 364 2290; x_wconf 86' lang='lat' dir='ltr'><strong>reliqui</strong></span> <span class='ocrx_word' id='word_1_314' title='bbox 388 2237 453 2276; x_wconf 85' lang='lat' dir='ltr'><strong>sero</strong></span> <span class='ocrx_word' id='word_1_315' title='bbox 476 2220 642 2277; x_wconf 87' lang='lat' dir='ltr'><strong>dicebantur</strong></span> <span class='ocrx_word' id='word_1_316' title='bbox 661 2224 823 2276; x_wconf 69' lang='lat' dir='ltr'><strong>sucadmss</strong></span> <span class='ocrx_word' id='word_1_317' title='bbox 845 2222 963 2276; x_wconf 89' lang='lat' dir='ltr'><strong>secundi</strong></span> <span class='ocrx_word' id='word_1_318' title='bbox 987 2220 1004 2277; x_wconf 87' lang='lat' dir='ltr'><strong>l</strong></span> <span class='ocrx_word' id='word_1_319' title='bbox 1024 2220 1059 2277; x_wconf 91' lang='lat' dir='ltr'><strong>de</strong></span> <span class='ocrx_word' id='word_1_320' title='bbox 1080 2220 1210 2276; x_wconf 89' lang='lat' dir='ltr'><strong>unctione</strong></span> <span class='ocrx_word' id='word_1_321' title='bbox 1227 2221 1380 2276; x_wconf 88' lang='lat' dir='ltr'><strong>chrismatis</strong></span> <span class='ocrx_word' id='word_1_322' title='bbox 1397 2239 1425 2293; x_wconf 91' lang='lat' dir='ltr'><strong>p.</strong></span> <span class='ocrx_word' id='word_1_323' title='bbox 1447 2227 1509 2277; x_wconf 82' lang='lat' dir='ltr'><strong>ote:</strong></span> <span class='ocrx_word' id='word_1_324' title='bbox 1533 2221 1695 2290; x_wconf 82' lang='lat' dir='ltr'><strong>Partics‘pee</strong></span> <span class='ocrx_word' id='word_1_325' title='bbox 1714 2218 1820 2274; x_wconf 77' lang='lat' dir='ltr'><strong>Christi</strong></span> 
     </span>
     <span class='ocr_line' id='line_1_24' title="bbox 132 2304 1816 2379; baseline -0.001 -20"><span class='ocrx_word' id='word_1_326' title='bbox 132 2304 257 2374; x_wconf 67' lang='lat' dir='ltr'><strong>ordina,</strong></span> <span class='ocrx_word' id='word_1_327' title='bbox 281 2306 382 2377; x_wconf 90' lang='lat' dir='ltr'><strong>quibus</strong></span> <span class='ocrx_word' id='word_1_328' title='bbox 406 2306 600 2363; x_wconf 87' lang='lat' dir='ltr'><strong>ministrabant</strong></span> <span class='ocrx_word' id='word_1_329' title='bbox 626 2308 748 2374; x_wconf 80' lang='lat' dir='ltr'><strong>Levitae,</strong></span> <span class='ocrx_word' id='word_1_330' title='bbox 779 2308 814 2362; x_wconf 90' lang='lat' dir='ltr'><strong>de</strong></span> <span class='ocrx_word' id='word_1_331' title='bbox 845 2323 961 2379; x_wconf 91' lang='lat' dir='ltr'><strong>quorum</strong></span> <span class='ocrx_word' id='word_1_332' title='bbox 988 2315 1120 2376; x_wconf 78' lang='lat' dir='ltr'><strong>quotquot</strong></span> <span class='ocrx_word' id='word_1_333' title='bbox 1142 2315 1219 2370; x_wconf 86' lang='lat' dir='ltr'><strong>sunt,</strong></span> <span class='ocrx_word' id='word_1_334' title='bbox 1248 2315 1392 2361; x_wconf 77' lang='lat' dir='ltr'><strong>consortes</strong></span> <span class='ocrx_word' id='word_1_335' title='bbox 1408 2309 1465 2361; x_wconf 88' lang='lat' dir='ltr'><strong>sint</strong></span> <span class='ocrx_word' id='word_1_336' title='bbox 1488 2315 1546 2360; x_wconf 78' lang='lat' dir='ltr'><strong>tuns</strong></span> <span class='ocrx_word' id='word_1_337' title='bbox 1566 2307 1714 2371; x_wconf 63' lang='lat' dir='ltr'><strong>unumne,</strong></span> <span class='ocrx_word' id='word_1_338' title='bbox 1735 2324 1816 2375; x_wconf 79' lang='lat' dir='ltr'><strong>quarn</strong></span> 
     </span>
     <span class='ocr_line' id='line_1_25' title="bbox 131 2389 1819 2463; baseline -0.001 -16"><span class='ocrx_word' id='word_1_339' title='bbox 131 2389 279 2463; x_wconf 73' lang='lat' dir='ltr'><strong>gradibus,</strong></span> <span class='ocrx_word' id='word_1_340' title='bbox 306 2391 405 2448; x_wconf 84' lang='lat' dir='ltr'><strong>officiis</strong></span> <span class='ocrx_word' id='word_1_341' title='bbox 423 2398 452 2448; x_wconf 91' lang='lat' dir='ltr'><strong>et</strong></span> <span class='ocrx_word' id='word_1_342' title='bbox 474 2393 632 2451; x_wconf 88' lang='lat' dir='ltr'><strong>discrimine</strong></span> <span class='ocrx_word' id='word_1_343' title='bbox 648 2394 721 2450; x_wconf 79' lang='lat' dir='ltr'><strong>inira</strong></span> <span class='ocrx_word' id='word_1_344' title='bbox 741 2395 857 2450; x_wconf 88' lang='lat' dir='ltr'><strong>dicetur.</strong></span> <span class='ocrx_word' id='word_1_345' title='bbox 892 2395 959 2449; x_wconf 67' lang='grc' dir='ltr'><strong>Κατ’</strong></span> <span class='ocrx_word' id='word_1_346' title='bbox 986 2394 1107 2446; x_wconf 85' lang='lat' dir='ltr'><strong>nominis</strong></span> <span class='ocrx_word' id='word_1_347' title='bbox 1132 2401 1159 2446; x_wconf 90' lang='lat' dir='ltr'><strong>et</strong></span> <span class='ocrx_word' id='word_1_348' title='bbox 1177 2394 1309 2447; x_wconf 67' lang='lat' dir='ltr'><strong>deantur</strong></span> <span class='ocrx_word' id='word_1_349' title='bbox 1333 2411 1352 2446; x_wconf 89' lang='lat' dir='ltr'><strong>a</strong></span> <span class='ocrx_word' id='word_1_350' title='bbox 1378 2393 1489 2448; x_wconf 69' lang='lat' dir='ltr'><strong>contro</strong></span> <span class='ocrx_word' id='word_1_351' title='bbox 1515 2391 1683 2459; x_wconf 71' lang='lat' dir='ltr'><strong>Christiani,</strong></span> <span class='ocrx_word' id='word_1_352' title='bbox 1712 2399 1744 2445; x_wconf 92' lang='lat' dir='ltr'><strong>ut</strong></span> <span class='ocrx_word' id='word_1_353' title='bbox 1763 2393 1819 2446; x_wconf 84' lang='lat' dir='ltr'><strong>sint</strong></span> 
     </span>
     <span class='ocr_line' id='line_1_26' title="bbox 131 2474 1848 2553; baseline 0.001 -23"><span class='ocrx_word' id='word_1_354' title='bbox 131 2474 229 2546; x_wconf 65' lang='lat' dir='ltr'><strong>lingis</strong></span> <span class='ocrx_word' id='word_1_355' title='bbox 246 2478 398 2533; x_wconf 87' lang='lat' dir='ltr'><strong>sacerdotis</strong></span> <span class='ocrx_word' id='word_1_356' title='bbox 417 2479 568 2550; x_wconf 90' lang='lat' dir='ltr'><strong>appellatio</strong></span> <span class='ocrx_word' id='word_1_357' title='bbox 587 2480 720 2536; x_wconf 81' lang='lat' dir='ltr'><strong>tribuitur</strong></span> <span class='ocrx_word' id='word_1_358' title='bbox 736 2479 860 2551; x_wconf 81' lang='lat' dir='ltr'><strong>Christo,</strong></span> <span class='ocrx_word' id='word_1_359' title='bbox 880 2483 960 2553; x_wconf 89' lang='lat' dir='ltr'><strong>cujus</strong></span> <span class='ocrx_word' id='word_1_360' title='bbox 986 2480 1035 2532; x_wconf 74' lang='lat' dir='ltr'><strong>aab</strong></span> <span class='ocrx_word' id='word_1_361' title='bbox 1054 2478 1166 2534; x_wconf 74' lang='lat' dir='ltr'><strong>Christo</strong></span> <span class='ocrx_word' id='word_1_362' title='bbox 1186 2483 1258 2534; x_wconf 86' lang='lat' dir='ltr'><strong>duce</strong></span> <span class='ocrx_word' id='word_1_363' title='bbox 1275 2487 1398 2534; x_wconf 78' lang='lat' dir='ltr'><strong>recures</strong></span> <span class='ocrx_word' id='word_1_364' title='bbox 1420 2488 1446 2535; x_wconf 88' lang='lat' dir='ltr'><strong>et</strong></span> <span class='ocrx_word' id='word_1_365' title='bbox 1466 2481 1551 2534; x_wconf 89' lang='lat' dir='ltr'><strong>duces</strong></span> <span class='ocrx_word' id='word_1_366' title='bbox 1569 2486 1596 2532; x_wconf 87' lang='lat' dir='ltr'><strong>et</strong></span> <span class='ocrx_word' id='word_1_367' title='bbox 1615 2480 1735 2548; x_wconf 85' lang='lat' dir='ltr'><strong>offerunt</strong></span> <span class='ocrx_word' id='word_1_368' title='bbox 1754 2481 1818 2532; x_wconf 89' lang='lat' dir='ltr'><strong>Deo</strong></span> <span class='ocrx_word' id='word_1_369' title='bbox 1845 2516 1848 2521; x_wconf 86' lang='lat'>-</span> 
     </span>
     <span class='ocr_line' id='line_1_27' title="bbox 130 2562 1817 2635; baseline -0.001 -18"><span class='ocrx_word' id='word_1_370' title='bbox 130 2562 191 2634; x_wconf 79' lang='lat' dir='ltr'><strong>typi</strong></span> <span class='ocrx_word' id='word_1_371' title='bbox 228 2562 341 2619; x_wconf 74' lang='lat' dir='ltr'><strong>sumunt</strong></span> <span class='ocrx_word' id='word_1_372' title='bbox 379 2580 474 2621; x_wconf 88' lang='lat' dir='ltr'><strong>omnes</strong></span> <span class='ocrx_word' id='word_1_373' title='bbox 502 2565 622 2623; x_wconf 78' lang='lat' dir='ltr'><strong>Levitici</strong></span> <span class='ocrx_word' id='word_1_374' title='bbox 660 2566 817 2623; x_wconf 84' lang='lat' dir='ltr'><strong>sacerdotes</strong></span> <span class='ocrx_word' id='word_1_375' title='bbox 854 2567 888 2623; x_wconf 85' lang='lat' dir='ltr'><strong>V.</strong></span> <span class='ocrx_word' id='word_1_376' title='bbox 926 2567 959 2622; x_wconf 87' lang='lat' dir='ltr'><strong>T.</strong></span> <span class='ocrx_word' id='word_1_377' title='bbox 987 2565 1181 2634; x_wconf 79' lang='lat' dir='ltr'><strong>quotidianum</strong></span> <span class='ocrx_word' id='word_1_378' title='bbox 1208 2567 1393 2635; x_wconf 61' lang='lat' dir='ltr'><strong>sacrficium,</strong></span> <span class='ocrx_word' id='word_1_379' title='bbox 1425 2564 1555 2620; x_wconf 84' lang='lat' dir='ltr'><strong>ordinati</strong></span> <span class='ocrx_word' id='word_1_380' title='bbox 1582 2582 1601 2618; x_wconf 88' lang='lat' dir='ltr'><strong>u</strong></span> <span class='ocrx_word' id='word_1_381' title='bbox 1632 2564 1695 2618; x_wconf 89' lang='lat' dir='ltr'><strong>Deo</strong></span> <span class='ocrx_word' id='word_1_382' title='bbox 1717 2566 1817 2617; x_wconf 75' lang='lat' dir='ltr'><strong>eandi-</strong></span> 
     </span>
     <span class='ocr_line' id='line_1_28' title="bbox 129 2646 1818 2723; baseline -0.001 -19"><span class='ocrx_word' id='word_1_383' title='bbox 129 2646 232 2705; x_wconf 86' lang='lat' dir='ltr'><strong>Psalm.</strong></span> <span class='ocrx_word' id='word_1_384' title='bbox 252 2655 313 2719; x_wconf 83' lang='grc'>110,</span> <span class='ocrx_word' id='word_1_385' title='bbox 337 2667 363 2706; x_wconf 80' lang='lat' dir='ltr'><strong>s.</strong></span> <span class='ocrx_word' id='word_1_386' title='bbox 383 2657 408 2708; x_wconf 80' lang='lat'><strong>4.</strong></span> <span class='ocrx_word' id='word_1_387' title='bbox 443 2650 693 2721; x_wconf 81' lang='lat' dir='ltr'><strong>Zacb.b,v.1³.</strong></span> <span class='ocrx_word' id='word_1_388' title='bbox 728 2653 866 2723; x_wconf 72' lang='lat' dir='ltr'><strong>Hebri,</strong></span> <span class='ocrx_word' id='word_1_389' title='bbox 889 2671 915 2707; x_wconf 84' lang='lat' dir='ltr'><strong>v.</strong></span> <span class='ocrx_word' id='word_1_390' title='bbox 935 2659 959 2710; x_wconf 84' lang='lat'><strong>6.</strong></span> <span class='ocrx_word' id='word_1_391' title='bbox 985 2652 1274 2709; x_wconf 85' lang='lat' dir='ltr'><strong>moniaesucerdotes.</strong></span> <span class='ocrx_word' id='word_1_392' title='bbox 1310 2650 1818 2723; x_wconf 72' lang='lat' dir='ltr'><strong>cyriuninLu.tom1,co1.tss:</strong></span> 
     </span>
     <span class='ocr_line' id='line_1_29' title="bbox 130 2735 1820 2812; baseline -0.001 -21"><span class='ocrx_word' id='word_1_393' title='bbox 130 2751 152 2792; x_wconf 90' lang='lat' dir='ltr'><strong>c.</strong></span> <span class='ocrx_word' id='word_1_394' title='bbox 158 2740 183 2801; x_wconf 79' lang='lat' dir='ltr'><strong>t,</strong></span> <span class='ocrx_word' id='word_1_395' title='bbox 194 2752 221 2792; x_wconf 77' lang='lat' dir='ltr'><strong>v.</strong></span> <span class='ocrx_word' id='word_1_396' title='bbox 228 2739 251 2792; x_wconf 79' lang='lat' dir='ltr'><strong>b.</strong></span> <span class='ocrx_word' id='word_1_397' title='bbox 263 2737 301 2792; x_wconf 83' lang='lat' dir='ltr'><strong>Ju</strong></span> <span class='ocrx_word' id='word_1_398' title='bbox 308 2735 382 2792; x_wconf 68' lang='lat' dir='ltr'><strong>Nu.</strong></span> <span class='ocrx_word' id='word_1_399' title='bbox 388 2739 539 2794; x_wconf 90' lang='lat' dir='ltr'><strong>sacerdotis</strong></span> <span class='ocrx_word' id='word_1_400' title='bbox 551 2739 703 2810; x_wconf 89' lang='lat' dir='ltr'><strong>appellatio</strong></span> <span class='ocrx_word' id='word_1_401' title='bbox 712 2738 811 2795; x_wconf 89' lang='lat' dir='ltr'><strong>nullibi</strong></span> <span class='ocrx_word' id='word_1_402' title='bbox 823 2739 852 2794; x_wconf 91' lang='lat' dir='ltr'><strong>in</strong></span> <span class='ocrx_word' id='word_1_403' title='bbox 867 2739 960 2812; x_wconf 88' lang='lat' dir='ltr'><strong>specle</strong></span> <span class='ocrx_word' id='word_1_404' title='bbox 986 2739 1086 2792; x_wconf 84' lang='lat' dir='ltr'><strong>Omnes</strong></span> <span class='ocrx_word' id='word_1_405' title='bbox 1104 2738 1257 2808; x_wconf 83' lang='lat' dir='ltr'><strong>quicunque</strong></span> <span class='ocrx_word' id='word_1_406' title='bbox 1274 2746 1413 2807; x_wconf 72' lang='lat' dir='ltr'><strong>unguento</strong></span> <span class='ocrx_word' id='word_1_407' title='bbox 1428 2738 1507 2792; x_wconf 86' lang='lat' dir='ltr'><strong>sacri</strong></span> <span class='ocrx_word' id='word_1_408' title='bbox 1524 2738 1684 2791; x_wconf 81' lang='lat' dir='ltr'><strong>cbrisnsatie</strong></span> <span class='ocrx_word' id='word_1_409' title='bbox 1699 2737 1820 2792; x_wconf 80' lang='lat' dir='ltr'><strong>delibuti</strong></span> 
     </span>
     <span class='ocr_line' id='line_1_30' title="bbox 129 2818 1814 2898; baseline 0 -22"><span class='ocrx_word' id='word_1_410' title='bbox 129 2818 260 2876; x_wconf 79' lang='lat' dir='ltr'><strong>tribuitur</strong></span> <span class='ocrx_word' id='word_1_411' title='bbox 277 2821 408 2878; x_wconf 83' lang='lat' dir='ltr'><strong>ministris</strong></span> <span class='ocrx_word' id='word_1_412' title='bbox 425 2824 570 2892; x_wconf 90' lang='lat' dir='ltr'><strong>ecclesiae,</strong></span> <span class='ocrx_word' id='word_1_413' title='bbox 595 2829 644 2880; x_wconf 90' lang='lat' dir='ltr'><strong>sed</strong></span> <span class='ocrx_word' id='word_1_414' title='bbox 663 2826 691 2880; x_wconf 93' lang='lat' dir='ltr'><strong>in</strong></span> <span class='ocrx_word' id='word_1_415' title='bbox 711 2843 813 2898; x_wconf 90' lang='lat' dir='ltr'><strong>genere</strong></span> <span class='ocrx_word' id='word_1_416' title='bbox 831 2825 959 2881; x_wconf 86' lang='lat' dir='ltr'><strong>omnibus</strong></span> <span class='ocrx_word' id='word_1_417' title='bbox 984 2830 1056 2888; x_wconf 85' lang='lat' dir='ltr'><strong>sunt,</strong></span> <span class='ocrx_word' id='word_1_418' title='bbox 1072 2825 1235 2878; x_wconf 88' lang='lat' dir='ltr'><strong>sacerdotes</strong></span> <span class='ocrx_word' id='word_1_419' title='bbox 1254 2824 1347 2894; x_wconf 79' lang='lat' dir='ltr'><strong>effecti</strong></span> <span class='ocrx_word' id='word_1_420' title='bbox 1364 2832 1436 2880; x_wconf 88' lang='lat' dir='ltr'><strong>sunt.</strong></span> <span class='ocrx_word' id='word_1_421' title='bbox 1455 2823 1503 2880; x_wconf 87' lang='lat' dir='ltr'><strong>lib.</strong></span> <span class='ocrx_word' id='word_1_422' title='bbox 1525 2822 1814 2880; x_wconf 62' lang='lat' dir='ltr'><strong>toccianellum:</strong></span> 
     </span>
     <span class='ocr_line' id='line_1_31' title="bbox 128 2904 1816 2982; baseline 0.001 -19"><span class='ocrx_word' id='word_1_423' title='bbox 128 2904 293 2963; x_wconf 65' lang='lat' dir='ltr'><strong>Christiana</strong></span> <span class='ocrx_word' id='word_1_424' title='bbox 308 2922 373 2964; x_wconf 84' lang='lat' dir='ltr'><strong>sere</strong></span> <span class='ocrx_word' id='word_1_425' title='bbox 390 2909 460 2979; x_wconf 87' lang='lat' dir='ltr'><strong>piis,</strong></span> <span class='ocrx_word' id='word_1_426' title='bbox 486 2910 534 2981; x_wconf 90' lang='lat' dir='ltr'><strong>qui</strong></span> <span class='ocrx_word' id='word_1_427' title='bbox 559 2917 625 2966; x_wconf 87' lang='lat' dir='ltr'><strong>sunt</strong></span> <span class='ocrx_word' id='word_1_428' title='bbox 646 2912 723 2966; x_wconf 88' lang='lat' dir='ltr'><strong>uncti</strong></span> <span class='ocrx_word' id='word_1_429' title='bbox 742 2911 846 2982; x_wconf 86' lang='lat' dir='ltr'><strong>Spiritu</strong></span> <span class='ocrx_word' id='word_1_430' title='bbox 873 2912 900 2965; x_wconf 89' lang='lat' dir='ltr'><strong>S.</strong></span> <span class='ocrx_word' id='word_1_431' title='bbox 925 2928 958 2968; x_wconf 88' lang='lat' dir='ltr'><strong>ac</strong></span> <span class='ocrx_word' id='word_1_432' title='bbox 986 2908 1186 2972; x_wconf 68' lang='lat' dir='ltr'><strong>&amp;edicam</strong></span> <span class='ocrx_word' id='word_1_433' title='bbox 1210 2927 1283 2962; x_wconf 83' lang='lat' dir='ltr'><strong>nune</strong></span> <span class='ocrx_word' id='word_1_434' title='bbox 1316 2910 1402 2964; x_wconf 85' lang='lat' dir='ltr'><strong>muita</strong></span> <span class='ocrx_word' id='word_1_435' title='bbox 1426 2910 1526 2964; x_wconf 87' lang='lat' dir='ltr'><strong>melius</strong></span> <span class='ocrx_word' id='word_1_436' title='bbox 1559 2926 1643 2979; x_wconf 78' lang='lat' dir='ltr'><strong>quana</strong></span> <span class='ocrx_word' id='word_1_437' title='bbox 1667 2909 1717 2963; x_wconf 84' lang='lat' dir='ltr'><strong>iili</strong></span> <span class='ocrx_word' id='word_1_438' title='bbox 1740 2910 1816 2965; x_wconf 69' lang='lat' dir='ltr'><strong>olins</strong></span> 
     </span>
     <span class='ocr_line' id='line_1_32' title="bbox 128 2992 1817 3070; baseline 0.001 -23"><span class='ocrx_word' id='word_1_439' title='bbox 128 2992 246 3064; x_wconf 83' lang='lat' dir='ltr'><strong>preinde</strong></span> <span class='ocrx_word' id='word_1_440' title='bbox 266 2992 422 3064; x_wconf 89' lang='lat' dir='ltr'><strong>spirituales</strong></span> <span class='ocrx_word' id='word_1_441' title='bbox 447 2997 602 3052; x_wconf 74' lang='lat' dir='ltr'><strong>sacerdoms</strong></span> <span class='ocrx_word' id='word_1_442' title='bbox 628 2996 775 3054; x_wconf 83' lang='lat' dir='ltr'><strong>offerentes</strong></span> <span class='ocrx_word' id='word_1_443' title='bbox 797 2996 859 3054; x_wconf 89' lang='lat' dir='ltr'><strong>Deo</strong></span> <span class='ocrx_word' id='word_1_444' title='bbox 879 2998 959 3070; x_wconf 90' lang='lat' dir='ltr'><strong>spiri-</strong></span> <span class='ocrx_word' id='word_1_445' title='bbox 984 2995 1138 3048; x_wconf 84' lang='lat' dir='ltr'><strong>Descendit</strong></span> <span class='ocrx_word' id='word_1_446' title='bbox 1156 2996 1228 3049; x_wconf 82' lang='lat' dir='ltr'><strong>enim</strong></span> <span class='ocrx_word' id='word_1_447' title='bbox 1246 2996 1362 3049; x_wconf 70' lang='lat' dir='ltr'><strong>coelius</strong></span> <span class='ocrx_word' id='word_1_448' title='bbox 1379 3012 1435 3049; x_wconf 88' lang='lat' dir='ltr'><strong>non</strong></span> <span class='ocrx_word' id='word_1_449' title='bbox 1454 2997 1595 3050; x_wconf 85' lang='lat' dir='ltr'><strong>sensibilis</strong></span> <span class='ocrx_word' id='word_1_450' title='bbox 1613 2995 1696 3063; x_wconf 71' lang='lat' dir='ltr'><strong>ienis,</strong></span> <span class='ocrx_word' id='word_1_451' title='bbox 1715 2997 1768 3049; x_wconf 83' lang='lat' dir='ltr'><strong>sed</strong></span> <span class='ocrx_word' id='word_1_452' title='bbox 1785 3013 1817 3048; x_wconf 79' lang='lat' dir='ltr'><strong>sa</strong></span> 
     </span>
     <span class='ocr_line' id='line_1_33' title="bbox 128 3078 1816 3151; baseline 0.001 -16"><span class='ocrx_word' id='word_1_453' title='bbox 128 3078 218 3135; x_wconf 79' lang='lat' dir='ltr'><strong>tuales</strong></span> <span class='ocrx_word' id='word_1_454' title='bbox 236 3079 371 3147; x_wconf 76' lang='lat' dir='ltr'><strong>victimas,</strong></span> <span class='ocrx_word' id='word_1_455' title='bbox 393 3082 481 3151; x_wconf 85' lang='lat' dir='ltr'><strong>Apoc.</strong></span> <span class='ocrx_word' id='word_1_456' title='bbox 509 3087 537 3149; x_wconf 86' lang='lat' dir='ltr'><strong>t,</strong></span> <span class='ocrx_word' id='word_1_457' title='bbox 560 3101 586 3137; x_wconf 86' lang='lat' dir='ltr'><strong>v.</strong></span> <span class='ocrx_word' id='word_1_458' title='bbox 614 3088 643 3138; x_wconf 82' lang='lat'><strong>6:</strong></span> <span class='ocrx_word' id='word_1_459' title='bbox 668 3081 797 3137; x_wconf 80' lang='lat' dir='ltr'><strong>Giristrss</strong></span> <span class='ocrx_word' id='word_1_460' title='bbox 819 3085 890 3147; x_wconf 79' lang='lat' dir='ltr'><strong>fecit</strong></span> <span class='ocrx_word' id='word_1_461' title='bbox 907 3101 959 3138; x_wconf 88' lang='lat' dir='ltr'><strong>nos</strong></span> <span class='ocrx_word' id='word_1_462' title='bbox 985 3082 1072 3135; x_wconf 89' lang='lat' dir='ltr'><strong>Patre</strong></span> <span class='ocrx_word' id='word_1_463' title='bbox 1093 3097 1148 3150; x_wconf 86' lang='lat' dir='ltr'><strong>per</strong></span> <span class='ocrx_word' id='word_1_464' title='bbox 1165 3082 1273 3135; x_wconf 71' lang='lat' dir='ltr'><strong>dilium</strong></span> <span class='ocrx_word' id='word_1_465' title='bbox 1301 3083 1427 3151; x_wconf 78' lang='lat' dir='ltr'><strong>Spiritus</strong></span> <span class='ocrx_word' id='word_1_466' title='bbox 1448 3101 1468 3136; x_wconf 87' lang='lat' dir='ltr'><strong>s.</strong></span> <span class='ocrx_word' id='word_1_467' title='bbox 1494 3083 1643 3136; x_wconf 84' lang='lat' dir='ltr'><strong>illustrans</strong></span> <span class='ocrx_word' id='word_1_468' title='bbox 1663 3083 1816 3137; x_wconf 87' lang='lat' dir='ltr'><strong>ecclesiam.</strong></span> 
     </span>
     <span class='ocr_line' id='line_1_34' title="bbox 128 3167 1817 3242; baseline 0.003 -25"><span class='ocrx_word' id='word_1_469' title='bbox 128 3181 208 3232; x_wconf 79' lang='lat' dir='ltr'><strong>repes</strong></span> <span class='ocrx_word' id='word_1_470' title='bbox 225 3172 251 3218; x_wconf 89' lang='lat' dir='ltr'><strong>et</strong></span> <span class='ocrx_word' id='word_1_471' title='bbox 270 3169 444 3237; x_wconf 89' lang='lat' dir='ltr'><strong>sacerdotes,</strong></span> <span class='ocrx_word' id='word_1_472' title='bbox 468 3185 490 3222; x_wconf 92' lang='lat' dir='ltr'><strong>c.</strong></span> <span class='ocrx_word' id='word_1_473' title='bbox 510 3174 540 3238; x_wconf 84' lang='lat'><strong>5,</strong></span> <span class='ocrx_word' id='word_1_474' title='bbox 565 3185 591 3222; x_wconf 85' lang='lat' dir='ltr'><strong>v.</strong></span> <span class='ocrx_word' id='word_1_475' title='bbox 619 3175 657 3224; x_wconf 81' lang='lat' dir='ltr'><strong>ib.</strong></span> <span class='ocrx_word' id='word_1_476' title='bbox 684 3186 708 3225; x_wconf 91' lang='lat' dir='ltr'><strong>c.</strong></span> <span class='ocrx_word' id='word_1_477' title='bbox 730 3174 777 3238; x_wconf 81' lang='lat'><strong>20,</strong></span> <span class='ocrx_word' id='word_1_478' title='bbox 801 3185 828 3222; x_wconf 79' lang='lat' dir='ltr'><strong>r.</strong></span> <span class='ocrx_word' id='word_1_479' title='bbox 851 3176 875 3225; x_wconf 81' lang='grc'><strong>6.</strong></span> <span class='ocrx_word' id='word_1_480' title='bbox 902 3187 958 3241; x_wconf 90' lang='lat' dir='ltr'><strong>quo</strong></span> <span class='ocrx_word' id='word_1_481' title='bbox 984 3167 1157 3221; x_wconf 75' lang='lat' dir='ltr'><strong>Adhibentur</strong></span> <span class='ocrx_word' id='word_1_482' title='bbox 1168 3175 1262 3222; x_wconf 87' lang='lat' dir='ltr'><strong>autem</strong></span> <span class='ocrx_word' id='word_1_483' title='bbox 1276 3177 1302 3222; x_wconf 82' lang='lat' dir='ltr'><strong>et</strong></span> <span class='ocrx_word' id='word_1_484' title='bbox 1320 3169 1478 3237; x_wconf 77' lang='lat' dir='ltr'><strong>sacrificia,</strong></span> <span class='ocrx_word' id='word_1_485' title='bbox 1491 3168 1657 3242; x_wconf 75' lang='lat' dir='ltr'><strong>spiritualia</strong></span> <span class='ocrx_word' id='word_1_486' title='bbox 1666 3168 1775 3222; x_wconf 84' lang='lat' dir='ltr'><strong>scilieet</strong></span> <span class='ocrx_word' id='word_1_487' title='bbox 1791 3178 1817 3223; x_wconf 89' lang='lat' dir='ltr'><strong>st</strong></span> 
     </span>
     <span class='ocr_line' id='line_1_35' title="bbox 105 3250 1817 3324; baseline 0.001 -17"><span class='ocrx_word' id='word_1_488' title='bbox 105 3250 248 3319; x_wconf 79' lang='lat' dir='ltr'><strong>,pertinet</strong></span> <span class='ocrx_word' id='word_1_489' title='bbox 264 3251 347 3307; x_wconf 86' lang='lat' dir='ltr'><strong>etiam</strong></span> <span class='ocrx_word' id='word_1_490' title='bbox 364 3252 442 3307; x_wconf 91' lang='lat' dir='ltr'><strong>locus</strong></span> <span class='ocrx_word' id='word_1_491' title='bbox 461 3254 628 3323; x_wconf 86' lang='lat' dir='ltr'><strong>apostolicus</strong></span> <span class='ocrx_word' id='word_1_492' title='bbox 641 3260 663 3311; x_wconf 89' lang='lat'><strong>1.</strong></span> <span class='ocrx_word' id='word_1_493' title='bbox 681 3253 742 3309; x_wconf 90' lang='lat' dir='ltr'><strong>Pet.</strong></span> <span class='ocrx_word' id='word_1_494' title='bbox 761 3260 787 3322; x_wconf 84' lang='lat'><strong>2,</strong></span> <span class='ocrx_word' id='word_1_495' title='bbox 803 3272 828 3309; x_wconf 88' lang='lat' dir='ltr'><strong>v.</strong></span> <span class='ocrx_word' id='word_1_496' title='bbox 849 3261 878 3310; x_wconf 81' lang='lat' dir='ltr'><strong>b:</strong></span> <span class='ocrx_word' id='word_1_497' title='bbox 904 3255 958 3308; x_wconf 88' lang='lat' dir='ltr'><strong>Vos</strong></span> <span class='ocrx_word' id='word_1_498' title='bbox 984 3253 1129 3307; x_wconf 82' lang='lat' dir='ltr'><strong>mentalis.</strong></span> <span class='ocrx_word' id='word_1_499' title='bbox 1165 3255 1240 3307; x_wconf 88' lang='lat' dir='ltr'><strong>Nam</strong></span> <span class='ocrx_word' id='word_1_500' title='bbox 1268 3254 1316 3306; x_wconf 84' lang='lat' dir='ltr'><strong>iili</strong></span> <span class='ocrx_word' id='word_1_501' title='bbox 1337 3254 1449 3322; x_wconf 85' lang='lat' dir='ltr'><strong>quidem</strong></span> <span class='ocrx_word' id='word_1_502' title='bbox 1472 3254 1623 3324; x_wconf 72' lang='lat' dir='ltr'><strong>offerebant</strong></span> <span class='ocrx_word' id='word_1_503' title='bbox 1646 3256 1709 3308; x_wconf 86' lang='lat' dir='ltr'><strong>Deo</strong></span> <span class='ocrx_word' id='word_1_504' title='bbox 1727 3255 1817 3322; x_wconf 73' lang='lat' dir='ltr'><strong>bonu,</strong></span> 
     </span>
     <span class='ocr_line' id='line_1_36' title="bbox 130 3339 1816 3410; baseline 0.001 -19"><span class='ocrx_word' id='word_1_505' title='bbox 130 3339 195 3391; x_wconf 86' lang='lat' dir='ltr'><strong>estis</strong></span> <span class='ocrx_word' id='word_1_506' title='bbox 210 3339 401 3393; x_wconf 63' lang='lat' dir='ltr'><strong>sonnacium</strong></span> <span class='ocrx_word' id='word_1_507' title='bbox 419 3348 561 3408; x_wconf 85' lang='lat' dir='ltr'><strong>sunctum,</strong></span> <span class='ocrx_word' id='word_1_508' title='bbox 588 3349 619 3393; x_wconf 90' lang='lat' dir='ltr'><strong>ut</strong></span> <span class='ocrx_word' id='word_1_509' title='bbox 643 3341 769 3410; x_wconf 85' lang='lat' dir='ltr'><strong>offeratis</strong></span> <span class='ocrx_word' id='word_1_510' title='bbox 792 3340 957 3410; x_wconf 78' lang='lat' dir='ltr'><strong>spirituales</strong></span> <span class='ocrx_word' id='word_1_511' title='bbox 986 3356 1063 3402; x_wconf 88' lang='lat' dir='ltr'><strong>oues,</strong></span> <span class='ocrx_word' id='word_1_512' title='bbox 1084 3346 1208 3394; x_wconf 87' lang='lat' dir='ltr'><strong>turtures</strong></span> <span class='ocrx_word' id='word_1_513' title='bbox 1225 3347 1252 3392; x_wconf 87' lang='lat' dir='ltr'><strong>et</strong></span> <span class='ocrx_word' id='word_1_514' title='bbox 1267 3339 1423 3405; x_wconf 80' lang='lat' dir='ltr'><strong>colssmbas,</strong></span> <span class='ocrx_word' id='word_1_515' title='bbox 1446 3348 1473 3392; x_wconf 88' lang='lat' dir='ltr'><strong>et</strong></span> <span class='ocrx_word' id='word_1_516' title='bbox 1491 3356 1523 3394; x_wconf 80' lang='lat' dir='ltr'><strong>sc</strong></span> <span class='ocrx_word' id='word_1_517' title='bbox 1532 3340 1679 3407; x_wconf 83' lang='lat' dir='ltr'><strong>fructibus</strong></span> <span class='ocrx_word' id='word_1_518' title='bbox 1695 3346 1724 3393; x_wconf 90' lang='lat' dir='ltr'><strong>et</strong></span> <span class='ocrx_word' id='word_1_519' title='bbox 1740 3341 1816 3393; x_wconf 83' lang='lat' dir='ltr'><strong>sinsi-</strong></span> 
     </span>
     <span class='ocr_line' id='line_1_37' title="bbox 128 3422 1817 3496; baseline 0.002 -19"><span class='ocrx_word' id='word_1_520' title='bbox 128 3422 234 3478; x_wconf 84' lang='lat' dir='ltr'><strong>bostias</strong></span> <span class='ocrx_word' id='word_1_521' title='bbox 259 3425 444 3494; x_wconf 78' lang='lat' dir='ltr'><strong>acceptabiles</strong></span> <span class='ocrx_word' id='word_1_522' title='bbox 470 3428 534 3479; x_wconf 88' lang='lat' dir='ltr'><strong>Deo</strong></span> <span class='ocrx_word' id='word_1_523' title='bbox 552 3443 608 3496; x_wconf 82' lang='lat' dir='ltr'><strong>per</strong></span> <span class='ocrx_word' id='word_1_524' title='bbox 631 3426 778 3480; x_wconf 73' lang='lat' dir='ltr'><strong>Cbrsstum.</strong></span> <span class='ocrx_word' id='word_1_525' title='bbox 798 3444 822 3482; x_wconf 87' lang='lat' dir='ltr'><strong>v.</strong></span> <span class='ocrx_word' id='word_1_526' title='bbox 843 3434 872 3483; x_wconf 73' lang='lat'><strong>92</strong></span> <span class='ocrx_word' id='word_1_527' title='bbox 905 3428 959 3482; x_wconf 88' lang='lat' dir='ltr'><strong>Vos</strong></span> <span class='ocrx_word' id='word_1_528' title='bbox 985 3424 1043 3476; x_wconf 85' lang='lat' dir='ltr'><strong>lans</strong></span> <span class='ocrx_word' id='word_1_529' title='bbox 1061 3426 1122 3478; x_wconf 87' lang='lat' dir='ltr'><strong>oleo</strong></span> <span class='ocrx_word' id='word_1_530' title='bbox 1141 3442 1272 3494; x_wconf 86' lang='lat' dir='ltr'><strong>sparsam</strong></span> <span class='ocrx_word' id='word_1_531' title='bbox 1295 3433 1321 3477; x_wconf 88' lang='lat' dir='ltr'><strong>et</strong></span> <span class='ocrx_word' id='word_1_532' title='bbox 1346 3425 1453 3492; x_wconf 60' lang='lat' dir='ltr'><strong>upana</strong></span> <span class='ocrx_word' id='word_1_533' title='bbox 1474 3433 1501 3478; x_wconf 87' lang='lat' dir='ltr'><strong>et</strong></span> <span class='ocrx_word' id='word_1_534' title='bbox 1522 3425 1614 3478; x_wconf 86' lang='lat' dir='ltr'><strong>tbnru.</strong></span> <span class='ocrx_word' id='word_1_535' title='bbox 1649 3427 1710 3480; x_wconf 87' lang='lat' dir='ltr'><strong>Nos</strong></span> <span class='ocrx_word' id='word_1_536' title='bbox 1726 3434 1817 3480; x_wconf 64' lang='lat' dir='ltr'><strong>amem</strong></span> 
     </span>
     <span class='ocr_line' id='line_1_38' title="bbox 128 3510 1817 3585; baseline 0.002 -22"><span class='ocrx_word' id='word_1_537' title='bbox 128 3511 194 3564; x_wconf 80' lang='lat' dir='ltr'><strong>ssts&#39;s</strong></span> <span class='ocrx_word' id='word_1_538' title='bbox 208 3527 296 3578; x_wconf 79' lang='lat' dir='ltr'><strong>genus</strong></span> <span class='ocrx_word' id='word_1_539' title='bbox 308 3511 432 3574; x_wconf 83' lang='lat' dir='ltr'><strong>electum,</strong></span> <span class='ocrx_word' id='word_1_540' title='bbox 444 3512 541 3580; x_wconf 77' lang='lat' dir='ltr'><strong>regale</strong></span> <span class='ocrx_word' id='word_1_541' title='bbox 553 3514 749 3568; x_wconf 82' lang='lat' dir='ltr'><strong>sacerdotium.</strong></span> <span class='ocrx_word' id='word_1_542' title='bbox 784 3513 959 3585; x_wconf 85' lang='lat' dir='ltr'><strong>Augustinus</strong></span> <span class='ocrx_word' id='word_1_543' title='bbox 983 3518 1042 3563; x_wconf 84' lang='lat' dir='ltr'><strong>tom</strong></span> <span class='ocrx_word' id='word_1_544' title='bbox 1061 3527 1158 3564; x_wconf 68' lang='lat' dir='ltr'><strong>masso</strong></span> <span class='ocrx_word' id='word_1_545' title='bbox 1181 3511 1335 3565; x_wconf 85' lang='lat' dir='ltr'><strong>ministerio</strong></span> <span class='ocrx_word' id='word_1_546' title='bbox 1352 3510 1452 3565; x_wconf 85' lang='lat' dir='ltr'><strong>relicto</strong></span> <span class='ocrx_word' id='word_1_547' title='bbox 1473 3519 1656 3581; x_wconf 75' lang='lat' dir='ltr'><strong>praeceptura</strong></span> <span class='ocrx_word' id='word_1_548' title='bbox 1678 3512 1817 3575; x_wconf 63' lang='lat' dir='ltr'><strong>monus,</strong></span> 
     </span>
     <span class='ocr_line' id='line_1_39' title="bbox 128 3595 1818 3671; baseline 0 -19"><span class='ocrx_word' id='word_1_549' title='bbox 128 3596 175 3652; x_wconf 74' lang='lat' dir='ltr'><strong>bt.</strong></span> <span class='ocrx_word' id='word_1_550' title='bbox 192 3601 235 3653; x_wconf 79' lang='lat'><strong>20.</strong></span> <span class='ocrx_word' id='word_1_551' title='bbox 254 3595 289 3651; x_wconf 89' lang='lat' dir='ltr'><strong>de</strong></span> <span class='ocrx_word' id='word_1_552' title='bbox 307 3597 361 3651; x_wconf 85' lang='lat' dir='ltr'><strong>civ.</strong></span> <span class='ocrx_word' id='word_1_553' title='bbox 376 3597 432 3652; x_wconf 88' lang='lat' dir='ltr'><strong>Dei</strong></span> <span class='ocrx_word' id='word_1_554' title='bbox 450 3615 474 3655; x_wconf 90' lang='lat' dir='ltr'><strong>c.</strong></span> <span class='ocrx_word' id='word_1_555' title='bbox 495 3604 542 3653; x_wconf 81' lang='lat'><strong>10:</strong></span> <span class='ocrx_word' id='word_1_556' title='bbox 573 3597 637 3654; x_wconf 79' lang='lat' dir='ltr'><strong>Soti</strong></span> <span class='ocrx_word' id='word_1_557' title='bbox 653 3600 780 3670; x_wconf 79' lang='lat' dir='ltr'><strong>episcopi</strong></span> <span class='ocrx_word' id='word_1_558' title='bbox 795 3618 830 3655; x_wconf 85' lang='lat' dir='ltr'><strong>ac</strong></span> <span class='ocrx_word' id='word_1_559' title='bbox 844 3602 959 3671; x_wconf 74' lang='lat' dir='ltr'><strong>presby·</strong></span> <span class='ocrx_word' id='word_1_560' title='bbox 983 3604 1015 3649; x_wconf 84' lang='lat' dir='ltr'><strong>ut</strong></span> <span class='ocrx_word' id='word_1_561' title='bbox 1033 3604 1112 3650; x_wconf 85' lang='lat' dir='ltr'><strong>tenue</strong></span> <span class='ocrx_word' id='word_1_562' title='bbox 1133 3614 1167 3651; x_wconf 88' lang='lat' dir='ltr'><strong>ac</strong></span> <span class='ocrx_word' id='word_1_563' title='bbox 1185 3597 1338 3668; x_wconf 79' lang='lat' dir='ltr'><strong>spirituale</strong></span> <span class='ocrx_word' id='word_1_564' title='bbox 1356 3606 1381 3650; x_wconf 91' lang='lat' dir='ltr'><strong>et</strong></span> <span class='ocrx_word' id='word_1_565' title='bbox 1397 3598 1496 3651; x_wconf 82' lang='lat' dir='ltr'><strong>subtile</strong></span> <span class='ocrx_word' id='word_1_566' title='bbox 1505 3599 1694 3666; x_wconf 75' lang='lat' dir='ltr'><strong>perficiamus.</strong></span> <span class='ocrx_word' id='word_1_567' title='bbox 1717 3599 1818 3668; x_wconf 83' lang='lat' dir='ltr'><strong>Offeri·</strong></span> 
     </span>
     <span class='ocr_line' id='line_1_40' title="bbox 128 3682 1879 3754; baseline 0.001 -18"><span class='ocrx_word' id='word_1_568' title='bbox 128 3682 183 3737; x_wconf 86' lang='lat' dir='ltr'><strong>teri</strong></span> <span class='ocrx_word' id='word_1_569' title='bbox 208 3682 239 3736; x_wconf 84' lang='lat' dir='ltr'><strong>in</strong></span> <span class='ocrx_word' id='word_1_570' title='bbox 266 3683 385 3737; x_wconf 70' lang='lat' dir='ltr'><strong>ecckma</strong></span> <span class='ocrx_word' id='word_1_571' title='bbox 409 3685 475 3753; x_wconf 81' lang='lat' dir='ltr'><strong>jans</strong></span> <span class='ocrx_word' id='word_1_572' title='bbox 504 3693 640 3739; x_wconf 85' lang='lat' dir='ltr'><strong>uocantur</strong></span> <span class='ocrx_word' id='word_1_573' title='bbox 664 3688 838 3754; x_wconf 80' lang='lat' dir='ltr'><strong>sacerdotes,</strong></span> <span class='ocrx_word' id='word_1_574' title='bbox 865 3704 959 3741; x_wconf 85' lang='lat' dir='ltr'><strong>ornnes</strong></span> <span class='ocrx_word' id='word_1_575' title='bbox 984 3701 1045 3736; x_wconf 85' lang='lat' dir='ltr'><strong>mus</strong></span> <span class='ocrx_word' id='word_1_576' title='bbox 1069 3684 1142 3736; x_wconf 87' lang='lat' dir='ltr'><strong>enim</strong></span> <span class='ocrx_word' id='word_1_577' title='bbox 1164 3684 1195 3737; x_wconf 84' lang='lat' dir='ltr'><strong>in</strong></span> <span class='ocrx_word' id='word_1_578' title='bbox 1213 3685 1328 3738; x_wconf 85' lang='lat' dir='ltr'><strong>odorem</strong></span> <span class='ocrx_word' id='word_1_579' title='bbox 1347 3684 1495 3737; x_wconf 70' lang='lat' dir='ltr'><strong>amramis</strong></span> <span class='ocrx_word' id='word_1_580' title='bbox 1514 3686 1577 3738; x_wconf 91' lang='lat' dir='ltr'><strong>Deo</strong></span> <span class='ocrx_word' id='word_1_581' title='bbox 1600 3684 1714 3738; x_wconf 80' lang='lat' dir='ltr'><strong>uirtrstes</strong></span> <span class='ocrx_word' id='word_1_582' title='bbox 1731 3686 1818 3738; x_wconf 83' lang='lat' dir='ltr'><strong>omni·</strong></span> <span class='ocrx_word' id='word_1_583' title='bbox 1875 3710 1879 3716; x_wconf 61' lang='lat'>&gt;</span> 
     </span>
     <span class='ocr_line' id='line_1_41' title="bbox 128 3769 1818 3842; baseline 0.001 -20"><span class='ocrx_word' id='word_1_584' title='bbox 128 3777 220 3823; x_wconf 76' lang='lat' dir='ltr'><strong>cedern</strong></span> <span class='ocrx_word' id='word_1_585' title='bbox 254 3769 411 3824; x_wconf 65' lang='lat' dir='ltr'><strong>Obrists&#39;m</strong></span> <span class='ocrx_word' id='word_1_586' title='bbox 441 3771 482 3823; x_wconf 84' lang='lat' dir='ltr'><strong>sic</strong></span> <span class='ocrx_word' id='word_1_587' title='bbox 512 3771 646 3825; x_wconf 86' lang='lat' dir='ltr'><strong>dicuntur</strong></span> <span class='ocrx_word' id='word_1_588' title='bbox 669 3781 789 3842; x_wconf 80' lang='lat' dir='ltr'><strong>propter</strong></span> <span class='ocrx_word' id='word_1_589' title='bbox 814 3774 959 3840; x_wconf 76' lang='lat' dir='ltr'><strong>mysticum</strong></span> <span class='ocrx_word' id='word_1_590' title='bbox 983 3785 1086 3836; x_wconf 73' lang='lat' dir='ltr'><strong>acum,</strong></span> <span class='ocrx_word' id='word_1_591' title='bbox 1113 3771 1210 3838; x_wconf 75' lang='lat' dir='ltr'><strong>fidem,</strong></span> <span class='ocrx_word' id='word_1_592' title='bbox 1227 3785 1312 3839; x_wconf 64' lang='lat' dir='ltr'><strong>spera</strong></span> <span class='ocrx_word' id='word_1_593' title='bbox 1332 3770 1496 3834; x_wconf 89' lang='lat' dir='ltr'><strong>caritatem,</strong></span> <span class='ocrx_word' id='word_1_594' title='bbox 1509 3771 1659 3839; x_wconf 73' lang='lat' dir='ltr'><strong>justitiam,</strong></span> <span class='ocrx_word' id='word_1_595' title='bbox 1677 3771 1818 3825; x_wconf 61' lang='lat' dir='ltr'><strong>cananea·</strong></span> 
     </span>
     <span class='ocr_line' id='line_1_42' title="bbox 128 3854 1820 3925; baseline 0.008 -17"><span class='ocrx_word' id='word_1_596' title='bbox 128 3854 258 3923; x_wconf 78' lang='lat' dir='ltr'><strong>clrisrna,</strong></span> <span class='ocrx_word' id='word_1_597' title='bbox 284 3856 416 3924; x_wconf 77' lang='lat' dir='ltr'><strong>quantam</strong></span> <span class='ocrx_word' id='word_1_598' title='bbox 442 3863 505 3909; x_wconf 75' lang='lat' dir='ltr'><strong>aaut</strong></span> <span class='ocrx_word' id='word_1_599' title='bbox 532 3858 656 3910; x_wconf 84' lang='lat' dir='ltr'><strong>membra</strong></span> <span class='ocrx_word' id='word_1_600' title='bbox 683 3858 767 3911; x_wconf 87' lang='lat' dir='ltr'><strong>unius</strong></span> <span class='ocrx_word' id='word_1_601' title='bbox 795 3860 958 3915; x_wconf 68' lang='lat' dir='ltr'><strong>swadotr&#39;s.</strong></span> <span class='ocrx_word' id='word_1_602' title='bbox 986 3857 1070 3923; x_wconf 74' lang='lat' dir='ltr'><strong>tram,</strong></span> <span class='ocrx_word' id='word_1_603' title='bbox 1089 3864 1242 3925; x_wconf 75' lang='lat' dir='ltr'><strong>perpetuas</strong></span> <span class='ocrx_word' id='word_1_604' title='bbox 1259 3856 1359 3909; x_wconf 68' lang='lat' dir='ltr'><strong>laudas</strong></span> <span class='ocrx_word' id='word_1_605' title='bbox 1378 3865 1404 3909; x_wconf 78' lang='lat' dir='ltr'><strong>tt</strong></span> <span class='ocrx_word' id='word_1_606' title='bbox 1422 3856 1499 3909; x_wconf 65' lang='lat' dir='ltr'><strong>alias</strong></span> <span class='ocrx_word' id='word_1_607' title='bbox 1515 3857 1631 3911; x_wconf 61' lang='lat' dir='ltr'><strong>viritem</strong></span> <span class='ocrx_word' id='word_1_608' title='bbox 1645 3860 1697 3912; x_wconf 61' lang='lat' dir='ltr'><strong>eic-</strong></span> <span class='ocrx_word' id='word_1_609' title='bbox 1727 3856 1820 3921; x_wconf 65' lang='lat' dir='ltr'><strong>Quod·</strong></span> 
     </span>
     <span class='ocr_line' id='line_1_43' title="bbox 129 3939 1818 4014; baseline 0.002 -18"><span class='ocrx_word' id='word_1_610' title='bbox 129 3940 209 3996; x_wconf 86' lang='lat' dir='ltr'><strong>Prior</strong></span> <span class='ocrx_word' id='word_1_611' title='bbox 234 3939 402 4012; x_wconf 85' lang='lat' dir='ltr'><strong>significatio</strong></span> <span class='ocrx_word' id='word_1_612' title='bbox 420 3949 462 3996; x_wconf 91' lang='lat' dir='ltr'><strong>est</strong></span> <span class='ocrx_word' id='word_1_613' title='bbox 479 3941 679 4012; x_wconf 89' lang='lat' dir='ltr'><strong>ecclesiastica,</strong></span> <span class='ocrx_word' id='word_1_614' title='bbox 704 3944 838 4013; x_wconf 89' lang='lat' dir='ltr'><strong>posterior</strong></span> <span class='ocrx_word' id='word_1_615' title='bbox 867 3944 958 4014; x_wconf 90' lang='lat' dir='ltr'><strong>Scrip·</strong></span> <span class='ocrx_word' id='word_1_616' title='bbox 985 3944 1009 3996; x_wconf 92' lang='lat' dir='ltr'><strong>si</strong></span> <span class='ocrx_word' id='word_1_617' title='bbox 1033 3942 1119 4014; x_wconf 89' lang='lat' dir='ltr'><strong>igitur</strong></span> <span class='ocrx_word' id='word_1_618' title='bbox 1143 3957 1161 3996; x_wconf 93' lang='lat' dir='ltr'><strong>a</strong></span> <span class='ocrx_word' id='word_1_619' title='bbox 1184 3941 1295 3996; x_wconf 89' lang='lat' dir='ltr'><strong>nomine</strong></span> <span class='ocrx_word' id='word_1_620' title='bbox 1312 3942 1463 3997; x_wconf 87' lang='lat' dir='ltr'><strong>sacerdotis</strong></span> <span class='ocrx_word' id='word_1_621' title='bbox 1485 3942 1521 3997; x_wconf 88' lang='lat' dir='ltr'><strong>ad</strong></span> <span class='ocrx_word' id='word_1_622' title='bbox 1541 3941 1707 3998; x_wconf 84' lang='lat' dir='ltr'><strong>sacrificium</strong></span> <span class='ocrx_word' id='word_1_623' title='bbox 1724 3943 1818 3999; x_wconf 88' lang='lat' dir='ltr'><strong>missa-</strong></span> 
     </span>
     <span class='ocr_line' id='line_1_44' title="bbox 127 4027 1818 4099; baseline 0.002 -17"><span class='ocrx_word' id='word_1_624' title='bbox 127 4034 207 4082; x_wconf 88' lang='lat' dir='ltr'><strong>turae</strong></span> <span class='ocrx_word' id='word_1_625' title='bbox 224 4027 334 4082; x_wconf 83' lang='lat' dir='ltr'><strong>usitata</strong></span> <span class='ocrx_word' id='word_1_626' title='bbox 984 4029 1070 4083; x_wconf 90' lang='lat' dir='ltr'><strong>ticum</strong></span> <span class='ocrx_word' id='word_1_627' title='bbox 1085 4027 1165 4082; x_wconf 88' lang='lat' dir='ltr'><strong>firma</strong></span> <span class='ocrx_word' id='word_1_628' title='bbox 1175 4028 1286 4099; x_wconf 87' lang='lat' dir='ltr'><strong>procedi</strong></span> <span class='ocrx_word' id='word_1_629' title='bbox 1298 4033 1393 4098; x_wconf 88' lang='lat' dir='ltr'><strong>posset</strong></span> <span class='ocrx_word' id='word_1_630' title='bbox 1404 4032 1609 4098; x_wconf 84' lang='lat' dir='ltr'><strong>consequentia,</strong></span> <span class='ocrx_word' id='word_1_631' title='bbox 1625 4028 1721 4083; x_wconf 82' lang='lat' dir='ltr'><strong>infami</strong></span> <span class='ocrx_word' id='word_1_632' title='bbox 1734 4032 1818 4085; x_wconf 89' lang='lat' dir='ltr'><strong>etiam</strong></span> 
     </span>
     <span class='ocr_line' id='line_1_45' title="bbox 19 4112 1821 4187; baseline 0.001 -18"><span class='ocrx_word' id='word_1_633' title='bbox 19 4117 79 4150; x_wconf 77' lang='lat'><strong>⁸⁸¹</strong></span> <span class='ocrx_word' id='word_1_634' title='bbox 166 4118 205 4170; x_wconf 85' lang='lat' dir='ltr'><strong>lb.</strong></span> <span class='ocrx_word' id='word_1_635' title='bbox 219 4112 379 4169; x_wconf 84' lang='lat' dir='ltr'><strong>Notandum</strong></span> <span class='ocrx_word' id='word_1_636' title='bbox 387 4114 440 4168; x_wconf 89' lang='lat' dir='ltr'><strong>hoc</strong></span> <span class='ocrx_word' id='word_1_637' title='bbox 452 4121 549 4169; x_wconf 73' lang='lat' dir='ltr'><strong>cenna</strong></span> <span class='ocrx_word' id='word_1_638' title='bbox 560 4113 729 4182; x_wconf 85' lang='lat' dir='ltr'><strong>Pontificius,</strong></span> <span class='ocrx_word' id='word_1_639' title='bbox 741 4115 790 4187; x_wconf 84' lang='lat' dir='ltr'><strong>qni</strong></span> <span class='ocrx_word' id='word_1_640' title='bbox 805 4132 838 4171; x_wconf 91' lang='lat' dir='ltr'><strong>ex</strong></span> <span class='ocrx_word' id='word_1_641' title='bbox 849 4116 960 4171; x_wconf 90' lang='lat' dir='ltr'><strong>nomine</strong></span> <span class='ocrx_word' id='word_1_642' title='bbox 985 4119 1092 4184; x_wconf 87' lang='lat' dir='ltr'><strong>posset,</strong></span> <span class='ocrx_word' id='word_1_643' title='bbox 1117 4130 1212 4169; x_wconf 89' lang='lat' dir='ltr'><strong>omnes</strong></span> <span class='ocrx_word' id='word_1_644' title='bbox 1239 4113 1409 4169; x_wconf 85' lang='lat' dir='ltr'><strong>Christianos</strong></span> <span class='ocrx_word' id='word_1_645' title='bbox 1432 4112 1598 4168; x_wconf 86' lang='lat' dir='ltr'><strong>sucrificium</strong></span> <span class='ocrx_word' id='word_1_646' title='bbox 1624 4119 1769 4169; x_wconf 86' lang='lat' dir='ltr'><strong>externum</strong></span> <span class='ocrx_word' id='word_1_647' title='bbox 1792 4123 1821 4170; x_wconf 89' lang='lat' dir='ltr'><strong>et</strong></span> 
     </span>
    </p>
   </div>
   <div class='ocr_carea' id='block_1_3' title="bbox 1 4159 1818 4274">
    <p class='ocr_par' dir='ltr' id='par_1_3' title="bbox 1 4159 1818 4274">
     <span class='ocr_line' id='line_1_46' title="bbox 1 4159 1818 4274; baseline 0.004 -24"><span class='ocrx_word' id='word_1_648' title='bbox 1 4159 108 4251; x_wconf 51' lang='grc' dir='ltr'><strong>ἷιοὲῗῗ”</strong></span> <span class='ocrx_word' id='word_1_649' title='bbox 128 4198 278 4256; x_wconf 67' lang='lat' dir='ltr'><strong>ermricus</strong></span> <span class='ocrx_word' id='word_1_650' title='bbox 294 4199 328 4254; x_wconf 93' lang='lat' dir='ltr'><strong>de</strong></span> <span class='ocrx_word' id='word_1_651' title='bbox 347 4200 480 4257; x_wconf 89' lang='lat' dir='ltr'><strong>ecclesiae</strong></span> <span class='ocrx_word' id='word_1_652' title='bbox 492 4200 527 4257; x_wconf 88' lang='lat' dir='ltr'><strong>N.</strong></span> <span class='ocrx_word' id='word_1_653' title='bbox 542 4200 575 4256; x_wconf 87' lang='lat' dir='ltr'><strong>T.</strong></span> <span class='ocrx_word' id='word_1_654' title='bbox 594 4201 726 4256; x_wconf 90' lang='lat' dir='ltr'><strong>ministris</strong></span> <span class='ocrx_word' id='word_1_655' title='bbox 744 4203 959 4274; x_wconf 88' lang='lat' dir='ltr'><strong>ascriptoribus</strong></span> <span class='ocrx_word' id='word_1_656' title='bbox 986 4201 1128 4271; x_wconf 85' lang='lat' dir='ltr'><strong>corporale</strong></span> <span class='ocrx_word' id='word_1_657' title='bbox 1148 4200 1258 4272; x_wconf 89' lang='lat' dir='ltr'><strong>proprie</strong></span> <span class='ocrx_word' id='word_1_658' title='bbox 1276 4200 1316 4254; x_wconf 90' lang='lat' dir='ltr'><strong>sic</strong></span> <span class='ocrx_word' id='word_1_659' title='bbox 1328 4200 1433 4254; x_wconf 90' lang='lat' dir='ltr'><strong>dictum</strong></span> <span class='ocrx_word' id='word_1_660' title='bbox 1445 4198 1545 4255; x_wconf 81' lang='lat' dir='ltr'><strong>offerre</strong></span> <span class='ocrx_word' id='word_1_661' title='bbox 1557 4216 1637 4269; x_wconf 88' lang='lat' dir='ltr'><strong>posse</strong></span> <span class='ocrx_word' id='word_1_662' title='bbox 1655 4216 1689 4256; x_wconf 89' lang='lat' dir='ltr'><strong>ac</strong></span> <span class='ocrx_word' id='word_1_663' title='bbox 1708 4202 1818 4267; x_wconf 87' lang='lat' dir='ltr'><strong>debere,</strong></span> 
     </span>
    </p>
   </div>
   <div class='ocr_carea' id='block_1_4' title="bbox 0 4263 1822 5480">
    <p class='ocr_par' dir='ltr' id='par_1_4' title="bbox 0 4263 1822 5480">
     <span class='ocr_line' id='line_1_47' title="bbox 1 4263 1819 4357; baseline 0 -13"><span class='ocrx_word' id='word_1_664' title='bbox 1 4263 116 4357; x_wconf 50' lang='lat' dir='ltr'><strong>{mg</strong></span> <span class='ocrx_word' id='word_1_665' title='bbox 127 4285 323 4344; x_wconf 79' lang='lat' dir='ltr'><strong>ecclesiasticis</strong></span> <span class='ocrx_word' id='word_1_666' title='bbox 342 4292 476 4357; x_wconf 85' lang='lat' dir='ltr'><strong>usurpato</strong></span> <span class='ocrx_word' id='word_1_667' title='bbox 495 4285 664 4342; x_wconf 90' lang='lat' dir='ltr'><strong>missaticum</strong></span> <span class='ocrx_word' id='word_1_668' title='bbox 688 4286 854 4342; x_wconf 87' lang='lat' dir='ltr'><strong>sacrificium</strong></span> <span class='ocrx_word' id='word_1_669' title='bbox 874 4290 959 4344; x_wconf 88' lang='lat' dir='ltr'><strong>stubi·</strong></span> <span class='ocrx_word' id='word_1_670' title='bbox 986 4286 1060 4356; x_wconf 90' lang='lat' dir='ltr'><strong>quod</strong></span> <span class='ocrx_word' id='word_1_671' title='bbox 1078 4303 1113 4340; x_wconf 91' lang='lat' dir='ltr'><strong>ne</strong></span> <span class='ocrx_word' id='word_1_672' title='bbox 1131 4286 1183 4357; x_wconf 88' lang='lat' dir='ltr'><strong>ipsi</strong></span> <span class='ocrx_word' id='word_1_673' title='bbox 1202 4286 1313 4356; x_wconf 89' lang='lat' dir='ltr'><strong>quidem</strong></span> <span class='ocrx_word' id='word_1_674' title='bbox 1331 4285 1469 4341; x_wconf 88' lang='lat' dir='ltr'><strong>Pontificii</strong></span> <span class='ocrx_word' id='word_1_675' title='bbox 1487 4286 1651 4342; x_wconf 88' lang='lat' dir='ltr'><strong>concedunt.</strong></span> <span class='ocrx_word' id='word_1_676' title='bbox 1681 4293 1705 4342; x_wconf 82' lang='grc'><strong>3.</strong></span> <span class='ocrx_word' id='word_1_677' title='bbox 1717 4288 1819 4353; x_wconf 78' lang='lat' dir='ltr'><strong>Quan-</strong></span> 
     </span>
     <span class='ocr_line' id='line_1_48' title="bbox 1 4366 1819 4457; baseline 0.001 -28"><span class='ocrx_word' id='word_1_678' title='bbox 1 4366 111 4457; x_wconf 44' lang='lat' dir='ltr'><strong>02¹⁸·ss</strong></span> <span class='ocrx_word' id='word_1_679' title='bbox 127 4372 177 4429; x_wconf 78' lang='lat' dir='ltr'><strong>lits</strong></span> <span class='ocrx_word' id='word_1_680' title='bbox 207 4378 357 4436; x_wconf 90' lang='lat' dir='ltr'><strong>conantur,</strong></span> <span class='ocrx_word' id='word_1_681' title='bbox 390 4374 429 4427; x_wconf 90' lang='lat' dir='ltr'><strong>sic</strong></span> <span class='ocrx_word' id='word_1_682' title='bbox 459 4374 533 4427; x_wconf 91' lang='lat' dir='ltr'><strong>enim</strong></span> <span class='ocrx_word' id='word_1_683' title='bbox 562 4373 743 4428; x_wconf 89' lang='lat' dir='ltr'><strong>ratiocinatur</strong></span> <span class='ocrx_word' id='word_1_684' title='bbox 773 4373 958 4431; x_wconf 90' lang='lat' dir='ltr'><strong>Bellerminus</strong></span> <span class='ocrx_word' id='word_1_685' title='bbox 985 4372 1027 4426; x_wconf 88' lang='lat' dir='ltr'><strong>vis</strong></span> <span class='ocrx_word' id='word_1_686' title='bbox 1047 4372 1191 4442; x_wconf 89' lang='lat' dir='ltr'><strong>Scriptura</strong></span> <span class='ocrx_word' id='word_1_687' title='bbox 1209 4388 1288 4427; x_wconf 89' lang='lat' dir='ltr'><strong>sacra</strong></span> <span class='ocrx_word' id='word_1_688' title='bbox 1306 4372 1404 4426; x_wconf 91' lang='lat' dir='ltr'><strong>nullibi</strong></span> <span class='ocrx_word' id='word_1_689' title='bbox 1419 4373 1447 4426; x_wconf 90' lang='lat' dir='ltr'><strong>in</strong></span> <span class='ocrx_word' id='word_1_690' title='bbox 1464 4369 1554 4440; x_wconf 88' lang='lat' dir='ltr'><strong>specie</strong></span> <span class='ocrx_word' id='word_1_691' title='bbox 1574 4371 1712 4428; x_wconf 87' lang='lat' dir='ltr'><strong>ministros</strong></span> <span class='ocrx_word' id='word_1_692' title='bbox 1733 4378 1819 4431; x_wconf 89' lang='lat' dir='ltr'><strong>eccle·</strong></span> 
     </span>
     <span class='ocr_line' id='line_1_49' title="bbox 6 4457 1820 4528; baseline 0.006 -22"><span class='ocrx_word' id='word_1_693' title='bbox 6 4467 62 4508; x_wconf 78' lang='lat' dir='ltr'><strong>uus</strong></span> <span class='ocrx_word' id='word_1_694' title='bbox 124 4457 173 4515; x_wconf 86' lang='lat' dir='ltr'><strong>lib.</strong></span> <span class='ocrx_word' id='word_1_695' title='bbox 193 4465 216 4516; x_wconf 87' lang='lat'><strong>1.</strong></span> <span class='ocrx_word' id='word_1_696' title='bbox 236 4459 270 4515; x_wconf 91' lang='lat' dir='ltr'><strong>de</strong></span> <span class='ocrx_word' id='word_1_697' title='bbox 286 4458 370 4513; x_wconf 90' lang='lat' dir='ltr'><strong>missa</strong></span> <span class='ocrx_word' id='word_1_698' title='bbox 380 4475 404 4514; x_wconf 90' lang='lat' dir='ltr'><strong>c.</strong></span> <span class='ocrx_word' id='word_1_699' title='bbox 419 4464 463 4514; x_wconf 74' lang='lat'><strong>17:</strong></span> <span class='ocrx_word' id='word_1_700' title='bbox 483 4458 649 4513; x_wconf 82' lang='lat' dir='ltr'><strong>Sacerdotes</strong></span> <span class='ocrx_word' id='word_1_701' title='bbox 657 4460 778 4528; x_wconf 81' lang='lat' dir='ltr'><strong>proprie</strong></span> <span class='ocrx_word' id='word_1_702' title='bbox 790 4462 960 4514; x_wconf 86' lang='lat' dir='ltr'><strong>ordinantur</strong></span> <span class='ocrx_word' id='word_1_703' title='bbox 985 4458 1042 4512; x_wconf 87' lang='lat' dir='ltr'><strong>siae</strong></span> <span class='ocrx_word' id='word_1_704' title='bbox 1059 4458 1182 4528; x_wconf 90' lang='lat' dir='ltr'><strong>appellet</strong></span> <span class='ocrx_word' id='word_1_705' title='bbox 1207 4457 1378 4525; x_wconf 71' lang='lat' dir='ltr'><strong>madores,</strong></span> <span class='ocrx_word' id='word_1_706' title='bbox 1412 4463 1504 4512; x_wconf 86' lang='lat' dir='ltr'><strong>tamen</strong></span> <span class='ocrx_word' id='word_1_707' title='bbox 1530 4458 1721 4523; x_wconf 85' lang='lat' dir='ltr'><strong>concedimus,</strong></span> <span class='ocrx_word' id='word_1_708' title='bbox 1752 4476 1820 4516; x_wconf 89' lang='lat' dir='ltr'><strong>saue</strong></span> 
     </span>
     <span class='ocr_line' id='line_1_50' title="bbox 0 4519 1819 4615; baseline 0 -14"><span class='ocrx_word' id='word_1_709' title='bbox 0 4519 81 4564; x_wconf 53' lang='lat'><strong>&#39;⁸⁸¹²</strong></span> <span class='ocrx_word' id='word_1_710' title='bbox 126 4546 353 4610; x_wconf 73' lang='lat' dir='ltr'><strong>adsacrifieiurn.</strong></span> <span class='ocrx_word' id='word_1_711' title='bbox 383 4546 524 4599; x_wconf 84' lang='lat' dir='ltr'><strong>Jameero</strong></span> <span class='ocrx_word' id='word_1_712' title='bbox 535 4546 958 4615; x_wconf 83' lang='lat' dir='ltr'><strong>patresfrequentissimebanc</strong></span> <span class='ocrx_word' id='word_1_713' title='bbox 985 4561 1067 4599; x_wconf 88' lang='lat' dir='ltr'><strong>sensu</strong></span> <span class='ocrx_word' id='word_1_714' title='bbox 1084 4560 1179 4598; x_wconf 82' lang='lat' dir='ltr'><strong>vocem</strong></span> <span class='ocrx_word' id='word_1_715' title='bbox 1198 4543 1274 4598; x_wconf 90' lang='lat' dir='ltr'><strong>illam</strong></span> <span class='ocrx_word' id='word_1_716' title='bbox 1292 4547 1399 4602; x_wconf 68' lang='lat' dir='ltr'><strong>albascia</strong></span> <span class='ocrx_word' id='word_1_717' title='bbox 1422 4543 1554 4598; x_wconf 89' lang='lat' dir='ltr'><strong>ministris</strong></span> <span class='ocrx_word' id='word_1_718' title='bbox 1578 4544 1710 4601; x_wconf 87' lang='lat' dir='ltr'><strong>ecclesiae</strong></span> <span class='ocrx_word' id='word_1_719' title='bbox 1733 4547 1819 4601; x_wconf 87' lang='lat' dir='ltr'><strong>tribui</strong></span> 
     </span>
     <span class='ocr_line' id='line_1_51' title="bbox 125 4629 1819 4701; baseline 0 -13"><span class='ocrx_word' id='word_1_720' title='bbox 125 4649 218 4688; x_wconf 73' lang='lat' dir='ltr'><strong>umens</strong></span> <span class='ocrx_word' id='word_1_721' title='bbox 234 4633 358 4685; x_wconf 71' lang='lat' dir='ltr'><strong>tribuum</strong></span> <span class='ocrx_word' id='word_1_722' title='bbox 372 4633 504 4686; x_wconf 63' lang='lat' dir='ltr'><strong>eramiae</strong></span> <span class='ocrx_word' id='word_1_723' title='bbox 515 4632 662 4686; x_wconf 73' lang='lat' dir='ltr'><strong>ministres.</strong></span> <span class='ocrx_word' id='word_1_724' title='bbox 693 4635 774 4700; x_wconf 81' lang='lat' dir='ltr'><strong>Erpa</strong></span> <span class='ocrx_word' id='word_1_725' title='bbox 792 4641 958 4697; x_wconf 76' lang='lat' dir='ltr'><strong>etatrserunt,</strong></span> <span class='ocrx_word' id='word_1_726' title='bbox 985 4648 1066 4701; x_wconf 91' lang='lat' dir='ltr'><strong>posse</strong></span> <span class='ocrx_word' id='word_1_727' title='bbox 1080 4638 1108 4686; x_wconf 89' lang='lat' dir='ltr'><strong>et</strong></span> <span class='ocrx_word' id='word_1_728' title='bbox 1121 4648 1139 4685; x_wconf 89' lang='lat' dir='ltr'><strong>a</strong></span> <span class='ocrx_word' id='word_1_729' title='bbox 1152 4630 1290 4686; x_wconf 85' lang='lat' dir='ltr'><strong>veteribus</strong></span> <span class='ocrx_word' id='word_1_730' title='bbox 1301 4629 1465 4686; x_wconf 90' lang='lat' dir='ltr'><strong>attributam</strong></span> <span class='ocrx_word' id='word_1_731' title='bbox 1478 4645 1546 4684; x_wconf 88' lang='lat' dir='ltr'><strong>esse.</strong></span> <span class='ocrx_word' id='word_1_732' title='bbox 1582 4630 1819 4696; x_wconf 85' lang='lat' dir='ltr'><strong>Quemadmodum</strong></span> 
     </span>
     <span class='ocr_line' id='line_1_52' title="bbox 127 4715 1819 4793; baseline -0.001 -20"><span class='ocrx_word' id='word_1_733' title='bbox 127 4737 174 4775; x_wconf 85' lang='lat' dir='ltr'><strong>eos</strong></span> <span class='ocrx_word' id='word_1_734' title='bbox 191 4718 340 4774; x_wconf 84' lang='lat' dir='ltr'><strong>ordinatos</strong></span> <span class='ocrx_word' id='word_1_735' title='bbox 359 4735 416 4771; x_wconf 88' lang='lat' dir='ltr'><strong>esse</strong></span> <span class='ocrx_word' id='word_1_736' title='bbox 435 4720 476 4772; x_wconf 90' lang='lat' dir='ltr'><strong>ad</strong></span> <span class='ocrx_word' id='word_1_737' title='bbox 492 4719 663 4788; x_wconf 59' lang='lat' dir='ltr'><strong>scenitarum</strong></span> <span class='ocrx_word' id='word_1_738' title='bbox 683 4727 824 4772; x_wconf 81' lang='lat' dir='ltr'><strong>catomum</strong></span> <span class='ocrx_word' id='word_1_739' title='bbox 841 4720 957 4789; x_wconf 81' lang='lat' dir='ltr'><strong>proprie</strong></span> <span class='ocrx_word' id='word_1_740' title='bbox 985 4717 1058 4771; x_wconf 91' lang='lat' dir='ltr'><strong>enim</strong></span> <span class='ocrx_word' id='word_1_741' title='bbox 1069 4716 1173 4771; x_wconf 90' lang='lat' dir='ltr'><strong>Paulus</strong></span> <span class='ocrx_word' id='word_1_742' title='bbox 1181 4717 1260 4772; x_wconf 88' lang='lat' dir='ltr'><strong>Rom.</strong></span> <span class='ocrx_word' id='word_1_743' title='bbox 1276 4722 1314 4781; x_wconf 85' lang='lat' dir='ltr'><strong>lb,</strong></span> <span class='ocrx_word' id='word_1_744' title='bbox 1331 4735 1358 4772; x_wconf 81' lang='lat' dir='ltr'><strong>v.</strong></span> <span class='ocrx_word' id='word_1_745' title='bbox 1373 4722 1411 4772; x_wconf 85' lang='lat'><strong>16.</strong></span> <span class='ocrx_word' id='word_1_746' title='bbox 1426 4715 1503 4783; x_wconf 88' lang='lat' dir='ltr'><strong>dicit,</strong></span> <span class='ocrx_word' id='word_1_747' title='bbox 1521 4733 1550 4771; x_wconf 89' lang='lat' dir='ltr'><strong>se</strong></span> <span class='ocrx_word' id='word_1_748' title='bbox 1571 4719 1725 4793; x_wconf 73' lang='grc' dir='ltr'><em>ἱερουργεῖν</em></span> <span class='ocrx_word' id='word_1_749' title='bbox 1737 4718 1819 4790; x_wconf 79' lang='lat' dir='ltr'><strong>siey·</strong></span> 
     </span>
     <span class='ocr_line' id='line_1_53' title="bbox 127 4803 1820 4874; baseline -0.001 -14"><span class='ocrx_word' id='word_1_750' title='bbox 127 4807 168 4860; x_wconf 84' lang='lat' dir='ltr'><strong>sic</strong></span> <span class='ocrx_word' id='word_1_751' title='bbox 192 4804 306 4861; x_wconf 87' lang='lat' dir='ltr'><strong>dictum.</strong></span> <span class='ocrx_word' id='word_1_752' title='bbox 341 4806 440 4874; x_wconf 84' lang='lat' dir='ltr'><strong>Neque</strong></span> <span class='ocrx_word' id='word_1_753' title='bbox 460 4806 552 4858; x_wconf 74' lang='lat' dir='ltr'><strong>abdat</strong></span> <span class='ocrx_word' id='word_1_754' title='bbox 576 4804 695 4874; x_wconf 91' lang='lat' dir='ltr'><strong>(inquit),</strong></span> <span class='ocrx_word' id='word_1_755' title='bbox 720 4807 797 4874; x_wconf 75' lang='lat' dir='ltr'><strong>qsscd</strong></span> <span class='ocrx_word' id='word_1_756' title='bbox 819 4808 849 4859; x_wconf 87' lang='lat' dir='ltr'><strong>in</strong></span> <span class='ocrx_word' id='word_1_757' title='bbox 868 4808 905 4860; x_wconf 91' lang='lat' dir='ltr'><strong>N.</strong></span> <span class='ocrx_word' id='word_1_758' title='bbox 926 4807 958 4861; x_wconf 82' lang='grc' dir='ltr'><strong>Τ,</strong></span> <span class='ocrx_word' id='word_1_759' title='bbox 984 4808 1079 4873; x_wconf 74' lang='lat' dir='ltr'><strong>yilsoc</strong></span> <span class='ocrx_word' id='word_1_760' title='bbox 1107 4806 1156 4857; x_wconf 82' lang='lat' dir='ltr'><strong>scri</strong></span> <span class='ocrx_word' id='word_1_761' title='bbox 1182 4807 1266 4867; x_wconf 77' lang='lat' dir='ltr'><strong>bsai,</strong></span> <span class='ocrx_word' id='word_1_762' title='bbox 1294 4811 1324 4856; x_wconf 89' lang='lat' dir='ltr'><strong>ut</strong></span> <span class='ocrx_word' id='word_1_763' title='bbox 1348 4806 1400 4867; x_wconf 65' lang='lat' dir='ltr'><strong>siat</strong></span> <span class='ocrx_word' id='word_1_764' title='bbox 1419 4803 1524 4857; x_wconf 81' lang='lat' dir='ltr'><strong>oblatio</strong></span> <span class='ocrx_word' id='word_1_765' title='bbox 1550 4805 1672 4873; x_wconf 76' lang='lat' dir='ltr'><strong>gentium</strong></span> <span class='ocrx_word' id='word_1_766' title='bbox 1695 4815 1820 4874; x_wconf 67' lang='lat' dir='ltr'><strong>waepta,</strong></span> 
     </span>
     <span class='ocr_line' id='line_1_54' title="bbox 126 4890 1819 4961; baseline 0.003 -16"><span class='ocrx_word' id='word_1_767' title='bbox 126 4891 250 4946; x_wconf 61' lang='lat' dir='ltr'><strong>mismtri</strong></span> <span class='ocrx_word' id='word_1_768' title='bbox 269 4892 450 4946; x_wconf 69' lang='lat' dir='ltr'><strong>eceluiasties&#39;</strong></span> <span class='ocrx_word' id='word_1_769' title='bbox 468 4909 525 4944; x_wconf 87' lang='lat' dir='ltr'><strong>uon</strong></span> <span class='ocrx_word' id='word_1_770' title='bbox 543 4891 854 4960; x_wconf 82' lang='lat' dir='ltr'><strong>dicantursacerdotes,</strong></span> <span class='ocrx_word' id='word_1_771' title='bbox 871 4909 958 4945; x_wconf 88' lang='lat' dir='ltr'><strong>cauea</strong></span> <span class='ocrx_word' id='word_1_772' title='bbox 986 4890 1162 4953; x_wconf 74' lang='lat' dir='ltr'><strong>sanctificata</strong></span> <span class='ocrx_word' id='word_1_773' title='bbox 1179 4891 1210 4944; x_wconf 85' lang='lat' dir='ltr'><strong>in</strong></span> <span class='ocrx_word' id='word_1_774' title='bbox 1231 4891 1343 4961; x_wconf 78' lang='lat' dir='ltr'><strong>Spiritu</strong></span> <span class='ocrx_word' id='word_1_775' title='bbox 1362 4890 1391 4944; x_wconf 79' lang='lat' dir='ltr'><strong>S.</strong></span> <span class='ocrx_word' id='word_1_776' title='bbox 1409 4890 1450 4944; x_wconf 89' lang='lat' dir='ltr'><strong>ita</strong></span> <span class='ocrx_word' id='word_1_777' title='bbox 1466 4907 1577 4961; x_wconf 87' lang='lat' dir='ltr'><strong>quoque</strong></span> <span class='ocrx_word' id='word_1_778' title='bbox 1597 4890 1714 4945; x_wconf 87' lang='lat' dir='ltr'><strong>ministri</strong></span> <span class='ocrx_word' id='word_1_779' title='bbox 1732 4893 1819 4949; x_wconf 86' lang='lat' dir='ltr'><strong>eccle·</strong></span> 
     </span>
     <span class='ocr_line' id='line_1_55' title="bbox 126 4974 1819 5048; baseline 0.001 -16"><span class='ocrx_word' id='word_1_780' title='bbox 126 4979 198 5032; x_wconf 83' lang='lat' dir='ltr'><strong>enim</strong></span> <span class='ocrx_word' id='word_1_781' title='bbox 216 4979 246 5031; x_wconf 87' lang='lat' dir='ltr'><strong>in</strong></span> <span class='ocrx_word' id='word_1_782' title='bbox 258 4986 375 5047; x_wconf 80' lang='lat' dir='ltr'><strong>promtu</strong></span> <span class='ocrx_word' id='word_1_783' title='bbox 387 4985 443 5031; x_wconf 80' lang='lat' dir='ltr'><strong>est:</strong></span> <span class='ocrx_word' id='word_1_784' title='bbox 463 4978 536 5039; x_wconf 77' lang='lat' dir='ltr'><strong>Quia</strong></span> <span class='ocrx_word' id='word_1_785' title='bbox 549 4976 621 5029; x_wconf 83' lang='lat' dir='ltr'><strong>enine</strong></span> <span class='ocrx_word' id='word_1_786' title='bbox 635 4983 756 5045; x_wconf 88' lang='lat' dir='ltr'><strong>tempore</strong></span> <span class='ocrx_word' id='word_1_787' title='bbox 769 4979 960 5045; x_wconf 81' lang='lat' dir='ltr'><strong>apostolorum</strong></span> <span class='ocrx_word' id='word_1_788' title='bbox 987 4975 1044 5032; x_wconf 89' lang='lat' dir='ltr'><strong>siae</strong></span> <span class='ocrx_word' id='word_1_789' title='bbox 1062 4974 1117 5029; x_wconf 91' lang='lat' dir='ltr'><strong>dici</strong></span> <span class='ocrx_word' id='word_1_790' title='bbox 1134 4981 1250 5045; x_wconf 87' lang='lat' dir='ltr'><strong>possunt</strong></span> <span class='ocrx_word' id='word_1_791' title='bbox 1269 4976 1440 5039; x_wconf 82' lang='lat' dir='ltr'><strong>sacerdotes,</strong></span> <span class='ocrx_word' id='word_1_792' title='bbox 1465 4994 1520 5031; x_wconf 90' lang='lat' dir='ltr'><strong>nou</strong></span> <span class='ocrx_word' id='word_1_793' title='bbox 1539 4977 1628 5031; x_wconf 91' lang='lat' dir='ltr'><strong>solum</strong></span> <span class='ocrx_word' id='word_1_794' title='bbox 1648 4977 1678 5030; x_wconf 84' lang='lat' dir='ltr'><strong>in</strong></span> <span class='ocrx_word' id='word_1_795' title='bbox 1695 4980 1819 5048; x_wconf 49' lang='lat' dir='ltr'><strong>&amp;uenali</strong></span> 
     </span>
     <span class='ocr_line' id='line_1_56' title="bbox 126 5059 1820 5133; baseline 0.002 -15"><span class='ocrx_word' id='word_1_796' title='bbox 126 5065 219 5119; x_wconf 84' lang='lat' dir='ltr'><strong>adbuc</strong></span> <span class='ocrx_word' id='word_1_797' title='bbox 236 5065 346 5133; x_wconf 75' lang='lat' dir='ltr'><strong>rigebat</strong></span> <span class='ocrx_word' id='word_1_798' title='bbox 370 5063 560 5118; x_wconf 83' lang='lat' dir='ltr'><strong>sacerdotium</strong></span> <span class='ocrx_word' id='word_1_799' title='bbox 580 5063 737 5116; x_wconf 82' lang='lat' dir='ltr'><strong>Judoicum</strong></span> <span class='ocrx_word' id='word_1_800' title='bbox 764 5070 790 5116; x_wconf 88' lang='lat' dir='ltr'><strong>et</strong></span> <span class='ocrx_word' id='word_1_801' title='bbox 817 5064 959 5128; x_wconf 71' lang='lat' dir='ltr'><strong>sacrificia</strong></span> <span class='ocrx_word' id='word_1_802' title='bbox 986 5062 1036 5116; x_wconf 89' lang='lat' dir='ltr'><strong>illa</strong></span> <span class='ocrx_word' id='word_1_803' title='bbox 1054 5059 1264 5132; x_wconf 88' lang='lat' dir='ltr'><strong>significatione,</strong></span> <span class='ocrx_word' id='word_1_804' title='bbox 1282 5060 1432 5116; x_wconf 89' lang='lat' dir='ltr'><strong>secundum</strong></span> <span class='ocrx_word' id='word_1_805' title='bbox 1451 5079 1535 5132; x_wconf 86' lang='lat' dir='ltr'><strong>quam</strong></span> <span class='ocrx_word' id='word_1_806' title='bbox 1552 5078 1645 5117; x_wconf 89' lang='lat' dir='ltr'><strong>omnes</strong></span> <span class='ocrx_word' id='word_1_807' title='bbox 1663 5062 1704 5133; x_wconf 91' lang='lat' dir='ltr'><strong>pii</strong></span> <span class='ocrx_word' id='word_1_808' title='bbox 1723 5063 1820 5121; x_wconf 86' lang='lat' dir='ltr'><strong>dicun·</strong></span> 
     </span>
     <span class='ocr_line' id='line_1_57' title="bbox 126 5147 1820 5221; baseline 0.001 -16"><span class='ocrx_word' id='word_1_809' title='bbox 126 5159 240 5205; x_wconf 74' lang='lat' dir='ltr'><strong>arante</strong></span> <span class='ocrx_word' id='word_1_810' title='bbox 273 5152 459 5221; x_wconf 78' lang='lat' dir='ltr'><strong>offerebantur</strong></span> <span class='ocrx_word' id='word_1_811' title='bbox 495 5149 525 5201; x_wconf 83' lang='lat' dir='ltr'><strong>in</strong></span> <span class='ocrx_word' id='word_1_812' title='bbox 560 5149 662 5218; x_wconf 86' lang='lat' dir='ltr'><strong>templo</strong></span> <span class='ocrx_word' id='word_1_813' title='bbox 694 5149 960 5219; x_wconf 65' lang='lat' dir='ltr'><strong>Hierosolymitano,</strong></span> <span class='ocrx_word' id='word_1_814' title='bbox 986 5154 1033 5202; x_wconf 89' lang='lat' dir='ltr'><strong>tur</strong></span> <span class='ocrx_word' id='word_1_815' title='bbox 1050 5147 1221 5214; x_wconf 82' lang='lat' dir='ltr'><strong>sacerdotes,</strong></span> <span class='ocrx_word' id='word_1_816' title='bbox 1243 5148 1292 5202; x_wconf 92' lang='lat' dir='ltr'><strong>sed</strong></span> <span class='ocrx_word' id='word_1_817' title='bbox 1312 5148 1394 5204; x_wconf 90' lang='lat' dir='ltr'><strong>etiam</strong></span> <span class='ocrx_word' id='word_1_818' title='bbox 1413 5149 1527 5218; x_wconf 90' lang='lat' dir='ltr'><strong>speciali</strong></span> <span class='ocrx_word' id='word_1_819' title='bbox 1544 5149 1665 5219; x_wconf 89' lang='lat' dir='ltr'><strong>quodam</strong></span> <span class='ocrx_word' id='word_1_820' title='bbox 1682 5159 1820 5221; x_wconf 86' lang='lat' dir='ltr'><strong>respectu,</strong></span> 
     </span>
     <span class='ocr_line' id='line_1_58' title="bbox 126 5235 1821 5309; baseline 0.002 -19"><span class='ocrx_word' id='word_1_821' title='bbox 126 5239 252 5309; x_wconf 83' lang='lat' dir='ltr'><strong>apostoli</strong></span> <span class='ocrx_word' id='word_1_822' title='bbox 261 5237 387 5290; x_wconf 85' lang='lat' dir='ltr'><strong>Domino</strong></span> <span class='ocrx_word' id='word_1_823' title='bbox 398 5235 557 5304; x_wconf 84' lang='lat' dir='ltr'><strong>inspirante</strong></span> <span class='ocrx_word' id='word_1_824' title='bbox 573 5253 628 5289; x_wconf 89' lang='lat' dir='ltr'><strong>nou</strong></span> <span class='ocrx_word' id='word_1_825' title='bbox 640 5236 790 5290; x_wconf 64' lang='lat' dir='ltr'><strong>utebamur</strong></span> <span class='ocrx_word' id='word_1_826' title='bbox 802 5237 961 5290; x_wconf 66' lang='lat' dir='ltr'><strong>nomimbus</strong></span> <span class='ocrx_word' id='word_1_827' title='bbox 988 5240 1124 5306; x_wconf 84' lang='lat' dir='ltr'><strong>quatenus</strong></span> <span class='ocrx_word' id='word_1_828' title='bbox 1149 5251 1187 5291; x_wconf 87' lang='lat' dir='ltr'><strong>sc.</strong></span> <span class='ocrx_word' id='word_1_829' title='bbox 1211 5235 1417 5304; x_wconf 82' lang='lat' dir='ltr'><strong>praedicatione</strong></span> <span class='ocrx_word' id='word_1_830' title='bbox 1451 5235 1586 5306; x_wconf 82' lang='lat' dir='ltr'><strong>evangelii</strong></span> <span class='ocrx_word' id='word_1_831' title='bbox 1612 5235 1769 5293; x_wconf 87' lang='lat' dir='ltr'><strong>sacrificant</strong></span> <span class='ocrx_word' id='word_1_832' title='bbox 1793 5246 1821 5294; x_wconf 91' lang='lat' dir='ltr'><strong>et</strong></span> 
     </span>
     <span class='ocr_line' id='line_1_59' title="bbox 124 5320 1822 5392; baseline 0.001 -14"><span class='ocrx_word' id='word_1_833' title='bbox 124 5320 962 5392; x_wconf 68' lang='lat' dir='ltr'><strong>sacerdotiisacrificii,tempii,uitarisstaimiliumrerurn,</strong></span> <span class='ocrx_word' id='word_1_834' title='bbox 989 5322 1122 5375; x_wconf 73' lang='lat' dir='ltr'><strong>meandum</strong></span> <span class='ocrx_word' id='word_1_835' title='bbox 1146 5321 1313 5376; x_wconf 85' lang='lat' dir='ltr'><strong>oblationem</strong></span> <span class='ocrx_word' id='word_1_836' title='bbox 1341 5321 1402 5379; x_wconf 86' lang='lat' dir='ltr'><strong>Deo</strong></span> <span class='ocrx_word' id='word_1_837' title='bbox 1424 5323 1558 5390; x_wconf 84' lang='lat' dir='ltr'><strong>offerunt,</strong></span> <span class='ocrx_word' id='word_1_838' title='bbox 1585 5321 1652 5379; x_wconf 82' lang='lat' dir='ltr'><strong>Mal</strong></span> <span class='ocrx_word' id='word_1_839' title='bbox 1676 5327 1707 5388; x_wconf 87' lang='lat'><strong>1,</strong></span> <span class='ocrx_word' id='word_1_840' title='bbox 1733 5342 1759 5377; x_wconf 85' lang='lat' dir='ltr'><strong>v.</strong></span> <span class='ocrx_word' id='word_1_841' title='bbox 1782 5331 1822 5381; x_wconf 86' lang='lat' dir='ltr'><strong>tt.</strong></span> 
     </span>
     <span class='ocr_line' id='line_1_60' title="bbox 126 5404 1821 5480; baseline 0.002 -18"><span class='ocrx_word' id='word_1_842' title='bbox 126 5418 157 5464; x_wconf 88' lang='lat' dir='ltr'><strong>ut</strong></span> <span class='ocrx_word' id='word_1_843' title='bbox 171 5408 292 5474; x_wconf 69' lang='lat' dir='ltr'><strong>taedius</strong></span> <span class='ocrx_word' id='word_1_844' title='bbox 310 5409 513 5476; x_wconf 74' lang='lat' dir='ltr'><strong>distinguerent</strong></span> <span class='ocrx_word' id='word_1_845' title='bbox 535 5404 699 5460; x_wconf 74' lang='lat' dir='ltr'><strong>Christiana</strong></span> <span class='ocrx_word' id='word_1_846' title='bbox 717 5425 801 5461; x_wconf 85' lang='lat' dir='ltr'><strong>saera</strong></span> <span class='ocrx_word' id='word_1_847' title='bbox 820 5426 838 5460; x_wconf 93' lang='lat' dir='ltr'><strong>a</strong></span> <span class='ocrx_word' id='word_1_848' title='bbox 857 5408 962 5463; x_wconf 82' lang='lat' dir='ltr'><strong>Judai·</strong></span> <span class='ocrx_word' id='word_1_849' title='bbox 988 5408 1115 5478; x_wconf 86' lang='lat' dir='ltr'><strong>Itemque</strong></span> <span class='ocrx_word' id='word_1_850' title='bbox 1144 5413 1280 5477; x_wconf 69' lang='lat' dir='ltr'><strong>manum</strong></span> <span class='ocrx_word' id='word_1_851' title='bbox 1309 5408 1486 5480; x_wconf 86' lang='lat' dir='ltr'><strong>peculiariter</strong></span> <span class='ocrx_word' id='word_1_852' title='bbox 1512 5425 1541 5462; x_wconf 88' lang='lat' dir='ltr'><strong>ee</strong></span> <span class='ocrx_word' id='word_1_853' title='bbox 1569 5407 1629 5464; x_wconf 90' lang='lat' dir='ltr'><strong>Dec</strong></span> <span class='ocrx_word' id='word_1_854' title='bbox 1652 5415 1821 5476; x_wconf 83' lang='lat' dir='ltr'><strong>consecrant,</strong></span> 
     </span>
    </p>
   </div>
   <div class='ocr_carea' id='block_1_5' title="bbox 126 5492 1822 5567">
    <p class='ocr_par' dir='ltr' id='par_1_5' title="bbox 126 5492 1822 5567">
     <span class='ocr_line' id='line_1_61' title="bbox 126 5492 1822 5567; baseline -0.001 -16"><span class='ocrx_word' id='word_1_855' title='bbox 126 5497 168 5551; x_wconf 87' lang='lat' dir='ltr'><strong>eis</strong></span> <span class='ocrx_word' id='word_1_856' title='bbox 191 5503 217 5550; x_wconf 86' lang='lat' dir='ltr'><strong>st</strong></span> <span class='ocrx_word' id='word_1_857' title='bbox 238 5512 273 5549; x_wconf 88' lang='lat' dir='ltr'><strong>ne</strong></span> <span class='ocrx_word' id='word_1_858' title='bbox 292 5501 475 5564; x_wconf 72' lang='lat' dir='ltr'><strong>putaremur,</strong></span> <span class='ocrx_word' id='word_1_859' title='bbox 495 5493 524 5547; x_wconf 88' lang='lat' dir='ltr'><strong>si</strong></span> <span class='ocrx_word' id='word_1_860' title='bbox 552 5492 653 5546; x_wconf 84' lang='lat' dir='ltr'><strong>iisdem</strong></span> <span class='ocrx_word' id='word_1_861' title='bbox 678 5501 821 5548; x_wconf 61' lang='lat' dir='ltr'><strong>moneris</strong></span> <span class='ocrx_word' id='word_1_862' title='bbox 839 5495 960 5561; x_wconf 84' lang='lat' dir='ltr'><strong>uocibus,</strong></span> <span class='ocrx_word' id='word_1_863' title='bbox 990 5493 1138 5565; x_wconf 86' lang='lat' dir='ltr'><strong>specialem</strong></span> <span class='ocrx_word' id='word_1_864' title='bbox 1160 5511 1314 5567; x_wconf 87' lang='lat' dir='ltr'><strong>pauperum</strong></span> <span class='ocrx_word' id='word_1_865' title='bbox 1338 5512 1431 5552; x_wconf 89' lang='lat' dir='ltr'><strong>curam</strong></span> <span class='ocrx_word' id='word_1_866' title='bbox 1457 5493 1562 5551; x_wconf 84' lang='lat' dir='ltr'><strong>habent</strong></span> <span class='ocrx_word' id='word_1_867' title='bbox 1582 5510 1616 5549; x_wconf 86' lang='lat' dir='ltr'><strong>ae</strong></span> <span class='ocrx_word' id='word_1_868' title='bbox 1640 5511 1691 5565; x_wconf 91' lang='lat' dir='ltr'><strong>pro</strong></span> <span class='ocrx_word' id='word_1_869' title='bbox 1713 5494 1770 5550; x_wconf 88' lang='lat' dir='ltr'><strong>suis</strong></span> <span class='ocrx_word' id='word_1_870' title='bbox 1792 5503 1822 5555; x_wconf 88' lang='lat' dir='ltr'><strong>st</strong></span> 
     </span>
    </p>
   </div>
   <div class='ocr_carea' id='block_1_6' title="bbox 0 0 2014 6007">
    <p class='ocr_par' dir='ltr' id='par_1_6' title="bbox 0 0 2014 6007">
     <span class='ocr_line' id='line_1_62' title="bbox 0 0 2014 6007; baseline 0 0"><span class='ocrx_word' id='word_1_871' title='bbox 0 0 2014 6007; x_wconf 95' lang='lat' dir='ltr'><strong> </strong></span> 
     </span>
    </p>
   </div>
  </div>
 </body>
</html>
