4020 6014
207 250 267 311 450
788 237 911 315 Locus
929 235 1135 305 vomitus
1152 238 1333 305 QUARTUS

202 394 364 464 prohibuit:
384 395 487 465 stura,
511 394 580 465 guia
593 394 747 461 frumentis
768 410 875 465 porum
892 395 1039 458 neonem,-
1066 389 1098 443 in
1114 392 1256 465 frrsotum,
1276 410 1356 465 auem
1372 394 1459 449 herba
1477 394 1572 463 dedit,
1587 400 1683 466 potest
1699 409 1764 449 eum
1781 407 1914 464 maome,-

206 472 307 551 altera,
326 481 394 553 quia
414 479 473 534 nisi
487 488 666 546 sanamur,
687 487 810 543 miseria
822 478 966 550 supplicia
984 493 1041 530 non
1067 493 1157 547 auare
1178 478 1229 541 suh
1254 479 1365 533 nomine
1393 479 1555 548 fflristiano
1577 487 1635 537 tam
1662 479 1772 541 multae
1788 479 1915 537 haereti·

204 568 362 621 suadeant
392 565 485 629 Quare
502 566 567 631 siet
574 567 678 639 puniri
693 582 742 622 eos
761 566 855 631 ursltis,
873 571 899 619 et
915 563 1041 630 frumen-
1068 578 1163 617 aarum
1190 564 1346 627 restiterint
1367 566 1532 635 falsitates,
1555 566 1622 623 s'rsde
1647 574 1707 630 est,
1736 568 1815 636 quod
1839 564 1916 621 urai

204 651 243 706 tis
261 667 439 723 marmanum
458 651 586 724 ot‘fiesre,
612 652 809 723 opportunitas
826 648 960 722 temporis
980 664 1041 702 eon·
1069 647 1183 702 dicum
1201 650 1303 707 Nonne
1319 652 1421 716 bonum
1437 668 1529 707 somn
1545 651 1713 709 sesninasti?
1734 656 1789 708 etc.
1822 650 1915 707 Cl'hso·

205 755 278 807 gnra
298 739 376 794 vohis
394 740 581 809 mactanda
601 747 652 796 est.
689 738 766 802 Quid
782 744 876 792 autem
893 744 947 800 est,
968 734 1045 804 quod
1069 731 1218 805 phylactus
1236 735 1265 790 in
1283 751 1381 797 comm.
1397 736 1426 795 b.
1444 737 1477 797 b:
1493 738 1619 795 Zisania
1636 745 1701 799 sunt
1719 738 1852 793 hareses
1870 738 1916 792 rel

207 824 258 889 ait,
278 841 313 878 ne
333 825 484 881 eradicetis
501 825 586 882 simui
602 842 665 880 oum
689 825 730 881 eis
748 831 774 878 et
792 822 932 879 restant
961 812 1164 897 amalmater
1188 821 1378 890 soatationes.
1417 823 1500 882 Serti
1522 832 1587 885 met
1613 824 1724 895 antelis
1744 823 1796 893 4¹⁴5
1813 824 1915 891 Md·

80 908 134 951 xlv.
147 904 192 950 lea
206 917 256 965 aus
278 911 346 981 quia
362 912 390 966 η·
409 929 491 966 arma
508 910 641 982 copiosa,
660 911 760 980 inquis,
784 924 895 963 amessa
912 913 961 975 est,
980 922 1042 959 eum
1068 913 1188 970 nantrsr,
1215 924 1273 965 esse
1304 908 1501 971 tenuasse
1525 909 1664 971 malitiam
1687 912 1719 965 in
1740 910 1855 980 asina,
1886 918 1914 965 et

205 997 362 1052 hometiws
378 984 538 1065 msoidatis,
557 997 836 1054 macaronesum
853 992 939 1051 simul
957 991 1042 1048 inter·
1066 991 1164 1046 ooiunt
1173 993 1287 1048 redime
1298 1001 1324 1049 et
1338 994 1501 1051 naeinam
1512 1012 1545 1051 ee
1559 995 1613 1053 hac
1629 997 1689 1053 rita
1707 997 1866 1057 haereticos
1887 1005 1916 1051 et

206 1084 310 1152 imere,·
327 1091 377 1138 aut
393 1084 463 1152 ausa
480 1085 516 1138 oh
527 1084 600 1154 ipsis
613 1083 729 1138 sisoniis
746 1081 898 1137 oemdmrle
915 1087 957 1132 est
971 1077 1042 1135 mui-
1067 1077 1316 1150 molacogitanter.
1338 1081 1419 1139 Deus
1428 1090 1587 1141 emensos
1602 1084 1743 1154 perurittit
1754 1083 1914 1139 haereticos

205 1176 248 1225 tos
265 1170 295 1223 in
314 1169 439 1224 mecum
461 1171 671 1228 convertendos.
716 1168 751 1224 Si
775 1184 842 1236 erpo
857 1165 1042 1239 praevenien-
1068 1163 1150 1218 hstiis
1171 1166 1297 1220 consumi
1302 1206 1310 1232 ,
1337 1182 1373 1221 ne
1390 1167 1475 1222 mmai
1487 1170 1640 1240 patiantur
1657 1176 1913 1238 eomumarturgu

207 1262 248 1308 tss
265 1255 404 1328 metietis,
422 1272 456 1310 ea
467 1257 615 1321 frumenta
635 1254 815 1325 deperibunt,
839 1268 912 1325 quas
930 1269 949 1305 a
969 1267 1041 1309 eom·
1068 1257 1093 1302 et
1107 1250 1204 1321 justi,-
1222 1252 1354 1308 sirrsiliter
1371 1270 1459 1326 neque
1470 1263 1593 1326 propter
1612 1255 1705 1313 nata·
1722 1256 1913 1325 cogitatiom

208 1341 323 1395 miudes
348 1342 465 1397 maniis
489 1342 679 1412 provenirent.
714 1341 781 1395 Non
801 1338 930 1409 probibet
950 1342 1042 1393 autem
1066 1337 1125 1391 suit
1144 1338 1224 1392 Deus
1242 1339 1371 1395 emcindi
1388 1341 1541 1409 hominem,
1570 1359 1606 1399 ne
1637 1351 1663 1403 et
1681 1343 1807 1403 aeteus
1825 1343 1913 1401 simui

207 1426 398 1482 omriisabula
413 1428 619 1483 tesserarum
638 1427 799 1498 dissipare,
820 1442 873 1480 ora
891 1424 1041 1491 obstruere,
1066 1432 1280 1496 oormsmpatur,
1306 1433 1338 1480 ut
1361 1428 1482 1497 eaempii
1497 1429 1607 1497 pratia:
1633 1430 1662 1485 si
1679 1429 1847 1495 Matthaeus
1866 1445 1912 1485 eu·

206 1512 362 1568 libertatem
379 1513 515 1582 loquendi
531 1513 694 1577 concidere,
717 1528 812 1567 serum
833 1510 989 1580 interficere
1007 1525 1041 1562 oe
1066 1508 1141 1562 ossus
1156 1510 1260 1576 fuisset
1279 1527 1313 1566 ea
1330 1512 1384 1566 lae
1400 1514 1468 1582 vita,
1487 1531 1551 1568 cum
1569 1522 1639 1569 aser
1658 1515 1806 1584 suaniam,
1824 1515 1911 1571 simui

204 1599 358 1655 trucidare.
392 1599 431 1654 Et
443 1605 554 1670 postea:
573 1600 753 1654 Parcendum
767 1596 953 1653 assnsaniis
965 1594 1042 1663 dicit,
1067 1595 1161 1667 utimar
1186 1596 1307 1651 acuum
1322 1599 1431 1665 suisset
1454 1608 1480 1654 et
1494 1600 1680 1666 senitentiam,
1705 1602 1785 1670 quod
1803 1608 1910 1669 postea

205 1701 348 1757 quousarm
360 1703 418 1739 una
429 1702 491 1740 eum
506 1685 659 1750 frumentis
670 1685 701 1739 in
719 1701 790 1753 apro
803 1686 878 1747 sunt,
893 1683 962 1753 guia
975 1698 1041 1752 pos·
1068 1697 1102 1734 ea
1118 1682 1182 1751 ipso
1200 1684 1336 1739 oriturm
1355 1693 1425 1741 erat.
1456 1685 1594 1741 Sintiiiter
1611 1695 1637 1740 et
1649 1686 1761 1741 Penus
1780 1694 1807 1743 st
1823 1687 1910 1745 iutro.

205 1772 325 1826 suntin
350 1773 489 1837 frumenti
512 1779 613 1825 statum
640 1771 813 1826 commutari.
846 1769 882 1824 Si
904 1784 970 1824 earo
988 1767 1043 1821 tae
1068 1767 1113 1823 Hi
1136 1770 1210 1823 enim
1232 1787 1296 1827 cum
1319 1770 1430 1826 duania
1455 1780 1560 1843 essent,
1589 1790 1645 1829 non
1667 1780 1733 1829 sunt
1749 1769 1909 1846 assumed

206 1857 423 1927 lonponimitate
451 1855 572 1911 Domini
596 1856 670 1912 nihii
697 1855 881 1911 lucrabuntur
909 1862 935 1910 et
952 1869 1042 1911 reces-
1068 1855 1123 1908 ssd
1132 1855 1270 1925 permmsi
1281 1857 1458 1922 suntoioen,
1475 1865 1507 1913 ut
1523 1865 1657 1917 erasmi
1671 1865 1776 1927 postea
1792 1859 1909 1913 Mum

206 1943 312 2012 serint,
336 1949 402 1996 tune
421 1941 592 1996 ineuitabilis
606 1957 702 2011 poena
728 1957 775 1998 eos
792 1941 952 1996 necessario
971 1939 1042 1995 saci·
1069 1940 1167 1996 virtus.
1208 1942 1328 1997 Dicitur
1355 1941 1444 2011 ipitur
1470 1943 1593 2013 anpelis,
1622 1945 1700 2014 quod
1724 1943 1756 2001 in
1782 1962 1909 2001 eonsum-

202 2029 274 2099 piet.
309 2027 497 2099 chrysologus
517 2044 597 2084 serm.
615 2033 662 2084 te:
689 2028 724 2083 Si
745 2029 856 2082 mnia
873 2027 934 2083 Dei
945 2033 1044 2095 poten·
1070 2028 1266 2083 motionetunc
1278 2029 1483 2099 cmpreaahitis
1496 2031 1612 2100 mania,
1628 2031 1680 2085 boe
1692 2029 1909 2095 esthaeretieos.

207 2116 250 2170 tio
274 2132 331 2168 non
355 2114 527 2178 subueniret,
557 2130 608 2168 neo
634 2114 810 2169 Matthaeum
837 2115 873 2168 ds
888 2113 1044 2183 publicano
1070 2112 1149 2168 Haec
1176 2113 1405 2186 Theophylaotus
1430 2132 1486 2171 non
1513 2115 1550 2171 de
1579 2115 1723 2188 quibusvis
1751 2117 1832 2173 malis
1850 2118 1910 2174 sire

207 2200 409 2270 esanpelistam
418 2232 436 2268 ,›
453 2216 504 2254 neo
520 2200 646 2255 Pastum
672 2202 708 2255 de
721 2208 907 2271 persecutore
932 2205 1045 2272 sposto-
1071 2198 1232 2271 flagitiosb,
1252 2201 1302 2256 sed
1322 2201 1358 2257 de
1373 2200 1521 2259 haereticis
1541 2208 1570 2259 et
1587 2202 1667 2257 malis
1686 2203 1908 2274 cogitationibus

206 2287 266 2341 ium
284 2286 404 2341 eoekda
423 2287 590 2356 possideret.
628 2284 819 2357 chrysostomi
836 2284 1045 2357 explicationem
1072 2285 1181 2345 emmiu
1198 2302 1351 2358 exponens,
1368 2286 1457 2358 probe
1474 2288 1548 2343 enim
1566 2288 1650 2354 vidit,
1667 2287 1834 2351 lammis
1851 2306 1908 2347 ma·

207 2374 332 2444 sequitur
371 2373 511 2429 Lutherus
548 2378 642 2429 noster
682 2373 712 2428 in
753 2373 924 2445 expositione
962 2373 1045 2442 hujus
1071 2372 1204 2443 gistratus
1221 2371 1357 2443 officium,
1384 2375 1408 2428 si
1431 2375 1467 2430 de
1495 2374 1639 2446 quibusvis
1656 2374 1820 2431 facinorosis
1836 2376 1909 2433 seci-

206 2458 366 2529 parabolae.
403 2461 549 2514 Doeemur
568 2458 693 2531 (inquit),
717 2462 856 2529 worado
873 2477 925 2514 nos
948 2472 1044 2529 perere
1071 2464 1210 2528 parentur.
1237 2458 1365 2517 &eundo
1375 2458 1482 2531 profert
1488 2460 1687 2531 expositionem
1697 2460 1785 2532 ipsius
1797 2461 1912 2532 Christi,

209 2545 360 2600 &beamus
379 2547 517 2599 adoerms
536 2545 701 2614 namanes,
720 2547 862 2600 nonenim
880 2560 928 2599 eos
946 2544 1044 2598 sastin-
1071 2543 1120 2615 qui
1135 2544 1246 2601 saonis
1263 2545 1335 2599 dicit
1354 2562 1413 2600 esse
1431 2544 1507 2613 filios
1526 2563 1659 2617 nequam,
1684 2548 1737 2601 hoe
1755 2555 1797 2602 est
1814 2566 1910 2605 omes

208 2646 294 2699 puers
314 2638 341 2684 st
356 2624 520 2685 exscindere
540 2637 665 2700 oportet,
691 2639 790 2703 aperte
806 2631 880 2686 enim
898 2630 944 2686 hie
964 2629 1044 2686 Chri
1066 2638 1238 2701 peccatores.
1279 2630 1337 2689 Sed
1361 2631 1396 2688 de
1423 2649 1457 2689 eo
1477 2634 1537 2703 jam
1564 2639 1630 2689 ante
1647 2633 1762 2704 egimus
1803 2633 1909 2704 Tertio,

207 2724 268 2770 stus
289 2717 345 2785 ait,
372 2717 454 2771 sinite
474 2723 594 2785 dragus
621 2733 760 2782 masere,
786 2718 848 2772 solo
874 2716 957 2770 oerho
986 2715 1046 2769 Dei
1072 2718 1213 2773 Dominus
1231 2735 1288 2772 nou
1307 2717 1368 2772 suls
1386 2718 1485 2788 oeiiipi
1496 2726 1522 2772 et
1540 2720 1689 2775 madidari
1705 2720 1825 2788 dranis,
1842 2720 1909 2777 hos·
1924 2726 2006 2769 ¹12¹!

208 2810 308 2858 eontra
325 2803 403 2872 ipsos
422 2804 562 2872 apendum
583 2803 699 2870 docem
728 2803 771 2857 ita
797 2804 870 2857 enim
893 2802 947 2857 bac
964 2802 995 2855 irs
1012 2816 1044 2855 re
1069 2805 1277 2874 reticosoutem
1289 2803 1348 2860 uult
1360 2805 1620 2876 ensdrparietnon
1637 2805 1738 2864 snae.
1761 2804 1850 2867 Exod.
1866 2813 1909 2865 22.

208 2890 318 2944 euenire
333 2889 415 2958 solet,
431 2895 463 2942 at
479 2888 530 2957 qui
540 2887 623 2944 hodie
634 2895 717 2954 erret,
734 2905 800 2943 eras
813 2888 906 2958 possit
924 2889 954 2943 in
971 2887 1045 2942 mem
1071 2890 1185 2947 Denter.
1207 2896 1247 2947 13.
1265 2896 1294 2949 et
1314 2896 1357 2948 18.
1381 2907 1448 2961 erpo
1472 2892 1552 2947 istud
1576 2892 1677 2946 melius
1700 2893 1737 2947 de
1748 2895 1909 2962 peecatori-

208 2975 313 3035 redire
351 2974 421 3038 Quis
440 2975 514 3028 enim
534 2974 627 3044 norit,
650 2976 765 3043 quondo
783 2974 844 3029 Dei
863 2975 973 3029 uerbum
996 2989 1046 3027 eor
1072 2977 1122 3031 hsss
1151 2977 1310 3046 inponere,
1339 2993 1424 3048 assam
1452 2977 1488 3032 de
1512 2978 1663 3042 laeana
1685 2979 1716 3032 in
1729 2980 1911 3048 particulari

210 3061 345 3133 morse
373 3061 411 3113 sit
435 3060 641 3114 astruatis-ami
673 3059 701 3114 si
723 3067 816 3114 autem
844 3067 978 3114 sauramr
1002 3059 1047 3112 oei
1072 3063 1247 3133 intelligitur.
1270 3061 1497 3134 Respondemus:
1513 3063 1741 3137 distinguendum
1755 3065 1910 3123 intestam·

210 3146 288 3203 aiios
303 3145 437 3210 toiiatur,
463 3154 538 3200 certe
561 3146 714 3214 impeditur
723 3185 731 3213 ,
757 3162 792 3201 ne
812 3146 906 3216 possit
924 3147 954 3199 in
971 3145 1047 3200 mom
1072 3167 1126 3221 pus
1143 3149 1177 3205 V.
1196 3165 1230 3205 aa
1249 3148 1285 3207 N.
1302 3148 1336 3206 T.
1354 3155 1388 3205 ut
1405 3165 1455 3204 suo
1477 3148 1538 3204 loco
1562 3149 1692 3220 pluribus
1711 3150 1910 3221 declarabitur,

210 3232 323 3302 reduci,
351 3233 407 3286 imo
424 3231 486 3300 iam
501 3231 598 3302 perire
616 3247 680 3286 eum
697 3246 807 3286 neeesse
824 3230 877 3297 sit,
904 3231 953 3300 qui
970 3231 1047 3285 aiios
1072 3233 1118 3290 hic
1141 3233 1211 3290 illud
1239 3235 1375 3291 duntaxat
1397 3239 1542 3304 nummus,
1572 3235 1649 3308 quod
1671 3235 1810 3295 iohannis
1827 3237 1864 3295 de
1881 3240 1911 3295 la

208 3318 346 3389 potuhset
364 3318 400 3372 ab
421 3333 519 3372 errore
537 3314 665 3374 liberari.
1072 3320 1158 3392 Haya
1176 3326 1371 3392 argumentum
1398 3320 1435 3377 ad
1462 3319 1614 3376 absurdum
1630 3321 1721 3394 redigi
1740 3324 1836 3394 possit
1876 3325 1910 3381 Iu

83 3398 157 3489 Εἶθ’·
247 3410 306 3461 324.
341 3403 525 3460 Bellarminus
554 3401 657 3473 excipit
687 3407 709 3458 1.
739 3401 849 3457 nomine
878 3403 1046 3458 siaoniorum
1072 3407 1163 3477 prima
1180 3422 1254 3462 emm
1273 3412 1454 3469 renouauit:
1473 3409 1910 3479 qurpatrsshauoparoholam

83 3455 176 3542 iiii!
211 3509 268 3547 son
292 3490 418 3560 inteliipi
438 3490 514 3545 solos
538 3488 709 3554 haereticos,
735 3490 788 3543 sed
811 3503 905 3543 omnes
924 3487 1047 3542 homines
1072 3493 1219 3548 sesamae
1233 3495 1455 3558 accommodant,
1472 3510 1529 3547 non
1547 3494 1698 3551 secludunt
1714 3495 1790 3551 aiios
1807 3498 1909 3564 maios,

85 3553 150 3595 '⁰¹⁰¹‘
211 3579 310 3633 maios.
344 3576 567 3648 Respondemus:
593 3573 761 3631 eontrarium
779 3573 949 3629 ostendimus
966 3589 1047 3644 supe·
1072 3580 1203 3633 nimirum
1228 3578 1296 3648 assia
1315 3580 1422 3650 species
1440 3579 1598 3634 continetur
1619 3581 1650 3635 in
1666 3597 1718 3635 ssso
1735 3598 1854 3653 penere5
1882 3590 1911 3639 et

212 3664 278 3721 rius.
316 3662 501 3719 Bellarminus
527 3661 557 3717 id
577 3660 654 3716 nullo
674 3660 730 3716 alio
753 3664 918 3733 argumento
936 3659 1045 3731 probat,
1071 3662 1226 3725 iuratione
1244 3665 1381 3722 secunda:
1410 3665 1532 3721 Zmania
1549 3673 1614 3719 sunt
1628 3666 1687 3731 fitis·
1705 3683 1834 3738 nequam,
1859 3669 1910 3739 qni

212 3766 295 3821 quam
319 3765 354 3804 ex
369 3748 461 3804 verbis
481 3746 599 3812 Christi,
625 3747 735 3802 sitam
759 3754 824 3801 sunt
840 3747 899 3817 filis·
916 3762 1045 3816 nequam,
1072 3768 1128 3805 nors
1145 3757 1253 3805 tantum
1269 3751 1441 3821 Mmeticos,
1458 3751 1615 3806 sedetiam
1633 3768 1728 3806 onmes
1740 3761 1908 3823 peccatores

211 3844 238 3891 et
254 3835 344 3891 mittet
354 3835 437 3906 filius
453 3835 573 3890 hominis
589 3836 706 3904 onpeios
722 3851 796 3902 suos,
814 3842 841 3888 st
857 3833 991 3903 radipert
1010 3835 1046 3888 de
1072 3835 1240 3906 sipns'fioant.
1273 3835 1364 3907 Atqui
1380 3835 1410 3891 si·
1423 3835 1459 3891 de
1475 3836 1669 3908 peecatoribus
1693 3837 1723 3894 in
1740 3855 1845 3909 genere
1861 3857 1907 3895 ac·

211 3937 298 3991 repno
316 3922 379 3990 ejus
399 3921 493 3978 omnio
510 3922 652 3977 scandata
675 3928 702 3976 et
720 3937 784 3990 eos,
802 3920 853 3990 qui
861 3920 978 3989 sariunt
993 3920 1046 3974 ini·
1072 3922 1212 3993 cipiuntnr
1228 3921 1347 3992 simnia,
1363 3938 1537 3992 consequens
1554 3921 1615 3992 erit,
1633 3922 1725 3979 nullos
1744 3931 1908 3995 peccatores

211 4001 353 4076 auhsum,
372 4014 399 4061 et
417 4007 526 4061 mittent
543 4007 573 4060 in
591 4008 731 4066 caminum
747 4008 828 4077 ipris.
861 4006 966 4062 Verum
978 4004 1046 4078 quid
1073 4008 1273 4081 amagistratu
1286 4006 1430 4078 usurpari
1440 4023 1531 4079 posse,
1550 4007 1745 4079 quodfalsum
1756 4027 1818 4069 esse
1836 4013 1908 4084 ipse

211 4093 277 4151 hnic
295 4091 423 4165 argutiae
439 4091 662 4164 respondendum
679 4093 729 4161 sit,
759 4098 885 4149 comme
902 4096 995 4163 potest
1012 4108 1046 4147 ex
1073 4100 1131 4151 met
1149 4095 1178 4150 la
1192 4093 1279 4166 Hays
1300 4092 1436 4164 agnoseit.
1459 4093 1567 4149 Eadem
1579 4110 1646 4167 ergo
1657 4095 1765 4152 ratione
1776 4097 1909 4170 suffigere

212 4178 408 4255 superioribus.
455 4177 597 4235 «Iohannes
624 4178 659 4235 de
684 4179 714 4235 la
740 4178 826 4250 Haya
850 4179 880 4233 in
905 4177 1046 4249 triumpho
1072 4196 1200 4251 possum:
1225 4178 1362 4235 Dominus
1385 4197 1441 4235 non
1458 4179 1518 4235 vult
1538 4180 1673 4239 eradicari
1692 4181 1814 4253 manis,
1842 4183 1912 4241 faciss

212 4266 337 4324 veriatis
361 4264 489 4337 pluribus
514 4264 685 4336 argumentis
711 4264 741 4320 id
760 4265 948 4321 demonstrare
965 4279 1048 4320 oona·
1072 4281 1187 4322 norosos
1204 4272 1298 4323 sutem
1315 4263 1376 4320 vult
1394 4266 1540 4337 exstirpari
1553 4272 1582 4321 et
1599 4283 1655 4321 non
1674 4267 1776 4339 rivms,
1796 4277 1829 4328 ut
1845 4288 1910 4328 enn-

211 4359 266 4411 tur.
305 4350 400 4406 Primo
425 4357 507 4422 urget
533 4350 728 4406 auctoritatem
758 4353 871 4421 patrum
896 4349 1048 4418 Ambrosii,
1073 4357 1137 4409 stat
1161 4351 1236 4426 Ergo
1256 4367 1313 4407 non
1330 4357 1424 4421 potest
1438 4350 1647 4414 defacinorosis
1665 4352 1794 4428 intelligi
1820 4356 1908 4422 Quar-

211 4437 373 4508 Aupustini,
395 4437 537 4508 Greporii,
559 4436 763 4509 Theophplocti
780 4444 807 4491 et
824 4435 957 4492 aueum
992 4433 1049 4491 Sed
1073 4445 1132 4497 tam
1160 4437 1293 4493 rationem
1321 4438 1393 4508 petit
1419 4453 1453 4491 ee
1483 4440 1539 4503 fisse
1567 4446 1593 4494 et
1623 4456 1709 4510 scopo
1729 4442 1909 4511 parabolae:

217 4524 344 4597 patribus
360 4522 405 4580 his
425 4523 590 4594 opponimus
607 4522 677 4579 alios
696 4528 803 4594 patres,
821 4538 939 4594 quorum
956 4519 1048 4577 calcu
1074 4523 1257 4581 Pmsesdsnti
1272 4523 1407 4594 parabole
1417 4524 1538 4580 ostendit
1550 4523 1686 4595 Christus,
1704 4527 1805 4583 honum
1818 4545 1910 4584 semen

213 4610 272 4665 lum
287 4609 405 4682 ipsemet
422 4608 503 4666 nobis
522 4608 678 4681 concessit,
700 4624 753 4669 nec
772 4607 822 4672 illi,
841 4607 890 4678 qni
908 4623 959 4678 per
975 4606 1047 4663 siaa·
1075 4626 1134 4664 esse
1151 4611 1263 4680 jactum
1285 4611 1317 4664 in
1341 4617 1435 4665 terrae
1454 4610 1518 4665 loeo
1546 4619 1572 4665 et
1589 4619 1690 4680 partes
1721 4619 1856 4683 wear,
1885 4620 1911 4666 et

213 4697 262 4769 nia
289 4697 381 4753 maios
410 4697 441 4751 in
468 4711 568 4764 penore
599 4693 776 4766 intelligunt,
808 4695 927 4753 adversa
956 4693 1048 4749 fronte
1074 4715 1160 4751 ursum
1184 4703 1291 4751 tantum
1307 4703 1420 4766 portem
1441 4696 1544 4758 facim
1563 4698 1690 4764 fructum
1713 4698 1832 4767 honum
1857 4699 1910 4755 hat

214 4789 325 4839 norbae
352 4781 516 4852 expositioni
543 4789 716 4854 repugnant,
741 4798 805 4836 eum
836 4780 968 4838 haeretici
996 4780 1049 4836 sub
1075 4799 1140 4839 vere
1158 4782 1248 4851 docet,
1267 4799 1328 4836 eam
1341 4789 1462 4852 partem,
1483 4799 1554 4853 quoe
1571 4800 1663 4838 samen
1683 4785 1823 4853 menotiii
1838 4786 1909 4840 reri·

213 4869 326 4932 nomine
344 4874 373 4923 et
391 4883 506 4923 numero
523 4868 659 4923 malorum
675 4867 952 4939 comprehendantur,
970 4867 1050 4939 quin·
1071 4869 1125 4938 pit,
1143 4885 1200 4922 nors
1217 4884 1277 4923 esse
1295 4868 1406 4923 omnim
1420 4887 1524 4938 puram
1542 4877 1570 4923 et
1591 4868 1716 4925 omnies
1728 4879 1816 4940 parts
1833 4890 1910 4926 mun·

214 4955 270 5012 imo
298 4954 413 5026 quidum
437 4971 470 5010 ex
494 4953 550 5009 illis
568 4953 636 5026 ipsis
653 4954 780 5026 patribus
804 4960 927 5010 nostram
945 4953 1048 5024 ample·
1075 4955 1160 5024 dam,
1196 4954 1249 5006 ssd
1278 4951 1369 5007 nans
1397 4955 1482 5008 etiam
1509 4954 1611 5009 hohsm
1643 4955 1724 5009 hones
1746 4956 1911 5024 peraratas.

214 5047 328 5099 utuntur
345 5040 551 5113 expositionem.
587 5040 762 5113 Angurstinus
779 5040 811 5097 in
827 5040 875 5096 lib.
888 5043 995 5111 quaest
1014 5054 1048 5094 ex
1073 5037 1298 5109 Respondemus:
1327 5035 1390 5093 ideo
1407 5045 1492 5110 atque
1509 5038 1574 5096 inde
1592 5040 1767 5110 potissimum
1784 5058 1818 5098 ea
1836 5059 1910 5113 pars,

213 5128 313 5185 Matth.
332 5144 356 5183 c.
377 5132 421 5182 ¹2:
442 5128 512 5182 stem
528 5142 588 5182 esse
606 5127 722 5196 quisque
732 5125 895 5196 spiritmis
913 5126 1049 5195 eoeperit,
1075 5141 1148 5197 quae
1166 5141 1260 5180 semen
1279 5123 1418 5196 evangelii
1436 5125 1543 5196 recipit,
1564 5143 1619 5181 non
1638 5133 1681 5182 est
1698 5127 1811 5184 omnino
1829 5144 1909 5200 pura,

213 5215 355 5285 capnosoit
373 5230 485 5269 errores
502 5212 708 5267 haeretieorum
725 5220 751 5266 et
775 5211 886 5267 omnino
904 5212 1049 5281 diiudicat
1073 5211 1140 5287 quia
1157 5209 1286 5271 ffiabolus
1311 5209 1439 5267 haereses
1463 5212 1493 5267 in
1518 5213 1609 5268 medio
1636 5212 1753 5269 visibilis
1778 5214 1911 5270 ecclesiae

213 5308 297 5371 dgito
316 5299 467 5369 discernit,
485 5298 627 5367 quidquid
649 5298 776 5353 audierit
793 5305 842 5353 aut
859 5297 973 5367 ispers‘t,
1000 5298 1047 5351 ah·
1073 5314 1141 5369 agro
1158 5294 1276 5353 seminet
1295 5301 1319 5355 1.
1338 5295 1399 5353 Cor.
1422 5303 1462 5366 11,
1478 5315 1505 5354 v.
1527 5304 1566 5355 19.
1584 5314 1656 5371 quse
1675 5299 1811 5357 conuuio
1827 5300 1911 5373 hujus

213 5385 331 5443 herrm
351 5404 370 5440 a
391 5385 492 5455 reputa
514 5383 650 5440 ueritatis.
698 5382 776 5438 Ibid:
805 5385 906 5439 Dones
930 5383 993 5453 quis
1019 5383 1048 5439 in
1073 5382 1224 5455 parabolae
1252 5400 1316 5439 num
1338 5383 1523 5456 praecedente
1547 5390 1590 5440 est
1612 5385 1680 5443 ntis
1702 5386 1853 5455 eonamm,
1881 5386 1912 5443 in

213 5470 410 5545 spiritualibus
420 5469 590 5542 perficiatur
607 5477 634 5525 et
651 5471 858 5539 quodammodo
876 5477 1047 5527 maturescat
1073 5470 1258 5542 praecedente
1284 5469 1392 5541 dmuit,
1424 5469 1525 5543 quihus
1549 5471 1625 5528 ritas
1650 5489 1685 5529 aa
1709 5489 1818 5531 mamm
1836 5474 1911 5531 uitiis
