4020 6014
663 320 715 376 DE
734 316 986 377 thalamun
1006 316 1193 376 romuleo.
1708 325 1768 381 471

72 476 142 531 Luc.
166 484 209 536 13.
235 496 260 533 v.
282 479 323 536 32.
344 484 368 534 2.
388 477 459 531 Tim.
480 484 509 540 4,
535 495 561 530 v.
586 476 624 531 u.
661 475 753 540 Quare
771 491 834 529 cum
852 472 910 527 ani·
936 472 1029 543 gladio
1053 472 1208 543 puniendos
1231 490 1291 529 esse
1317 471 1501 528 Bellarmiuue
1521 472 1682 544 neutiquam
1705 487 1768 524 oon-

71 563 191 617 malibus
216 563 271 618 illis
298 564 416 618 insidiae
442 568 583 617 struantur
601 569 645 631 et,
674 562 699 616 si
717 579 813 617 earum
829 558 911 630 copia
935 557 1022 613 cedet
1060 564 1085 614 9.
1103 559 1163 614 Nec
1181 559 1303 628 iuribus,
1331 575 1384 614 nec
1401 559 1554 614 latronibus
1572 557 1645 629 ignis
1663 556 1767 626 suppli·

71 648 132 703 fieri
150 655 250 719 potest,
261 648 433 717 occidantur,
452 648 535 703 etiam
555 648 660 702 subditi
673 647 832 703 crudelibus
851 660 908 700 me·
934 642 1007 696 cium
1032 644 1170 699 Pontifioii
1196 644 1331 712 inierunt,
1359 662 1414 716 qno
1440 652 1533 699 tamen
1552 644 1683 698 adversus
1702 642 1766 699 hae·

71 734 235 805 gistraffius
258 743 286 789 et
311 736 382 789 servi
407 735 521 789 morosis
551 734 668 789 dominis
687 733 812 789 insidiari
831 740 867 801 et,
884 731 908 785 si
932 729 1046 797 reticos,
1076 737 1105 784 et
1128 731 1241 802 quidem
1267 731 1420 800 promiscue
1444 731 1577 786 adversus
1596 746 1689 785 omnes
1709 745 1764 782 non

70 819 132 874 fieri
151 825 256 891 potest,
285 821 411 876 emedio
429 821 492 875 illos
508 820 606 875 tollere
622 826 758 876 tenentur.
793 818 906 874 Contra-
931 814 1020 870 solum
1057 816 1233 886 seductores,
1270 817 1425 873 sedetiam
1457 818 1594 885 seductus,
1625 814 1763 870 ordinaris

71 906 143 960 rium
155 907 277 961 ostendit
290 907 416 961 doctriua
428 913 456 961 et
467 907 560 976 praxis
571 906 758 977 apostolorum
769 906 848 960 Rom.
864 910 917 972 13,;
928 907 1052 960 utuntur.

69 1010 96 1047 v.
122 999 146 1048 2
181 1000 203 1050 1.
228 993 303 1049 Petr
330 999 360 1060 2,
387 1011 412 1048 v.
441 998 480 1049 18.
515 992 586 1047 Item
605 992 671 1046 mali
689 1008 790 1055 mores,
816 1005 902 1060 prava
962 992 1021 1044 317.
1066 990 1159 1043 1.(ιὸ
1201 989 1334 1062 maniplis
1365 988 1472 1044 Chresti
1507 996 1533 1043 st
1561 987 1761 1058 apostolorum.
1774 973 1861 1067 ᾆξ’,

70 1078 211 1148 colloquia
234 1086 263 1133 et
288 1079 377 1133 omnis
399 1078 509 1150 generis
534 1078 666 1133 scandala
685 1083 801 1147 serpunt
816 1077 903 1131 instar
928 1071 1057 1127 Christus
1081 1075 1147 1128 Joh.
1165 1076 1193 1132 2,
1208 1075 1328 1144 flopslto
1349 1076 1439 1144 coepit
1455 1075 1642 1143 negotiatores
1665 1072 1764 1140 eprcds'
1774 1082 1884 1169 :inlisum

68 1181 259 1234 qonproenus
293 1164 369 1234 Ergo
387 1164 423 1218 ob
441 1181 530 1220 mores
547 1165 642 1232 mulos,
661 1180 749 1233 prava
765 1162 903 1232 colloquia
927 1160 1079 1231 irruptum
1110 1162 1213 1215 Petrus
1229 1162 1292 1219 Act.
1310 1166 1336 1217 ὁ.
1361 1163 1506 1216 Asuuium
1530 1169 1557 1214 st
1582 1159 1804 1238 sapphiram.
1805 1179 1890 1230 mu,

68 1259 99 1305 et
128 1250 260 1304 seandala
282 1250 396 1321 quaevis
413 1249 537 1304 homines
562 1259 627 1304 sunt
645 1249 802 1320 capitaliter
821 1247 901 1318 puni·
928 1246 996 1314 quia
1013 1247 1127 1300 metiri
1143 1246 1326 1312 aurifosss'ut
1345 1247 1502 1317 Spei-itate.
1522 1247 1638 1310 occidit3
1655 1245 1764 1300 Paulus

68 1337 143 1392 endi.
179 1336 218 1390 At
235 1335 457 1407 consequentiam
480 1335 552 1390 hanc
576 1353 611 1391 ne
633 1336 694 1406 ipse
711 1334 823 1407 quidem
840 1333 903 1389 Bel·
929 1332 993 1389 Act.
1014 1336 1057 1388 13.
1068 1333 1184 1401 falsum
1198 1334 1375 1404 prophetam,
1393 1350 1443 1403 qus
1438 1333 1654 1402 'procoosutsm
1671 1348 1690 1385 o
1707 1332 1762 1396 fide

68 1422 203 1477 larminue
215 1423 355 1477 concedet
378 1429 400 1478 t.
416 1421 583 1478 invertimus
599 1430 800 1495 argumentum.
828 1419 903 1475 Hae·
929 1418 1068 1485 impedire
1083 1420 1245 1488 conabatur,
1263 1421 1396 1474 coscituu
1413 1420 1560 1488 percussi.
1584 1417 1662 1472 Idem
1680 1433 1762 1488 argu·

68 1510 148 1563 retici
167 1514 233 1578 sqnt
251 1508 318 1578 lupi,
335 1509 410 1563 iures
433 1515 462 1564 et
481 1509 603 1564 lauouee
628 1509 794 1579 spirituales.
829 1507 904 1578 Ergo
930 1510 1054 1558 mentum
1080 1511 1163 1577 urget
1187 1504 1264 1561 Bene
1288 1505 1314 1559 d.
1338 1506 1357 1560 l.
1383 1522 1410 1575 p.
1432 1510 1489 1560 162.
1526 1505 1634 1558 Mirum
1653 1501 1762 1574 (inquit)

69 1595 153 1648 etium
174 1593 310 1664 spirituali
329 1594 422 1664 gladio
438 1599 503 1647 sunt
521 1593 655 1658 feriendi,
684 1595 713 1648 id
731 1599 775 1649 eet
792 1592 904 1647 anathe-
928 1590 1022 1644 videri
1037 1608 1094 1645 sos
1112 1592 1199 1660 dehet,
1219 1593 1247 1645 si
1261 1593 1298 1646 ub
1318 1592 1467 1647 ordinario
1485 1592 1546 1645 Dei
1561 1590 1690 1644 ministro
1701 1589 1763 1659 pla·

69 1679 235 1743 maritandi,
265 1679 348 1752 quale
375 1679 448 1735 enim
474 1686 517 1735 est
540 1679 645 1734 furtum
669 1697 702 1735 ac
721 1679 904 1747 latrocinium,
930 1676 996 1730 dtus
1013 1677 1200 1731 inconvictos
1217 1684 1244 1732 et
1261 1679 1399 1742 factiosos
1416 1678 1564 1745 religiosis
1583 1685 1763 1731 emensam

68 1768 125 1821 tale
142 1783 253 1837 quoque
269 1766 353 1821 dehet
377 1782 438 1821 esee
455 1766 580 1837 ejusdem
607 1766 774 1837 supplicium
790 1772 905 1836 propter
929 1764 1102 1832 crispatur,
1125 1782 1186 1818 eum
1203 1764 1306 1819 Petrus
1322 1765 1353 1818 iu
1371 1764 1485 1833 defectu
1501 1764 1656 1818 Christum
1675 1763 1764 1829 mogi·

68 1862 234 1924 perpetuum
260 1852 360 1923 cnlpae
388 1856 417 1906 et
439 1868 546 1923 poenae
571 1859 737 1923 ruopertum.
772 1851 904 1906 Haereeis
929 1858 1033 1903 stratm
1052 1857 1133 1905 cetra
1149 1851 1276 1905 ordinem
1299 1851 1447 1919 sclipioais
1464 1857 1642 1917 certantum,
1666 1865 1762 1917 qaam·

68 1946 112 1994 est
142 1955 304 2010 mugraena
334 1939 494 2008 spiritualis.
540 1939 615 2009 Ergo
652 1939 737 1994 etiam
766 1937 904 2009 spirituali
928 1937 970 1989 uis
994 1936 1087 1990 adhuc
1106 1938 1244 1991 semitm
1267 1943 1293 1991 ct
1319 1937 1457 2000 latentem,
1480 1935 1602 2004 capituli
1619 1935 1761 2005 uspplics'o

68 2025 164 2097 gladio
182 2024 414 2094 praescindendo,
435 2024 526 2096 qualis
544 2025 617 2080 enim
634 2031 678 2080 est
695 2024 822 2093 morbus,
847 2024 903 2078 tale
927 2023 1062 2090 pecierit.
1088 2021 1313 2092 Respondemus:
1334 2028 1356 2078 1.
1369 2022 1407 2077 ah
1417 2021 1551 2092 exemplis
1569 2020 1686 2075 heroicis
1706 2021 1762 2076 sin·

69 2128 180 2181 quoque
198 2110 283 2165 debet
300 2127 361 2165 esse
380 2111 539 2165 remedium
574 2117 600 2167 1.
620 2110 730 2166 Protasi
748 2109 903 2165 similitudi·
929 2107 1074 2178 gularibue
1099 2117 1128 2163 et
1149 2108 1375 2163 extraordinariis
1403 2124 1460 2162 non
1478 2111 1571 2178 potest
1594 2106 1660 2161 duci
1677 2124 1761 2178 quae·

68 2196 111 2249 nis
129 2194 259 2266 apodueie
277 2196 402 2266 ejusdem
415 2202 511 2251 exacte
527 2196 613 2251 debet
629 2195 803 2267 respondere
837 2195 903 2251 Jam
929 2191 993 2247 dam
1017 2193 1155 2265 generalis
1182 2194 1296 2265 regula3
1326 2199 1351 2249 2.
1370 2193 1490 2248 maxima
1515 2193 1588 2248 enim
1615 2192 1777 2263 utrobique,

68 2300 133 2336 vero
152 2282 276 2352 protaein
296 2281 484 2335 similitudinis
498 2281 684 2337 Bellarminus
702 2282 743 2337 sic
760 2281 900 2338 informat.
930 2280 1050 2334 occurrit
1073 2279 1231 2345 diversitas,
1261 2280 1352 2352 qualis
1378 2279 1462 2335 etiam
1484 2279 1536 2335 hoc
1560 2278 1621 2334 loco
1638 2278 1761 2332 animad-

68 2368 142 2438 Lupi
165 2384 294 2436 rapaces,
320 2367 344 2420 ei
368 2368 449 2422 aliter
466 2367 542 2439 abigi
561 2385 616 2422 non
636 2374 766 2439 possunt,
795 2367 902 2437 optimo
928 2365 1052 2421 vertitur.
1087 2365 1182 2420 Primo
1205 2374 1334 2434 respectu
1360 2383 1556 2438 personarum.
1586 2365 1712 2420 Christus
1733 2372 1762 2419 et

63 2459 126 2522 jure
153 2454 324 2509 occiduntur.
360 2454 436 2525 Ergo
459 2454 594 2524 apoduein
622 2453 719 2509 eodem
741 2454 824 2509 modo
847 2453 902 2507 ior·
927 2451 1045 2521 apostoli
1064 2451 1284 2507 ecclesiasticum
1302 2450 1483 2506 ministerium
1500 2451 1529 2505 in
1548 2452 1628 2506 terrie
1644 2451 1759 2505 mmini-

66 2557 143 2594 mare
167 2538 261 2596 debet.
296 2538 445 2608 Haeretici,
470 2540 493 2593 si
516 2539 597 2594 aliter
613 2540 688 2611 abigi
706 2557 761 2595 ιιοιι
778 2544 902 2610 possunt,
927 2542 1058 2603 strarant,
1079 2537 1129 2591 sed
1141 2537 1187 2591 hic
1203 2537 1330 2609 quaestio
1346 2543 1389 2592 est
1406 2537 1441 2592 de
1453 2537 1618 2608 magistratu
1638 2535 1759 2607 politico.

66 2627 95 2680 id
110 2632 152 2680 est
167 2625 190 2695 qi
205 2625 380 2698 magistratui
391 2625 518 2680 exsilium
529 2626 597 2696 ipsis
608 2626 756 2696 imperanti
773 2631 901 2696 proterve
927 2621 1054 2677 Christus
1074 2629 1103 2679 et
1121 2623 1242 2694 apostoli
1260 2623 1381 2679 motibus
1399 2623 1518 2679 heroicis
1542 2623 1654 2695 impulsi
1672 2631 1761 2679 extra·

66 2710 196 2765 resistant
217 2717 245 2766 et
262 2711 389 2766 subditos
405 2711 443 2765 ad
466 2711 632 2767 seditionem
655 2711 807 2779 mucitem,
834 2717 902 2765 tunc
926 2708 1065 2764 ordinaris
1088 2708 1189 2763 inillis
1218 2709 1315 2780 poenis
1339 2709 1532 2779 praedicendis
1551 2715 1582 2765 et
1601 2709 1761 2781 infligendis

66 2799 178 2852 demum
193 2799 257 2869 jure
274 2798 444 2853 occiduntur.
480 2803 505 2854 a.
521 2797 661 2854 Haeretici
676 2814 733 2869 qua
749 2797 831 2867 tales,
848 2797 901 2853 nisi
926 2801 1056 2868 egerunt,
1083 2794 1133 2850 sed
1157 2795 1204 2849 hic
1223 2794 1350 2866 quaestio
1373 2802 1416 2851 est
1437 2796 1473 2850 de
1496 2796 1636 2852 ordinaria
1662 2812 1761 2867 poena,

66 2884 203 2939 accedant
216 2883 374 2951 seditiones,
391 2899 447 2938 non
458 2885 624 2955 perturbant
639 2900 738 2955 pacem
749 2883 901 2955 politicam,
926 2898 984 2954 qna
1002 2882 1181 2954 magistratus
1199 2880 1229 2935 in
1247 2881 1403 2937 haereticm
1415 2882 1632 2940 animadvertere
1650 2883 1758 2938 debeat

66 2971 116 3025 sed
137 2971 272 3024 duntaxat
285 2969 420 3025 unitatem
431 2969 563 3025 scindunt
580 2969 803 3028 ecclesiasticam.
824 2970 901 3042 Ergo
926 2967 1054 3038 Apostoli
1072 2982 1190 3039 poenam
1207 2967 1285 3023 illam
1304 2985 1360 3023 non
1378 2973 1437 3022 tam
1455 2969 1508 3040 ipsi
1527 2970 1658 3040 tulerunt,
1675 2987 1759 3042 quam

66 3075 124 3111 non
141 3062 206 3111 sunt
225 3055 338 3125 capitali
362 3056 500 3127 supplicio
517 3062 651 3128 tanquam
678 3056 808 3127 politicae
825 3057 901 3128 pacis
928 3054 1059 3108 divinitus
1076 3052 1248 3110 inferendam
1267 3054 1471 3125 praedixerunt
1496 3056 1596 3111 Petras
1613 3056 1686 3112 enim
1703 3073 1759 3112 non

66 3143 223 3198 turbatores
239 3142 389 3211 afficiendi,
408 3144 458 3200 sed
475 3161 525 3214 per
542 3145 851 3199 excommunicationem
864 3144 901 3199 ab
928 3140 993 3195 tulit
1012 3140 1177 3196 sententiam
1193 3140 1380 3211 judiciariam,
1400 3141 1450 3197 sed
1466 3142 1572 3212 Spiritu
1588 3142 1642 3196 Dei
1662 3142 1760 3213 plenus

67 3230 202 3285 ecclesiae
218 3246 334 3299 corpore
351 3230 494 3285 resecandi
506 3236 535 3285 et
554 3230 592 3285 ah
610 3231 676 3285 ovili
692 3231 839 3287 Dominico
851 3248 902 3301 per
928 3227 1051 3282 divinam
1074 3227 1165 3281 avaris
1190 3231 1219 3281 et
1236 3227 1416 3283 mendacibus
1434 3228 1591 3284 hominihus
1615 3227 1761 3284 denuntia·

67 3315 260 3387 magistratum
284 3314 412 3384 pellendi.
448 3315 634 3388 Garsgraenae
660 3317 768 3371 curatio
794 3316 827 3370 iit
852 3333 902 3387 per
928 3313 969 3368 vit
985 3312 1145 3369 vindictam.
1181 3314 1266 3377 Eece,
1283 3313 1375 3386 inquit
1391 3331 1418 3370 r.
1438 3321 1463 3371 9.
1477 3317 1567 3385 pedes
1586 3332 1693 3384 eorum,
1712 3316 1763 3385 qui

10 3408 51 3451 tra
66 3403 247 3457 resectionem
274 3401 391 3455 membri
412 3401 517 3471 putridi
542 3408 572 3457 et
589 3403 722 3466 emortui,
748 3402 788 3458 sic
805 3402 900 3458 haere-
927 3401 1096 3472 sepelierant
1111 3400 1203 3455 virum
1228 3403 1499 3467 laomedontem
1517 3408 1582 3456 suut
1600 3410 1627 3456 ct
1645 3405 1762 3473 efferent

67 3488 116 3543 tici
140 3494 274 3556 tanquam
297 3487 410 3557 putrida
433 3492 463 3542 et
489 3495 597 3542 mortua
619 3487 754 3543 ecclesiae
778 3488 902 3543 membra
927 3495 963 3542 tc.
999 3486 1106 3541 Paulus
1128 3485 1226 3541 itidem
1249 3485 1412 3543 coecitatem
1435 3504 1492 3542 non
1522 3486 1674 3552 inferebat,
1711 3488 1760 3543 sed

66 3591 117 3645 per
136 3573 444 3629 excommunicationem
466 3573 683 3628 ecclesiasticam
705 3579 735 3629 et
755 3574 900 3645 relegatio
927 3572 1115 3643 praedicebat
1150 3574 1240 3640 Ecce,
1273 3572 1365 3644 inquit
1391 3591 1419 3628 r.
1452 3579 1490 3628 ti.
1518 3590 1618 3628 meam
1643 3575 1762 3629 Domini

67 3678 130 3715 nem
150 3659 258 3713 civilem
276 3658 399 3713 exscindi
419 3666 549 3729 possunt,
575 3660 642 3714 licet
664 3676 721 3714 non
738 3661 849 3730 penitus
867 3677 900 3716 ex
928 3676 1012 3727 super
1029 3667 1056 3712 te
1074 3666 1100 3712 st
1117 3660 1173 3712 oses
1191 3675 1304 3725 coecum,
1322 3676 1379 3712 sos
1397 3660 1495 3714 videus
1510 3661 1599 3714 solem
1616 3678 1701 3730 usqae
1719 3663 1761 3715 od

66 3746 188 3799 humana
212 3743 345 3798 societate
369 3744 435 3814 igne
455 3750 484 3798 et
514 3744 610 3816 gladio
639 3745 780 3801 tollantur.
817 3749 839 3804 1.
867 3746 901 3800 In
928 3754 1042 3814 tempus.
1078 3742 1118 3798 At
1136 3743 1182 3798 hic
1200 3744 1325 3815 quaestio
1343 3750 1388 3799 est
1405 3743 1440 3800 de
1463 3762 1567 3816 poena,
1590 3749 1669 3818 cujus
1689 3746 1760 3802 infli-

66 3832 152 3885 aiiata
176 3829 356 3884 similitudine
382 3829 584 3885 haereticorum
609 3847 673 3885 cum
695 3831 769 3901 lupis
785 3838 903 3901 apparet
927 3831 1037 3903 gendae
1057 3835 1180 3900 potestas
1199 3835 1243 3885 est
1260 3831 1289 3885 in
1306 3847 1392 3885 mann
1410 3831 1596 3903 magistratus.
1632 3832 1759 3888 Secunm

66 3917 203 3990 quaedum
221 3916 383 3985 diversitas,
402 3933 473 3987 qnae
491 3917 625 3987 impedire
643 3918 735 3985 debet,
755 3919 901 3989 quominus
927 3926 1055 3988 respectu
1085 3917 1262 3985 objectorum.
1311 3916 1431 3973 Christo.
1446 3919 1588 3990 negotium
1615 3918 1670 3974 fuit
1696 3935 1759 3974 cum

66 4004 165 4059 eodem
186 4002 268 4072 plane
288 4003 369 4057 modo
387 4018 450 4057 cum
463 4003 587 4075 utrisque
600 4009 707 4074 agatur.
742 4002 841 4074 Lupus
858 4010 901 4059 est
927 4002 1117 4058 nummulariis
1134 4009 1163 4056 et
1181 4003 1371 4059 venditoribus
1384 4004 1476 4071 houm
1493 4005 1587 4059 ovium
1604 4021 1638 4059 ac
1655 4004 1759 4060 colum·

65 4089 169 4143 animal
187 4088 277 4143 ferum
297 4096 326 4143 et
342 4088 544 4160 incorrigibile,
571 4090 647 4161 quod
671 4095 797 4145 naturam
821 4108 899 4145 suam
926 4090 1025 4145 barum
1043 4089 1176 4159 templum
1193 4090 1248 4144 Dei
1267 4090 1496 4161 profanantibus,
1518 4092 1602 4148 Petro
1619 4109 1682 4147 cum
1693 4109 1758 4147 ava-

67 4192 209 4245 nunqnam
233 4176 362 4245 deponit,
386 4192 437 4230 nec
456 4175 484 4229 in
502 4192 582 4231 ovem
599 4182 631 4230 ut
647 4182 776 4244 mutetur,
794 4177 899 4247 sperari
926 4177 972 4240 ris,
989 4175 1176 4233 fraudulentis
1194 4191 1229 4230 ac
1246 4177 1437 4244 mendacibus,
1453 4177 1543 4232 Paulo
1568 4195 1630 4232 cum
1648 4178 1759 4233 homine

66 4261 124 4316 ulia
145 4261 252 4316 ratione
276 4266 382 4330 poteet3
409 4262 458 4317 sed
481 4261 636 4317 haereticus
659 4278 709 4331 per
731 4262 847 4318 verbum
871 4269 900 4318 et
925 4278 1015 4334 mago.
1052 4263 1094 4316 At
1111 4261 1165 4316 hoc
1182 4261 1243 4316 loco
1260 4261 1385 4333 quaestio
1403 4269 1445 4318 est
1463 4263 1499 4318 de
1517 4263 1673 4332 haereticis,
1690 4263 1757 4333 qnid

65 4348 191 4417 legitima
219 4347 396 4402 correctionis
424 4348 517 4402 medis
541 4346 681 4402 emendari
705 4354 735 4403 et
761 4348 799 4402 ad
827 4349 898 4404 ovile
925 4366 988 4404 cum
1018 4348 1072 4403 illis
1104 4347 1141 4402 sit
1165 4348 1314 4419 agesdm
1359 4348 1455 4403 Tertio
1480 4357 1609 4418 respectu
1635 4367 1758 4418 normae,

65 4432 243 4488 Dominicum
260 4433 355 4488 reduci
366 4438 475 4504 potest,
492 4432 609 4504 proinde
627 4433 709 4503 lupus
727 4434 825 4490 merito
843 4442 898 4491 sta·
921 4438 1004 4507 juxta
1033 4450 1117 4506 quam
1148 4432 1201 4488 hae
1231 4432 1354 4488 actiones
1386 4434 1583 4491 aestimandae.
1632 4435 1758 4490 Christus

65 4521 115 4576 tim
134 4518 305 4587 interficitur,
324 4520 373 4575 sed
391 4520 420 4575 in
433 4519 572 4576 haeretico
583 4519 770 4575 conversionis
789 4524 898 4591 tempus
924 4521 1033 4576 heroico
1055 4520 1104 4575 illo
1129 4520 1206 4575 facto
1230 4520 1355 4590 implevit
1372 4519 1532 4574 vaticinium
1549 4520 1584 4575 V.
1598 4521 1630 4576 T.
1648 4521 1712 4577 Joh.
1732 4528 1757 4592 2,

65 4611 249 4675 exspectatur.
277 4605 339 4661 Gen
360 4611 402 4673 19,
419 4623 445 4659 v.
467 4612 514 4662 271
531 4607 683 4677 Beujcms'u
697 4607 780 4677 lrspus
795 4626 897 4676 ropac.
924 4625 950 4662 v.
971 4613 1015 4663 i'l:
1035 4607 1192 4661 Mordots'
1207 4614 1272 4660 suut
1290 4606 1427 4675 discipali
1439 4606 1510 4675 ejus,
1527 4610 1604 4676 quod
1622 4610 1758 4678 scriptam

65 4691 236 4748 Vaticininm
255 4692 325 4746 iliud
342 4692 467 4764 plerique
485 4699 592 4749 veteres
611 4692 646 4749 de
664 4692 755 4748 Panlo
772 4694 898 4763 apostolo
925 4702 965 4749 est
982 4693 1084 4748 Psaim.
1101 4698 1151 4763 69,
1167 4712 1194 4747 τ.
1215 4699 1254 4749 to.
1274 4693 1350 4748 scius
1367 4695 1467 4747 domas
1485 4701 1549 4747 tucos
1567 4697 1687 4749 eomedit
1698 4713 1757 4765 τηις

65 4786 221 4848 exponunt,
250 4779 299 4850 qui
326 4795 358 4833 ex
382 4779 448 4848 lupo
470 4785 498 4833 et
523 4786 698 4849 persecutore
725 4779 817 4834 factus
842 4797 898 4835 non
925 4788 954 4834 at
977 4779 1180 4834 haereticorum
1205 4779 1306 4834 occisio
1331 4785 1439 4851 pugnat
1467 4795 1532 4835 cnm
1561 4781 1699 4837 vaticiniis
1720 4783 1757 4837 de

65 4866 155 4920 solum
172 4863 247 4931 ovis,
268 4864 317 4919 sed
335 4870 365 4918 et
384 4872 493 4935 pastor,
509 4866 573 4920 Act.
594 4871 619 4924 11.
655 4865 824 4938 Gangraena
841 4883 899 4921 cors
924 4866 1005 4920 modo
1023 4866 1220 4937 propagandae
1238 4866 1370 4921 ecclesiae
1387 4865 1417 4920 in
1433 4867 1469 4922 N.
1486 4865 1519 4921 T.
1533 4865 1609 4922 Petri
1630 4875 1659 4924 et
1673 4869 1756 4924 Pauli

65 4959 174 5020 reptum
206 4950 360 5005 membrum
390 4968 445 5006 non
472 4956 564 5022 potest
588 4953 701 5007 sanitati
735 4953 843 5008 restitui
865 4968 898 5008 ac
925 4953 1002 5008 facta
1020 4958 1085 5007 sunt
1103 4952 1255 5023 singularis
1280 4958 1309 5007 et
1327 4953 1557 5023 extraordinaria,
1584 4955 1702 5027 ideoque
1719 4956 1757 5010 ad

64 5037 172 5105 corpori
191 5053 240 5105 per
256 5036 354 5091 vitales
375 5037 489 5105 spiritus
514 5037 615 5092 iterum
639 5038 823 5110 agglutinari,
848 5038 898 5094 sed
924 5055 1096 5095 communem
1124 5038 1250 5109 regulam
1277 5054 1333 5093 non
1358 5046 1529 5112 congrnunt;
1557 5045 1588 5096 at
1617 5041 1756 5107 Pontificii

65 5122 197 5179 ecclesiae
223 5122 347 5177 membra
381 5121 487 5177 haeresi
522 5122 624 5178 infecta
656 5133 772 5193 possunt
798 5124 899 5179 unitati
924 5130 1029 5180 certam
1052 5123 1194 5196 quandam
1216 5124 1344 5196 reguiam
1366 5125 1403 5181 de
1426 5125 1586 5182 occidendis
1611 5127 1756 5183 haereticis
1768 5137 1823 5183 nv.
1836 5136 1883 5181 tva

65 5209 188 5277 corporis
211 5206 390 5263 ecclesiastici
414 5208 516 5262 iterum
542 5207 660 5265 restitui.
699 5214 724 5265 8.
747 5209 803 5264 Per
823 5210 898 5265 iures
924 5212 953 5265 in
978 5206 1014 5268 N.
1040 5209 1074 5266 T.
1093 5209 1224 5266 traditam
1250 5226 1312 5266 esse
1335 5216 1471 5270 statuunt
1507 5213 1612 5278 Quarto
1628 5223 1756 5283 rsspscm

65 5303 94 5350 et
126 5295 247 5348 latrones
277 5293 391 5348 aliunde
421 5310 504 5363 quam
538 5309 588 5363 per
626 5292 727 5349 ostium
764 5295 898 5351 intrantes
924 5313 1074 5351 causarum
1090 5295 1303 5366 impulsioawm
1320 5305 1378 5351 tom
1395 5299 1571 5353 tatemerem
1594 5307 1652 5352 tam
1668 5308 1755 5354 ester·

65 5380 130 5436 lob.
155 5386 193 5447 lu,
212 5397 238 5436 v.
259 5386 283 5435 8.
304 5379 496 5450 intelliguntur
512 5396 568 5433 non
586 5376 674 5434 solum
691 5380 831 5450 baeretici,
849 5381 898 5437 sed
923 5400 1032 5439 aarum.
1070 5382 1173 5439 Christi
1191 5383 1423 5453 coapostolorum
1440 5383 1584 5439 zelasiuit
1601 5385 1710 5439 divinus
1727 5392 1757 5442 et

64 5467 148 5522 etiam
169 5465 224 5533 ilii,
250 5465 299 5537 qui
317 5465 407 5520 modis
426 5482 459 5520 ac
487 5465 585 5521 mediis
600 5465 753 5537 illegitimis
771 5467 898 5522 ecciesia-
924 5467 1052 5525 heroicus
1073 5487 1093 5525 a
1115 5468 1250 5540 peculiari
1267 5467 1388 5540 Spiritus
1414 5469 1503 5524 sancti
1527 5469 1649 5540 impulsu
1665 5471 1756 5542 proie-

65 5552 164 5607 stieum
190 5551 328 5609 invadunt
355 5552 560 5609 ministerium.
604 5550 672 5609 Illos
705 5568 771 5609 vero
805 5569 900 5611 omnes
926 5552 1299 5624 stns31edPontiiiciorum
1320 5553 1397 5611 aelus
1419 5571 1438 5610 a
1455 5554 1557 5627 spiritu
1571 5555 1711 5613 mendacii
1727 5562 1758 5614 et
