4020 6014
671 189 1201 293 nuuscrsrusruromrrco.
1721 244 1780 302 aar

82 388 155 443 inter
173 385 388 457 descriptionem
412 385 464 438 viri
482 385 536 456 pii,
555 385 626 455 justi
653 401 685 439 ac
703 386 764 441 Deo
780 384 917 456 placentis
930 387 932 407 ¹
946 391 972 434 et
984 385 1136 457 tbeolopus,
1150 396 1177 441 et
1189 388 1344 457 lepislator,
1359 387 1432 443 alibi
1444 388 1518 442 enim
1533 389 1632 459 audi,
1644 391 1782 458 quonwdo

83 474 155 528 inter
178 481 270 527 cetera
295 473 379 527 etiam
399 472 451 527 hoc
470 470 604 539 refertur,
629 472 706 540 quod
719 473 850 544 prosimu
867 486 919 522 suo
930 501 933 524 ι
944 475 1119 528 seruiendum
1136 475 1173 528 sit
1192 477 1253 528 Dea
1272 475 1386 543 justitia
1405 482 1431 528 et
1449 477 1608 545 sanctitate,
1627 475 1700 528 alibi
1715 490 1781 528 sero

83 562 190 615 reddat
205 562 324 629 pipnus,
350 559 378 612 id
397 575 462 613 vero
480 575 534 612 non
554 564 646 628 potest
663 557 788 612 absolute
810 563 838 612 et
856 531 997 627 sim-ipro
1029 569 1140 614 esterna
1173 563 1304 615 societate
1336 563 1408 615 uitae
1445 564 1537 617 ciuilis
1571 562 1602 615 in
1636 561 1782 632 republica

83 646 193 717 pliciter
217 662 249 699 eo
269 662 351 699 sensu
376 645 481 716 accipi,
508 645 587 715 quasi
609 644 684 698 nullo
709 643 790 697 modo
814 643 1110 700 licitum-Israilitica
1135 655 1225 700 emtas
1251 649 1390 715 quasdam
1412 650 1549 716 politicas
1572 648 1782 702 constitutiones

86 734 122 787 sit
139 733 241 804 pignus
261 748 279 784 a
297 731 422 801 proximo
440 731 575 801 accipere,
592 731 641 785 sed
654 731 737 800 juxta
759 728 919 799 explicatio·
932 708 934 800 i
946 732 995 783 isti
1010 735 1120 802 populo
1136 734 1315 802 praescribit,
1335 734 1385 788 boc
1404 742 1445 787 est
1464 742 1568 788 tractat
1587 736 1622 788 de
1635 736 1705 802 jure
1714 732 1785 801 fori

85 836 148 874 uem
167 819 196 871 in
208 817 303 871 divina
318 816 380 888 lege
395 816 525 870 traditam
538 816 750 887 intelligendum
762 822 805 870 est
824 814 857 867 de
870 808 973 890 taliiet
989 819 1025 870 de
1043 819 1113 886 jure
1130 820 1211 888 poli,
1230 822 1344 873 ordinat
1355 821 1458 887 forum
1480 821 1630 890 politicum
1645 820 1782 886 otforum
1809 820 1813 827 “

85 905 215 976 pignore,
241 920 296 975 quo
324 904 464 973 proximus
494 919 599 973 egenus
625 920 680 957 non
704 905 796 972 potest
818 916 920 954 carere.
947 905 1140 957 conscientiae.
1176 905 1213 957 In
1228 905 1334 972 lapibus
1354 914 1444 959 autem
1463 908 1596 975 politicis,
1614 923 1685 975 quas
1704 907 1783 958 Deus

86 992 174 1046 Exod.
195 995 243 1059 22,
261 1007 288 1046 v.
308 995 355 1044 26:
382 989 415 1042 Si
434 990 618 1058 pipnoranclo
641 989 808 1056 pipnoratus
820 986 921 1053 fueris
944 990 1052 1057 populo
1071 990 1164 1044 [mail
1184 991 1278 1055 dedit,
1298 1009 1354 1045 non
1374 1009 1481 1062 semper
1495 993 1610 1061 justitia
1636 999 1662 1046 et
1679 992 1782 1044 sancti·

86 1079 276 1133 aeramentum
288 1076 416 1145 proximi
431 1077 486 1144 tui,
505 1094 565 1128 mem
584 1075 742 1129 occubuerit
759 1073 817 1138 sol,
841 1073 923 1125 resti·
948 1085 992 1128 tas
1010 1077 1194 1129 conscientiae
1213 1095 1307 1130 coram
1327 1081 1389 1131 Deo
1404 1078 1624 1147 praescribitur,
1653 1079 1704 1131 sed
1720 1084 1784 1130 sunt

88 1174 147 1218 tues
176 1165 251 1217 illud
278 1163 320 1230 ei,·
347 1181 371 1214 v.
400 1168 440 1217 27.
466 1163 534 1231 quia
559 1168 600 1213 est
627 1161 826 1229 operimentum
852 1159 922 1226 ejus,
948 1163 1176 1214 accommodatae
1194 1164 1236 1215 acl
1251 1165 1487 1217 conseruationem
1507 1172 1635 1217 saeternae
1648 1172 1673 1216 et
1692 1162 1784 1216 civim

88 1259 197 1305 tantum
215 1250 290 1312 illud
305 1250 491 1305 uestimentum
504 1256 545 1301 est
559 1247 636 1316 pelli
646 1263 722 1314 suas,
741 1247 771 1298 in
783 1262 837 1314 quo
856 1247 922 1297 slor-
948 1247 1091 1300 societatis
1112 1249 1141 1300 in
1162 1249 1216 1302 illa
1228 1249 1336 1316 politia
1348 1268 1406 1318 pro
1428 1250 1591 1303 conditione
1608 1249 1782 1316 inpeniorum

88 1339 165 1391 miat.
184 1336 298 1391 Denter.
318 1340 359 1403 24,
377 1353 402 1389 v.
422 1341 464 1389 li:
486 1336 550 1388 Non
569 1335 665 1402 capies
678 1334 707 1384 in
722 1334 827 1401 pipnus
843 1330 922 1383 uesti-
949 1341 975 1386 et
991 1350 1099 1386 morum
1118 1334 1201 1387 istius
1216 1335 1330 1404 populi,
1355 1336 1402 1387 cui
1422 1337 1499 1388 Deus
1524 1335 1583 1404 ipse
1609 1335 1707 1387 tribuit
1725 1334 1783 1404 epi-

87 1434 206 1478 mentum
231 1424 342 1477 uiduae.
381 1421 486 1475 Eodem
512 1437 595 1474 sensu
619 1416 781 1488 accipienda
799 1421 841 1471 est
859 1433 921 1486 pro·
949 1419 1042 1471 tbeton
1063 1420 1155 1473 duras
1181 1421 1304 1474 satida.
1350 1419 1424 1481 Quia
1449 1420 1537 1487 ipitur
1563 1421 1637 1488 lepes
1647 1421 1784 1487 forenses

87 1510 185 1564 hibitio
209 1525 309 1562 usurae
331 1508 366 1562 de
393 1507 442 1560 tali
468 1506 573 1561 scilicet
592 1503 765 1559 abundantia
791 1508 819 1557 et
836 1502 920 1555 incre·
950 1507 1029 1557 Deus
1045 1507 1256 1574 praescribebat
1279 1506 1398 1574 politico
1417 1505 1604 1574 mapistratui‚
1624 1522 1695 1574 quae
1712 1507 1782 1559 uitia

87 1604 188 1662 mento,
200 1594 274 1665 quod
287 1610 351 1647 cum
363 1593 463 1647 damno
476 1598 505 1646 et
516 1591 694 1662 oppressione
709 1589 790 1660 egeni
802 1586 922 1657 exigitur
949 1590 1048 1658 quibus
1070 1591 1199 1644 ciuililms
1212 1592 1313 1660 poenis
1329 1592 1476 1660 punienda
1491 1592 1600 1655 forent,
1624 1592 1695 1645 vidit
1714 1589 1784 1659 sieri

88 1698 120 1735 ac
141 1680 303 1750 postulatur.
650 1695 653 1700 ’
948 1693 1004 1728 non
1023 1693 1121 1744 posse,
1146 1685 1174 1729 ut
1199 1679 1337 1747 effrenata
1367 1679 1506 1731 bominum
1530 1678 1643 1730 malitia
1669 1695 1701 1730 ea
1725 1684 1782 1731 toto

124 1773 182 1822 246.
230 1767 324 1835 Atque
354 1764 424 1818 haec
455 1769 520 1816 sunt
548 1762 700 1833 praecipua
731 1760 922 1823 fundamenta,
949 1771 1170 1829 compesceretur
1188 1763 1294 1832 lapibus
1310 1764 1439 1817 ciuilibus
1449 1780 1620 1833 perpoenas
1634 1764 1780 1832 politicas.

88 1853 189 1924 quibus
204 1853 433 1918 demonstramus,
451 1849 611 1903 mandatum
625 1848 660 1902 de
678 1865 733 1903 uon
751 1842 921 1915 accipiendis
953 1847 987 1900 Ut
1004 1864 1070 1917 erpo
1090 1850 1119 1901 in
1138 1849 1217 1902 ciuili
1232 1851 1363 1903 societate
1380 1851 1462 1903 istius
1475 1850 1582 1919 populi
1595 1851 1697 1918 pejora
1713 1850 1783 1902 vita-

88 1939 178 1992 usuris
202 1945 278 1991 certa
302 1935 407 1989 ratione
433 1934 608 1988 limitandum
634 1950 686 1988 nec
710 1931 871 2002 simpliciter
895 1935 923 1983 et
949 1942 1046 1987 rentur
1066 1937 1152 1999 mala,
1172 1952 1238 1989 nene
1255 1953 1324 2001 erpa
1344 1937 1511 1990 donresticos
1529 1937 1601 2001 fidei
1611 1944 1784 1989 exercentur

88 2026 215 2081 absolute
246 2024 282 2077 sd
309 2039 488 2092 quoscunque
513 2037 626 2087 census,
650 2020 698 2090 qui
726 2019 754 2071 in
778 2021 922 2071 contractu
949 2037 1119 2086 seraranan
1139 2025 1251 2090 quidem
1270 2024 1451 2091 approbavit,
1475 2025 1527 2076 sed
1541 2024 1652 2085 sorensi
1670 2030 1695 2076 et
1706 2024 1784 2091 poli·

89 2112 213 2166 elocutae
233 2109 369 2179 pecuniae
389 2108 546 2178 exiguntur,
567 2106 742 2162 referendum
756 2119 825 2158 esse.
856 2101 922 2164 Qui·
949 2108 1003 2160 lico
1033 2109 1089 2171 tine
1121 2109 1271 2163 toleranda
1292 2109 1424 2178 permisit
1450 2109 1598 2180 bactenus,
1627 2111 1704 2178 quod
1729 2126 1785 2178 par

92 2196 229 2252 damulis
249 2195 430 2249 fundamenta
447 2193 567 2258 addunt,
594 2209 666 2264 quae
688 2209 744 2246 non
767 2194 832 2243 sunt
850 2188 923 2257 ejus-
950 2196 1144 2261 mapistratum
1166 2195 1275 2248 ciuilem
1293 2214 1349 2248 non
1361 2196 1553 2264 puniebantur
1566 2203 1615 2249 etc.
1634 2196 1686 2251 boc
1701 2197 1784 2250 modo

92 2286 154 2340 dem
172 2283 277 2337 roboris
302 2299 335 2336 ac
357 2281 495 2338 momenti.
532 2285 553 2334 1.
576 2280 627 2334 Est
645 2280 693 2351 qui
715 2295 747 2333 ex
766 2276 866 2332 Genea.
882 2279 924 2341 il,
950 2297 1038 2332 usura
1068 2282 1097 2334 in
1135 2281 1164 2334 V.
1201 2282 1231 2336 T.
1258 2282 1432 2349 permittitur
1461 2283 1594 2349 ciuiliter,
1631 2285 1784 2336 damnatur

91 2391 108 2424 v
132 2378 171 2427 24.
186 2369 242 2424 tale
258 2369 345 2422 nectit
365 2373 571 2438 argumentum:
593 2367 672 2421 Sicut
692 2367 758 2434 apri
773 2361 923 2432 Aeppptio·
951 2374 1041 2418 autem
1065 2367 1215 2433 tbeolapiee
1240 2367 1268 2418 in
1293 2367 1464 2420 conscientia
1487 2364 1582 2421 eoram
1608 2369 1681 2425 Deo.
1726 2367 1784 2421 Alii

90 2476 153 2512 rum
168 2455 286 2525 proprii
305 2461 384 2506 mant
401 2454 576 2515 Pbaraonis,
602 2453 651 2505 ille
677 2468 743 2505 vero
760 2449 925 2518 pensionem
951 2453 1119 2523 respondent
1144 2452 1197 2506 hoc
1222 2453 1316 2520 mode,
1336 2471 1454 2507 usuram
1476 2471 1546 2523 erpa
1571 2462 1718 2508 stanneos
1744 2454 1788 2507 ibi

91 2546 204 2614 quintae
218 2541 350 2609 portonis
376 2542 411 2593 de
438 2540 571 2606 frupibus
585 2539 655 2606 jure
679 2537 765 2605 eripit
771 2557 783 2600 ;
806 2536 848 2586 sic
873 2533 924 2584 ini·
952 2556 1001 2593 nec
1014 2540 1154 2609 praecipi,
1173 2555 1222 2591 nec
1237 2539 1373 2608 permitti,
1390 2541 1443 2593 sed
1460 2540 1527 2608 quia
1547 2541 1698 2612 Scriptura
1717 2539 1784 2603 aar,

92 2649 176 2701 quum
187 2648 243 2682 non
262 2635 310 2695 est,
330 2628 357 2678 si
370 2644 427 2695 pro
444 2626 591 2694 quinquies
603 2627 738 2677 denorum
751 2623 925 2691 florenorum
951 2633 981 2678 ut
1010 2642 1103 2679 omnes
1130 2627 1254 2678 bomines
1285 2644 1468 2693 apnoscamus
1489 2629 1649 2696 prosimos,
1675 2643 1785 2680 sennim

92 2736 144 2770 risu
170 2733 263 2768 annuo
287 2714 409 2782 quinque
434 2711 627 2779 accipiuntur,
654 2717 695 2762 eat
717 2710 789 2762 enin
812 2707 924 2776 quintae
952 2729 1017 2781 essa,
1042 2728 1111 2780 erpa
1131 2726 1319 2780 quemcunque
1342 2730 1459 2765 usuram
1476 2729 1598 2782 exerces,
1622 2713 1703 2766 illum
1728 2730 1784 2767 noa

88 2805 184 2875 partis
197 2804 347 2869 fructuum
370 2799 460 2853 emtio.
503 2800 581 2864 Erpa
606 2804 764 2849 contractus
784 2794 846 2860 ille,
869 2808 923 2860 quo
950 2807 1057 2852 tractas
1083 2806 1114 2852 ut
1141 2800 1262 2860 fratrem
1287 2804 1315 2850 et
1338 2799 1511 2868 proximum,
1536 2802 1588 2853 secl
1611 2807 1642 2852 ut
1668 2800 1780 2853 bostem.

89 2911 145 2963 pro
163 2897 271 2942 centrum
285 2885 403 2954 floreatis
421 2885 542 2952 qrsinque
559 2886 665 2936 dantur
681 2884 711 2934 in
730 2898 848 2946 annum,
867 2895 923 2931 non
950 2885 1088 2940 Lutherus
1118 2884 1147 2938 in
1175 2883 1224 2940 lib,
1254 2888 1351 2938 contra
1380 2884 1504 2939 Judaaos
1534 2884 1697 2953 respondet,
1726 2886 1784 2936 dua

10 2991 76 3034 ,112
92 2985 132 3031 est
152 2994 171 3027 a
183 2974 291 3043 pietate
313 2971 424 3023 alienus
441 2986 491 3022 nec
508 2969 572 3021 sola
590 2968 689 3021 nititur
701 2966 845 3034 imperiali
861 2982 924 3017 con·
950 2989 1009 3025 essa
1022 2973 1201 3024 Juslaeomsm
1213 2985 1324 3039 penora,
1337 2969 1453 3039 quidam
1464 2979 1528 3023 siant
1540 2970 1650 3023 Judaei
1664 2970 1784 3037 Moysis,

92 3063 243 3129 stitutione,
261 3060 313 3111 sed
333 3055 485 3125 esemplum
505 3055 586 3107 babet
603 3055 631 3106 in
644 3055 735 3106 sacrm
747 3053 838 3105 literis
851 3059 875 3103 et
889 3051 925 3102 ab
951 3075 1020 3126 quos
1031 3057 1137 3110 seilicet
1152 3058 1232 3109 Deris
1245 3071 1301 3125 per
1314 3056 1432 3124 Moysen
1453 3071 1485 3108 aa
1497 3056 1624 3127 Aepppto
1635 3056 1667 3107 in
1678 3063 1785 3109 terram

91 3148 233 3203 numerariis
252 3145 359 3198 artibus
377 3151 416 3195 est
435 3143 621 3210 separandus.
646 3142 692 3194 'At
710 3139 923 3210 utpraetermit·
954 3143 1072 3196 Cassan
1098 3143 1255 3196 introdusit
1285 3160 1319 3195 ae
1345 3143 1432 3211 lepem
1457 3143 1518 3196 illis
1546 3142 1627 3195 dedit
1651 3143 1680 3194 in
1708 3148 1784 3195 terra

90 3245 181 3290 tamus
201 3230 367 3286 diversitatis
383 3230 513 3291 rationes,
533 3243 604 3297 quae
617 3225 706 3281 notari
721 3231 838 3296 possunt
851 3241 924 3278 com·
951 3227 1007 3283 i‘sta
1019 3231 1194 3293 seruandam,
1213 3230 1302 3283 donec
1313 3230 1420 3282 veniret
1433 3229 1569 3298 Messias;
1590 3228 1706 3298 quidam
1717 3244 1784 3282 vero

91 3323 192 3392 plures,
211 3335 243 3372 ex
263 3318 316 3371 hac
335 3314 539 3385 comparatione
558 3313 687 3383 colligere
706 3313 805 3383 aliquis
823 3319 923 3383 posset,
950 3324 1014 3370 mint
1033 3316 1143 3369 Judaes'
1159 3316 1298 3383 caesaris,
1323 3331 1379 3367 non
1399 3315 1522 3382 Moysis,
1542 3332 1659 3384 quorum
1677 3313 1786 3366 scilicet

91 3409 113 3462 si
142 3424 192 3476 pro
219 3403 365 3476 quinquies
392 3402 526 3454 denorum
554 3400 720 3455 florenorum
748 3417 800 3453 usu
832 3416 924 3453 annuo
951 3405 1076 3473 majores
1098 3419 1193 3457 eoram
1213 3402 1310 3455 Pilato
1330 3402 1476 3453 dicerunt:
1501 3401 1566 3453 Non
1592 3400 1724 3453 babemus
1743 3415 1787 3451 re·

91 3495 212 3565 quinque
233 3490 297 3544 licet
317 3489 457 3557 accipere,
481 3487 577 3558 utique
594 3504 645 3557 pro
670 3486 762 3540 decies
782 3485 924 3554 denorum,
950 3506 1012 3557 prm
1040 3490 1097 3541 nisi
1124 3503 1282 3550 caesarem·
1306 3488 1347 3538 ad
1369 3487 1436 3540 illos
1463 3503 1518 3538 non
1542 3487 1685 3555 pertinere
1712 3485 1786 3538 banc

90 3580 143 3633 hoc
175 3585 218 3632 est
246 3582 355 3631 centum
384 3574 549 3628 florenorum
576 3590 629 3626 usu
656 3571 806 3643 quotannis
829 3571 926 3625 licebit
952 3577 1049 3644 lepem,
1071 3576 1123 3628 sed
1139 3573 1166 3626 si
1182 3591 1217 3627 ea
1235 3574 1279 3626 uti
1293 3573 1357 3634 frui
1373 3572 1473 3639 uelint,
1495 3572 1647 3625 interram
1667 3571 1786 3625 Oanaan

91 3667 216 3734 accipere
252 3662 363 3729 decem,
406 3661 434 3713 id
473 3660 546 3731 quod
590 3664 683 3713 tamen
717 3659 745 3713 in
780 3662 925 3712 contractu
951 3662 1022 3730 ipsis
1040 3677 1099 3713 esse
1115 3660 1298 3713 redeundum.
1328 3660 1430 3713 Antan.
1449 3655 1603 3727 Margarita
1621 3656 1648 3710 in
1667 3657 1729 3712 libr.
1751 3656 1796 3712 de·

91 3750 219 3806 emtionis
236 3748 374 3802 redituum
394 3751 526 3816 tanquam
545 3745 699 3798 usurarium
718 3743 890 3813 reprobatur.
951 3747 1006 3802 fide
1042 3752 1070 3802 et
1088 3746 1166 3815 relig.
1184 3744 1355 3799 ludaeorum
1380 3743 1543 3813 respondet,
1561 3744 1591 3797 in
1606 3744 1669 3814 lepe
1688 3744 1787 3798 diosna

127 3844 185 3892 247.
222 3842 245 3889 2.
264 3833 383 3896 Quidam
403 3831 547 3902 proferunt
567 3830 657 3902 legem
677 3830 798 3884 divinam
811 3830 924 3885 Denter.
951 3850 1059 3902 semper
1077 3832 1228 3901 praemitti,
1247 3832 1274 3883 si
1291 3832 1320 3883 in
1330 3831 1494 3900 praeceptis
1509 3831 1579 3884 meis
1590 3831 1786 3899 ambulaveris,

92 3931 134 3986 23,
155 3941 178 3975 v.
198 3927 244 3975 20:
270 3922 413 3972 Extraneo
437 3919 632 3980 foeneraberis
656 3926 681 3970 ct
693 3918 787 3980 fratri
803 3923 850 3968 tuo
870 3935 925 3970 non
952 3921 1045 3973 alieno
1057 3917 1260 3986 foeneraberis,
1279 3917 1407 3972 acDeut.
1426 3922 1467 3982 te,
1485 3936 1511 3970 v.
1525 3922 1566 3975 43.
1579 3919 1787 3971 adversativam
1865 3933 1867 3938 ’

90 4009 293 4076 foenerabais,
311 4024 344 4061 ex
363 4021 418 4077 quo
437 4005 578 4075 colligunt,
596 4004 808 4075 prohibitionem
828 4020 924 4058 usma-
952 4007 1034 4075 addi,
1052 4005 1080 4058 si
1096 4023 1152 4058 non
1172 4003 1359 4057 ambulaveris
1378 4003 1408 4055 in
1424 4003 1587 4073 praeceptis
1606 4005 1690 4073 meis,
1706 4019 1787 4073 pere·

91 4113 151 4150 rum
177 4113 230 4149 non
257 4110 317 4147 esse
339 4091 501 4163 simpliciter
524 4098 552 4145 et
573 4090 699 4144 absolute
726 4090 923 4160 accipiendam.
951 4091 1050 4161 prinus
1067 4091 1203 4144 mutuabit
1223 4091 1289 4161 tibi,
1301 4090 1366 4159 jam
1385 4106 1451 4146 aero
1464 4089 1717 4143 bodierniJusiaei
1731 4105 1787 4141 non

92 4183 141 4237 sed
166 4198 227 4235 cum
254 4185 330 4233 certa
355 4179 474 4250 quadam
497 4176 658 4232 limitatione
683 4193 716 4230 ac
743 4177 925 4245 restrictione,
952 4178 1097 4231 ambrdant
1110 4177 1140 4229 in
1153 4176 1272 4246 reliquis
1284 4176 1345 4230 Dei
1351 4176 1521 4247 praeceptis,
1539 4192 1604 4244 erpo
1618 4193 1675 4230 non
1688 4174 1787 4227 debera

92 4285 127 4322 nc
150 4267 255 4320 scilicet
277 4282 339 4319 cum
365 4263 530 4318 detrimento
552 4268 582 4317 et
604 4263 782 4333 oppressione
808 4261 924 4332 proximi
945 4265 1015 4332 frui
1039 4263 1168 4333 beneficio
1192 4263 1277 4332 brsjm
1301 4262 1373 4330 lepis
1394 4263 1429 4315 de
1453 4263 1553 4315 usuris.
1594 4260 1788 4316 Hotomannus

93 4370 194 4407 usurae
213 4351 367 4421 erigantur,
382 4366 466 4421 quam
482 4348 674 4403 limitationem
687 4349 846 4403 existimant
859 4348 925 4401 addi
952 4351 999 4407 lib,
1021 4355 1044 4405 2,
1064 4351 1099 4404 de
1119 4349 1209 4405 usuris
1235 4366 1259 4405 c.
1285 4354 1309 4407 3.
1328 4348 1491 4418 respondet,
1520 4349 1584 4400 ideo
1603 4347 1716 4400 licuisse
1733 4343 1787 4397 Ju'·

92 4440 181 4495 Exod.
202 4443 243 4504 22,
264 4456 289 4490 v.
309 4441 356 4490 21:
375 4435 561 4504 Pereprinum
579 4453 635 4489 non
652 4435 806 4506 populabis
826 4442 852 4487 et
872 4452 925 4488 non
953 4438 1033 4491 dacis
1052 4438 1087 4490 ab
1105 4437 1243 4490 mtruneis
1262 4437 1389 4504 accipere
1408 4452 1525 4498 usuras,
1550 4434 1630 4502 quod
1646 4430 1704 4500 ipsi
1720 4445 1786 4499 quo-

93 4525 235 4593 opprimcs
248 4540 317 4590 eura,
330 4523 398 4590 quia
407 4522 554 4590 pereprini
563 4521 925 4589 fuistisintrrraAcpppti.
953 4540 1005 4592 que
1030 4541 1048 4576 a
1074 4522 1234 4575 Cananaeis
1260 4521 1414 4589 pratuitam
1439 4519 1590 4588 posnaniam
1613 4524 1706 4570 mutuo
1731 4533 1788 4569 non

94 4610 148 4665 Sed
186 4609 250 4661 huic
289 4612 451 4677 argumento
492 4606 575 4659 variis
611 4606 699 4659 modis
734 4606 924 4675 respondetur.
952 4610 1096 4677 habebant,
1117 4610 1168 4661 sed
1184 4626 1287 4661 usuras
1306 4606 1602 4673 soleerecopebuntur,
1622 4605 1682 4673 laps
1699 4604 1787 4671 ipitur
1800 4627 1855 4671 m,
1869 4627 1914 4671 112

93 4696 281 4764 Hieronymus
300 4692 328 4745 in
347 4697 521 4747 comment.c
546 4696 583 4747 18.
596 4691 697 4746 Erech.
709 4708 759 4762 per
774 4691 925 4746 distinctio·
952 4695 1069 4748 talionis
1103 4695 1178 4747 idem
1202 4694 1298 4760 fuisse
1337 4694 1408 4762 ipsis
1445 4707 1611 4746 concessum.
1656 4689 1788 4744 Hunnius

94 4799 156 4836 nem
174 4787 329 4849 temporum
349 4777 510 4848 respondet:
531 4779 566 4830 In
579 4779 725 4848 principio
743 4777 814 4847 lepis
828 4796 846 4830 a
857 4779 926 4845 sra·
953 4782 982 4836 in
1000 4797 1097 4836 comm.
1114 4786 1138 4836 2,
1159 4780 1220 4838 Cor.
1242 4786 1265 4836 e.
1277 4779 1423 4852 distinguit
1441 4779 1512 4832 iuter
1526 4781 1685 4833 exuaneos:
1706 4776 1789 4839 Quod

94 4867 181 4919 tribus
200 4873 305 4918 tanturm
318 4866 426 4931 soenus
446 4863 565 4933 tollitur,
586 4865 616 4917 in
634 4867 773 4935 propbeta
785 4866 821 4917 ab
840 4865 926 4918 omni·
954 4869 1021 4922 olim
1039 4867 1151 4938 (inquit)
1174 4884 1305 4922 concessa
1325 4867 1385 4932 fuit
1409 4864 1552 4918 Israilitis
1577 4881 1665 4918 usura
1684 4865 1725 4918 ad
1743 4879 1788 4917 est·

95 4953 144 5004 bus
170 4969 259 5004 usura
275 4951 450 5018 prohibetur.
495 4949 531 5002 In
555 4953 700 5018 suanpelio
724 4952 836 5005 uirtutis
859 4969 927 5020 aup-
954 4963 1075 5020 traneos,
1094 4972 1150 5008 non
1169 4955 1363 5023 indifferenter
1381 4952 1415 5004 id
1432 4951 1571 5004 indultum
1592 4953 1628 5004 de
1646 4949 1789 5021 qumana

95 5047 215 5092 mentum
231 5023 275 5090 'est
290 5037 482 5106 praecipiente
498 5037 639 5090 Domino:
658 5038 857 5092 Foeneramini
876 5039 927 5109 leis,
955 5041 1093 5095 eatraneis
1112 5041 1230 5110 populis
1259 5048 1298 5092 cst
1316 5037 1525 5108 accipiendum,
1551 5039 1603 5091 sed
1627 5041 1663 5092 ds
1685 5037 1733 5106 iis,
1756 5024 1788 5090 in

97 5141 115 5175 a
135 5124 234 5191 quibus
253 5141 308 5175 non
327 5123 449 5194 speratis
468 5122 601 5192 recepere.
632 5120 686 5175 Sed
700 5122 861 5193 hypothesis
880 5125 929 5182 illa
955 5145 1074 5198 quorum
1091 5125 1539 5190 mediobabitabantfllsrailitae,
1558 5124 1656 5195 quales
1667 5125 1800 5212 suerunt⁴

97 5218 235 5279 repugnat
273 5208 435 5279 perfectioni
472 5208 581 5261 divinae
621 5205 699 5277 legis.
754 5208 928 5267 Chemnicius
955 5222 1049 5282 pentes
1070 5213 1246 5280 Cananaeae,
1266 5228 1338 5281 quae
1351 5229 1412 5264 cum
1425 5212 1537 5281 alioqui
1553 5212 1662 5276 fuerim
1679 5210 1789 5279 iudicio

100 5302 170 5364 part.
192 5301 215 5349 2.
235 5295 317 5349 locor.
336 5294 419 5349 theol.
443 5312 470 5364 p.
493 5299 551 5348 434.
576 5309 610 5345 ex
634 5292 758 5348 Gersone
782 5295 929 5370 distinguit
958 5301 1076 5354 Domini
1094 5300 1251 5353 destinatae
1269 5299 1311 5351 ad
1336 5299 1450 5351 esitium
1471 5305 1590 5383 propter
1607 5296 1790 5350 abominatio·

97 5380 171 5434 inter
184 5381 398 5450 permissionem
412 5379 520 5433 ciuilem
533 5387 559 5431 et
570 5377 762 5446 theolopicam,
780 5381 847 5437 item
858 5385 930 5440 inter
956 5402 1013 5454 nes,
1031 5403 1102 5455 quas
1116 5386 1246 5450 fecerant
1257 5384 1287 5436 in
1302 5391 1388 5449 terra,
1406 5391 1431 5439 et
1444 5400 1540 5455 aarum
1557 5382 1713 5446 facultates
1732 5398 1790 5435 una

91 5469 143 5539 jus
164 5469 227 5529 fort
241 5486 276 5521 ac
287 5469 339 5536 jas
354 5467 426 5537 poli.
456 5467 492 5519 In
510 5466 541 5518 V·
556 5467 587 5518 Τ.
607 5464 720 5535 (inquit)
739 5466 855 5536 Mamer
869 5472 929 5536 fuit
957 5491 1019 5526 cum
1041 5478 1100 5526 tota
1118 5470 1172 5523 illa
1192 5469 1329 5537 retipione
1346 5470 1377 5524 ss·
1396 5469 1558 5541 juramenti
1575 5468 1666 5522 diuini
1683 5474 1790 5538 specta-
