4020 6014
640 375 693 431 Da
710 372 934 434 malumno
952 373 1254 434 aocuasmsrlco.
1738 387 1798 445 231

104 537 168 583 sust
180 546 227 584 res
246 531 335 584 banaa
347 532 498 599 tollendae,
516 530 593 584 alias
605 532 688 585 etiam
703 532 810 586 coelum
821 538 847 584 ιι
861 539 940 584 terra
970 532 1084 586 ιιιιτιιιι
1098 533 1207 600 copitar
1219 533 1416 602 exsequanda!
1441 532 1478 586 Et
1491 538 1601 604 postea:
1614 535 1681 586 Non
1694 540 1802 602 quanta

104 617 244 670 abcknda
255 624 353 673 ιιιιιιι.
382 616 608 687 Respondemus:
627 617 854 689 distinguendum
868 617 941 672 iuter
965 633 1113 685 possumus
1132 620 1284 686 qraoimte,
1307 619 1391 673 istam
1413 619 1479 673 licet
1501 619 1697 686 pravissimam
1713 620 1801 688 ncqli·

103 701 270 757 coelibatum
293 701 410 756 liberum
443 719 550 769 eorum,
578 702 625 772 qui
651 703 723 758 dono
753 702 940 757 continentiae
966 704 1087 770 qratiam
1105 712 1181 758 tuam
1201 705 1370 774 corripimus
1382 713 1408 761 et
1416 704 1591 773 judicamus.
1627 705 1702 777 Ergo
1719 706 1798 776 igno·

102 794 167 841 sunt
184 787 326 852 instructi,
352 797 380 843 et
404 788 571 850 coelibatum
601 794 728 843 coactum
753 805 862 854 eorum,
891 787 940 857 qui
966 792 1025 841 tum
1053 788 1108 843 fuit
1139 789 1273 847 Udslrico
1301 790 1372 844 illud
1398 789 1507 858 ἀξίωμα
1540 789 1695 861 pontificis,
1723 792 1800 862 quod

100 879 235 941 ursmtur3
258 873 337 928 illum
366 874 515 945 probamus
538 874 611 928 hunc
640 873 809 929 detestamur
828 873 1058 952 propterlnullus
1078 875 1234 930 mortalium
1253 875 1344 946 ipsum
1357 875 1486 946 judicare
1498 875 1608 932 debeat.
1645 877 1799 946 fflpista·

100 958 222 1026 ι’τιιιιιιι,
264 976 333 1031 quos
373 960 511 1031 producit.
575 959 765 1014 Tertullianus
807 959 855 1015 lib.
903 960 938 1015 de
965 960 1024 1013 lam
1044 961 1126 1014 silam
1143 962 1236 1014 uideri
1253 963 1412 1030 confictam',
1429 979 1492 1015 cum
1516 962 1669 1016 Udalricus
1688 971 1799 1017 creatus

100 1045 154 1101 vel.
200 1046 271 1117 virg.
312 1063 366 1101 non
406 1046 505 1118 procul
547 1064 565 1101 s
605 1045 660 1102 fine
695 1062 724 1116 p.
759 1052 825 1102 499:
871 1048 937 1100 Non
963 1047 1001 1099 sit
1025 1047 1171 1116 episcopus
1197 1064 1272 1101 anno
1297 1031 1360 1102 9‘24.
1389 1055 1420 1101 ut
1446 1049 1606 1102 Hermanno
1630 1045 1798 1104 Contractus

99 1132 301 1199 confitebuntur
328 1134 386 1187 nisi
406 1133 531 1202 ipsorum
554 1133 709 1198 infantium
728 1150 841 1186 suorum
860 1132 936 1200 oapi·
963 1140 990 1186 ιι
1016 1133 1103 1186 abbas
1132 1133 1328 1202 Ursperpsmu
1351 1136 1464 1201 docent,
1480 1135 1525 1188 nel
1543 1152 1617 1188 anno
1635 1137 1699 1190 303.
1715 1142 1748 1188 ιιι
1765 1135 1796 1189 iss

99 1217 173 1270 tibus
193 1219 338 1287 proditae.
376 1218 515 1280 Quantam
539 1226 633 1272 cutem
652 1218 753 1287 plures
771 1236 828 1272 non
852 1219 936 1272 stram
962 1217 1093 1271 chronico
1110 1219 1314 1285 Auqustanae
1322 1219 1456 1274 ecclesiae
1480 1219 1628 1289 seriptum,
1656 1220 1796 1276 Nicolaus

99 1306 135 1357 de
156 1303 290 1371 pluribus
318 1305 472 1359 scelailnss
497 1312 642 1374 suspectas
668 1304 804 1358 babebis!
834 1303 935 1372 dicam,
962 1312 1054 1357 autem
1066 1306 1191 1374 papaI.
1209 1305 1308 1358 obierit
1324 1323 1398 1360 anno
1415 1308 1474 1360 867.
1492 1314 1522 1359 ιιι
1537 1306 1697 1375 Onupbrius
1709 1324 1795 1360 anno·

98 1389 163 1443 licet
182 1390 232 1443 nol
232 1390 277 1443 im.
314 1390 446 1455 Difficile
472 1391 574 1444 mulier
593 1390 679 1444 seriel
698 1393 744 1456 fit,
768 1407 840 1459 quae
858 1391 935 1444 timet
961 1391 1045 1456 tavit,
1070 1408 1136 1459 erqo
1153 1390 1300 1459 episcopus
1322 1391 1473 1445 Udalricus
1494 1409 1550 1446 non
1563 1392 1658 1463 potuit
1675 1391 1796 1447 scribere

92 1477 174 1545 fieri,
205 1493 330 1545 quaeque
348 1477 414 1545 jam
437 1478 519 1540 facta
538 1484 631 1545 potest
660 1476 798 1544 airqinam
823 1476 936 1530 mentiri
962 1476 1003 1528 ad
1031 1493 1140 1544 papam
1170 1476 1322 1530 Nicolaum
1346 1479 1372 1532 I.
1420 1478 1480 1530 Nec
1504 1479 1577 1531 duos
1598 1494 1684 1546 posse
1707 1477 1797 1533 statui
1807 1452 1866 1516 ¹¹¹¹·
1878 1471 1921 1517 ¹⁷¹

97 1564 147 1615 sub
163 1565 245 1628 Deo,·
268 1570 374 1631 quanta
397 1564 463 1616 item
486 1563 565 1616 cirea
587 1571 696 1616 uterum
715 1580 795 1616 suum
811 1562 933 1629 audebit,
965 1562 1117 1616 Udslricos
1139 1563 1286 1632 episcopos
1305 1563 1502 1631 Anqustanos,
1520 1581 1582 1616 cum
1599 1564 1684 1631 buius
1703 1578 1793 1616 asser

97 1666 131 1703 ιιι
153 1650 237 1703 etiam
257 1656 345 1701 mater
372 1650 541 1716 deteqatar.¹
577 1647 638 1701 Scit
657 1649 752 1718 Deus,
778 1657 846 1717 quot
868 1649 933 1717 jam
960 1648 1045 1701 ιίιιιιι
1061 1649 1172 1703 nullam
1190 1657 1276 1703 ecstet
1294 1650 1324 1703 in
1343 1649 1470 1703 historiis
1487 1650 1639 1719 oestiqium.
1674 1649 1794 1704 Falsum

96 1736 222 1796 infantes
247 1742 272 1788 ιι
287 1735 390 1803 perfici
417 1742 442 1787 et
463 1734 584 1803 perduci
607 1735 648 1787 ad
667 1741 785 1802 partiam
810 1735 934 1801 inteqros
960 1750 1027 1798 esse,
1045 1736 1123 1802 quod
1141 1743 1240 1803 auctor
1252 1736 1388 1805 epistolae
1402 1735 1482 1789 iilius
1495 1737 1604 1804 asserit,
1625 1735 1795 1806 Greqorium

96 1821 209 1875 duxerit
227 1821 382 1875 debellatos
400 1821 578 1890 aliquamdiu
603 1820 746 1873 matribus.
782 1820 933 1874 Facillime
959 1820 1096 1873 ademisse
1115 1821 1309 1875 cacerdotibus
1331 1839 1445 1891 ιιιοιιι,
1464 1823 1556 1890 maqis
1574 1823 1696 1888 falsum,
1719 1823 1796 1892 quod

95 1924 204 1976 semper
221 1907 381 1976 conciqriant
396 1907 560 1975 hujusmodi
578 1906 701 1974 srirqines
720 1914 746 1959 et
763 1907 932 1971 felicissirne
960 1907 1102 1960 demeum
1119 1907 1283 1975 hujumodi
1306 1907 1470 1977 resciderit,
1493 1907 1697 1977 falsissimum,
1719 1910 1797 1978 quod

94 1995 213 2063 pariant
236 2001 262 2047 et
287 1994 400 2063 quidem
423 1993 583 2047 simillimos
597 1993 739 2063 patribus.
779 1993 861 2047 Haec
880 1995 931 2047 ad·
959 1992 989 2045 in
1003 1991 1118 2063 piscina
1137 1992 1272 2062 Greqorii
1288 2010 1337 2047 sea
1352 1994 1444 2047 miliia
1461 1996 1585 2062 capitum
1603 1995 1659 2049 sint
1676 1995 1796 2064 inventa,

97 2082 180 2134 mittit
197 2080 313 2148 slaqitia
337 2088 436 2134 coacta
458 2089 484 2132 et
507 2080 597 2134 inuita
622 2080 772 2149 uirqinitas
790 2087 843 2136 eto.
878 2080 932 2136 Ne·
960 2096 1021 2133 cum
1038 2079 1069 2131 in
1086 2079 1217 2148 operibus
1232 2079 1370 2148 Greqorii
1385 2088 1412 2134 et
1428 2081 1551 2135 aliorum
1569 2081 1696 2134 historiis
1713 2080 1796 2134 nulla

96 2183 236 2238 quaquam
261 2165 345 2235 igitur
368 2164 535 2220 coelibatum
559 2166 588 2220 in
613 2167 737 2236 personis
757 2165 864 2222 idoneis
882 2166 932 2220 im-
953 2166 1011 2231 fiat
1034 2165 1115 2219 istius
1143 2165 1188 2218 rei
1217 2165 1318 2219 mentia
1346 2169 1398 2219 etc.
1449 2164 1674 2235 Respondemus:
1703 2165 1794 2221 Hedio

94 2249 259 2323 probamus,
283 2251 332 2304 sed
358 2251 449 2322 legem
477 2250 630 2306 coelibatus
648 2250 804 2323 impositam
824 2251 932 2307 indiffe-
959 2256 1039 2320 parte
1057 2255 1082 2307 3.
1101 2250 1164 2307 hist.
1182 2251 1280 2306 eccles.
1298 2250 1347 2305 lib.
1366 2256 1391 2308 8.
1411 2267 1436 2305 c.
1458 2257 1496 2307 12.
1517 2251 1586 2306 duos
1604 2251 1748 2309 Udslricos
1766 2251 1795 2306 in

95 2343 187 2393 renter
215 2336 344 2391 omnibns
372 2336 496 2404 clericis,
525 2338 608 2392 etiam
636 2339 705 2408 illis,
735 2338 783 2409 qui
811 2337 932 2393 ustiones
959 2336 1087 2408 catalogo
1105 2338 1297 2408 episcoporum
1315 2338 1544 2408 Augustanorum
1562 2338 1648 2407 ponit.
1685 2337 1795 2408 Compi-

94 2425 225 2482 seutiunt
266 2427 294 2480 2.
319 2425 385 2478 Non
409 2433 473 2478 sunt
500 2434 540 2478 ιιι
561 2427 758 2479 concubinarii
778 2435 804 2478 ιι
829 2425 934 2493 impari
959 2421 1027 2477 latio
1048 2429 1077 2477 et
1091 2422 1288 2494 chronologica
1300 2439 1343 2478 an.
1357 2429 1416 2480 ata.
1429 2439 1559 2494 expresse
1575 2428 1703 2492 testatur,
1718 2423 1793 2494 quod

95 2514 168 2566 inter
186 2512 314 2578 clericos,
329 2511 450 2580 plurimi
467 2512 539 2565 enim
559 2521 632 2581 sunt,
652 2513 703 2583 qui
720 2513 845 2581 quotidie
864 2512 932 2565 cele·
960 2509 1015 2563 duo
1035 2509 1274 2566 fuerintUdulrici
1286 2509 1411 2580 ejusdem
1423 2510 1544 2564 nominis
1557 2515 1585 2565 et
1600 2509 1674 2580 paris
1692 2509 1792 2564 sancti-

95 2600 189 2664 brant,
214 2605 239 2651 ιι
266 2599 302 2650 de
329 2598 429 2664 quibus
451 2597 534 2651 nulla
561 2599 640 2652 mala
666 2598 790 2668 auspicio
807 2598 932 2651 auditur.
958 2600 1023 2649 tatis
1048 2595 1171 2666 episcopi
1191 2595 1362 2667 Augustani3
1387 2595 1448 2649 lieri
1471 2595 1557 2666 igitur
1574 2601 1679 2665 potest,
1702 2600 1735 2650 ut
1757 2595 1793 2651 ds

94 2684 320 2755 Respondemus:
340 2682 400 2736 dies
418 2687 556 2737 extremus
574 2684 665 2738 coacti
683 2684 760 2738 illius
778 2683 932 2739 coelibatus
959 2681 1088 2752 episcopo
1108 2681 1240 2737 Udslrico
1262 2681 1411 2751 loquantur
1434 2679 1610 2735 Hermannus
1629 2682 1793 2736 Contractus

95 2772 202 2826 fructus
232 2767 429 2824 manifestabit
474 2768 626 2825 Testantur
657 2771 693 2826 de
721 2770 777 2824 illis
804 2768 932 2842 querelas
959 2774 987 2823 et
1011 2766 1099 2822 abbas
1127 2768 1334 2839 Urspergensis.
1376 2767 1485 2822 Vixisss
1507 2772 1599 2821 sutem
1623 2767 1793 2838 temporibus

95 2856 225 2928 publicae
252 2854 375 2924 ipsorum
399 2854 622 2925 Pontificiorum,
653 2873 771 2928 quarum
797 2855 932 2928 quasdam
958 2851 1067 2911 Nicolai
1085 2869 1176 2924 papae
1194 2854 1333 2925 quendam
1342 2853 1505 2912 Udslricum
1517 2853 1715 2926 Augustanum
1735 2853 1793 2925 epi·

95 2940 931 3014 exposuimussuperius,quibusplurespaulopostsddentus.
959 2958 1073 3012 scopum
1092 2947 1201 2996 constat
1225 2959 1258 2996 ex
1275 2941 1384 2997 lacobo
1409 2942 1444 2996 de
1462 2941 1603 3012 Voragine
1626 2941 1655 2995 in
1678 2939 1793 2998 historia

11 3053 74 3090 ιιιιι
132 3035 191 3085 330.
228 3027 270 3081 Ao
283 3026 351 3098 quid
369 3027 482 3083 multis?
510 3028 608 3083 Exstat
625 3026 931 3099 inortbodoxographis
959 3021 1145 3082 Lombardica
1170 3044 1195 3084 c.
1225 3032 1290 3083 202:
1328 3028 1478 3083 Udslricus
1505 3026 1616 3098 (inquit)
1641 3044 1675 3081 ec
1704 3026 1795 3081 nobili

10 3103 74 3143 Μ·
95 3135 121 3187 p.
153 3121 212 3172 481.
242 3112 358 3184 epistole
390 3113 517 3170 Udslrici
553 3115 677 3186 episcopi
708 3113 867 3186 Augustani
895 3113 931 3166 sd
958 3113 1160 3167 Alemanornm
1180 3129 1281 3184 ponere
1309 3121 1388 3168 οιιιιι
1411 3115 1442 3169 in
1466 3114 1635 3170 monasteria
1660 3112 1689 3167 S.
1711 3112 1795 3168 Galli

95 3200 241 3258 Nicolaum
254 3215 364 3270 papam,
377 3200 406 3255 in
418 3218 474 3273 qua
485 3208 594 3271 narrat,
609 3201 778 3272 Greqorinm
792 3202 932 3268 Maqnum
959 3200 1111 3268 enutritur,
1137 3200 1186 3254 ubi
1202 3202 1270 3254 dum
1288 3201 1414 3254 babitans
1432 3201 1514 3256 saliet
1531 3201 1676 3270 accipere,
1697 3201 1732 3254 ab
1751 3201 1793 3253 in·

95 3305 146 3341 suo
166 3289 289 3355 quodam
307 3287 420 3341 decreto
440 3288 635 3342 sacerdotibus
654 3288 813 3358 aliquando
831 3303 932 3340 uxores
959 3286 1039 3341 clusa
1057 3287 1226 3357 prohibetur
1252 3286 1363 3341 diceme
1387 3287 1457 3356 sibi,
1481 3289 1559 3357 quad
1583 3289 1700 3351 futurus
1721 3293 1792 3340 esset

94 3374 246 3441 ademisse,
272 3390 334 3426 cam
352 3389 417 3426 uero
434 3373 603 3443 paulopost
620 3374 750 3441 iussisset
768 3390 801 3426 aa
818 3372 931 3442 piscina
959 3374 1154 3444 episcopusin
1172 3374 1311 3441 Auqusta.
1347 3373 1431 3428 Item:
1458 3375 1530 3427 Post
1549 3373 1639 3426 multa
1654 3371 1793 3426 miracula

94 3477 148 3512 sua
163 3459 256 3527 pisces
270 3459 378 3528 aliquot
395 3461 473 3529 capi,
496 3459 657 3528 piscatores
669 3476 728 3527 pro
741 3460 867 3531 piscibus
884 3475 932 3513 sea
959 3479 1033 3514 anno
1046 3460 1166 3514 Domini
1178 3460 1401 3528 nanqeatesimo,
1419 3461 1522 3514 aetatis
1537 3459 1792 3526 suae‘octoqcsirno

94 3545 187 3598 millia
215 3544 340 3614 capitum
369 3545 522 3608 infantium
550 3547 752 3615 suffocatorum
782 3545 931 3614 reperisse,
958 3548 1050 3615 tertio,
1070 3546 1260 3600 ordinationis
1277 3546 1507 3616 quiaquaqesimo
1526 3545 1657 3615 miqracit
1675 3546 1717 3599 ad
1732 3546 1792 3599 Do·

93 3650 177 3717 quam
196 3631 310 3682 caedem
328 3630 482 3691 infantium
506 3650 567 3684 cam
584 3631 753 3701 intelliqeret
775 3631 931 3700 Greqarius
958 3634 1070 3689 minam.
1106 3631 1198 3696 Quare
1221 3648 1284 3686 cum
1308 3631 1457 3687 Udslricus
1483 3632 1536 3686 iste
1560 3648 1633 3687 anno
1659 3637 1716 3687 850,
1733 3631 1793 3700 jam

94 3735 127 3771 ea
146 3700 263 3771 occultis
274 3717 519 3784 formicationibus
530 3717 574 3771 sel
589 3717 741 3771 adulteriis
753 3719 930 3770 sacerdotum
957 3725 1016 3775 tum
1036 3717 1121 3773 fuerit
1139 3723 1294 3789 episcopus,
1313 3716 1422 3772 Nicolai
1439 3717 1577 3788 pontilicis
1600 3724 1659 3772 tum
1678 3717 1792 3773 creatio-

94 3812 187 3858 natam
210 3820 275 3867 esse,
296 3803 425 3855 continuo
437 3821 485 3856 rer
486 3805 577 3857 ocaost
590 3804 730 3857 decretum
748 3811 775 3858 ιι
781 3811 883 3872 pecca
884 3820 930 3855 um
957 3823 1033 3873 nem,
1057 3811 1117 3858 tum
1142 3820 1299 3874 supremum
1324 3803 1396 3859 diem
1422 3805 1516 3860 videre
1540 3805 1631 3875 potuit
1653 3821 1686 3859 ac
1710 3821 1792 3875 porro

93 3909 173 3943 ιιιιιιιι
186 3888 477 3958 diqns'spoenitentiae
488 3889 630 3953 fructibus
639 3890 785 3958 pnrqavs't,
806 3889 930 3942 laudans
958 3899 990 3948 33
1011 3891 1089 3945 annis
1113 3896 1252 3961 superstes
1270 3889 1332 3948 fuit.
1369 3879 1529 3962 Onuplrrius
1554 3891 1674 3947 itidem
1666 3911 1695 3946 m
1712 3891 1791 3946 lastis

94 3975 279 4046 apostolicum
301 3975 389 4039 illud,
416 3975 516 4028 melias
541 3983 580 4027 ιιι
604 3975 706 4027 nubere
724 3992 806 4043 quam
824 3976 887 4041 uri,
903 3982 931 4028 et
957 3977 1079 4049 pontific.
1097 3993 1170 4030 anno
1189 3980 1248 4032 858.
1268 3976 1426 4032 immediate
1444 3978 1613 4035 subNicolai
1629 3977 1792 4049 pontificatu

20 4102 23 4106 -
96 4064 132 4115 de
161 4079 212 4114 suo
239 4062 365 4114 αιιιιιπιτ
397 4060 505 4113 Melius
531 4061 703 4128 atrahere,
727 4079 810 4129 ustam
834 4058 931 4113 mortis
959 4063 1084 4120 Udslrici
1093 4062 1251 4135 Augustani
1263 4061 1385 4133 episcopi
1398 4063 1564 4119 mentionem
1577 4064 1652 4121 facit.
1683 4063 1792 4134 *¹¹pr

96 4148 269 4202 occasionem
278 4147 422 4216 praebere.
445 4145 556 4215 Excipit
564 4145 760 4200 Bellarminus:
775 4153 797 4202 1.
808 4145 931 4200 auctori·
958 4150 1029 4204 stols
1040 4140 1041 4145 ’
1052 4149 1100 4203 illa
1119 4147 1261 4204 Hulderici
1286 4155 1351 4203 ante
1369 4155 1444 4203 mota
1467 4150 1503 4204 de
1519 4149 1572 4206 huc
1590 4167 1619 4205 re
1640 4151 1793 4204 certamina

95 4243 152 4288 tate
171 4234 251 4286 illius
269 4233 405 4300 epistolae
424 4251 475 4286 nos
488 4234 578 4300 maqis
586 4234 690 4305 premi,
712 4252 773 4286 cam
786 4235 931 4287 Romanus
957 4234 1063 4306 publici
1085 4235 1157 4305 juris
1194 4233 1271 4288 facta
1298 4241 1341 4289 est
1366 4251 1400 4288 ex
1430 4234 1598 4290 bibliotheca
1626 4235 1791 4290 Holaudiae.

92 4322 225 4390 pontisera
241 4320 271 4372 in
290 4335 324 4370 ea
342 4319 456 4372 dicatur
475 4327 560 4388 capnt
573 4320 702 4384 omnium,
720 4321 821 4390 quique
834 4321 932 4374 debesa
958 4321 1115 4377 Hediolib.
1135 4326 1158 4376 8.
1174 4319 1239 4376 hist.
1258 4320 1353 4375 ceolas
1374 4337 1397 4374 c.
1421 4326 1458 4376 12.
1479 4327 1506 4376 ιι
1524 4322 1584 4391 ipse
1601 4322 1711 4376 Aeneas
1730 4321 1792 4391 syl-

97 4423 194 4475 coqere
214 4407 394 4475 presbyteros
413 4405 620 4475 simonaciae,
647 4423 811 4458 neccaram
828 4408 932 4459 ducant
959 4409 1020 4462 vius
1037 4409 1065 4461 in
1084 4424 1135 4462 sua
1153 4405 1303 4462 Germania
1320 4407 1380 4476 ejus
1400 4408 1564 4464 mentionem
1585 4406 1704 4462 facit.¹*¹¹
1733 4407 1792 4462 Nec

97 4502 122 4547 ιι
141 4495 168 4546 si
187 4493 325 4558 duxerint,
343 4492 443 4545 debere
460 4492 599 4561 separari.
635 4490 857 4561 Respondemus:
877 4510 931 4547 non
958 4498 1050 4565 potest
1074 4491 1202 4547 falsitatis
1228 4493 1307 4563 argui
1332 4494 1449 4548 assertio
1466 4494 1502 4547 de
1521 4492 1649 4564 Gregorii
1671 4495 1791 4558 ‹lecreto,

97 4578 189 4633 statim
205 4578 360 4648 approbare
373 4578 499 4649 cogimur
517 4595 621 4634 errores
633 4595 776 4649 personae,
795 4578 817 4631 si
833 4595 931 4650 accep·
959 4579 1012 4633 nisi
1035 4577 1218 4633 Bellarminus
1240 4595 1270 4633 se
1293 4579 1382 4651 ipsum
1414 4579 1552 4636 mendacii
1577 4595 1693 4652 arguere
1716 4579 1794 4648 velit,

97 4672 186 4721 tenus
203 4665 347 4720 veritatem
367 4665 448 4729 facti,
477 4682 560 4736 quam
577 4679 680 4720 namet.
718 4665 868 4721 Udslricus
885 4665 932 4720 ille
959 4663 1085 4735 superius
1104 4664 1176 4718 euim
1193 4681 1217 4720 c.
1239 4671 1277 4720 19.
1298 4666 1369 4720 inter
1386 4665 1539 4735 pontifices,
1559 4664 1606 4735 qui
1619 4665 1794 4720 sacerdotum

98 4750 274 4823 reprehendit
305 4748 464 4820 pontificem
498 4750 534 4804 ob
565 4751 677 4805 decreta
708 4751 742 4805 de
770 4751 932 4805 clericorum
959 4752 1091 4824 conjugia
1111 4750 1325 4820 prohibuerunt,
1350 4758 1476 4806 numerat
1500 4749 1664 4822 Gregorinm
1693 4752 1739 4808 lib.
1769 4757 1792 4810 1.

99 4836 269 4892 continentia
281 4853 298 4889 a
310 4835 477 4890 discretione
495 4835 594 4900 aliena,
613 4852 679 4909 ergo
693 4854 748 4891 non
760 4836 933 4900 existimavit,
959 4836 1036 4907 epist.
1057 4842 1099 4891 42.
1118 4841 1145 4891 et
1164 4835 1211 4891 lib⁴
1231 4842 1255 4890 3.
1275 4837 1356 4906 epist.
1370 4842 1411 4891 34.
1430 4835 1504 4890 idem
1523 4843 1697 4892 statuentem.
1732 4839 1794 4894 Nec

97 4922 257 4995 pontificem
287 4938 347 4977 esse
370 4920 582 4991 ἀνυπεύθυνον,
606 4923 643 4976 ab
673 4923 783 4977 errandi
810 4921 933 4993 periculo
960 4922 1101 4978 decretum
1120 4921 1189 4976 illud
1204 4921 1332 4992 Gregorii
1352 4922 1388 4975 ad
1408 4922 1494 4976 solam
1511 4922 1634 4978 Siciliam
1653 4924 1793 4995 pertinuit,

98 5011 259 5074 immunem,
277 5024 329 5063 nec
343 5009 482 5079 judicavit
500 5007 626 5062 absolute
645 5015 674 5062 et
692 5009 855 5079 simpliciter
874 5009 933 5063 sine
960 5010 1007 5064 sed
1026 5009 1202 5080 peculiariter
1228 5009 1263 5062 ad
1288 5007 1395 5063 Siculos
1418 5009 1553 5064 directum
1572 5010 1638 5080 luit,
1664 5010 1730 5080 quia
1753 5009 1793 5065 ibi

98 5097 222 5152 examine
240 5096 359 5152 decretis
378 5098 438 5169 ejus
457 5094 712 5164 obtemperandum.
748 5098 814 5149 Non
830 5115 931 5167 parson
960 5097 1050 5151 minus
1081 5095 1295 5162 observabatur,
1323 5095 1432 5149 interim
1461 5095 1567 5152 Romae
1591 5102 1619 5151 et
1648 5096 1715 5150 alibi
1738 5114 1794 5152 non

99 5183 209 5255 (inquit)
229 5202 248 5236 a
266 5191 365 5236 sancta
387 5181 555 5235 discretione
571 5181 703 5248 docimii,
727 5199 788 5235 cum
807 5182 934 5252 clericos,
960 5182 1045 5237 fuisse
1068 5183 1159 5254 legem
1183 5179 1335 5235 coelibatus
1360 5181 1552 5236 sacerdotibus
1581 5182 1737 5253 impositam
1760 5199 1793 5237 ex

98 5288 167 5338 quos
186 5271 226 5322 ad
244 5269 442 5322 continentiam
464 5266 591 5337 conjapii
614 5283 725 5320 monere
744 5269 876 5336 debebas,
895 5269 937 5321 ad
960 5285 993 5324 co
1009 5268 1103 5341 colligi
1122 5266 1233 5322 minime
1245 5272 1344 5337 potest.
1379 5266 1457 5323 Neve
1476 5269 1590 5325 ulterius
1609 5267 1794 5324 Bellarminus

99 5357 170 5408 banc
183 5355 472 5425 imperiosaquadam
486 5352 694 5421 violentiacoqi
709 5353 829 5407 solebas.
850 5355 936 5408 Num·
960 5355 1112 5418 cavilletur,
1133 5352 1275 5424 epistolem
1296 5351 1438 5409 hancesse
1454 5353 1609 5421 confictam,
1632 5355 1793 5422 notandum,

99 5442 247 5512 quidecim
257 5441 357 5494 merito
364 5460 500 5496 communi
512 5457 633 5496 omnium
642 5439 811 5509 sapientium
818 5440 933 5509 jnd'wio
961 5441 1035 5513 quod
1054 5438 1220 5495 Bartholdns
1240 5437 1461 5495 constantiensis
1481 5440 1653 5512 presbyter'
1646 5459 1673 5494 in
1692 5457 1793 5512 appen-

99 5526 447 5595 laecestciolentic,cum
465 5537 564 5584 contra
583 5525 933 5601 eoanqeliaaminstitutio-
961 5527 1022 5582 dice
1046 5525 1199 5582 Hermanni
1218 5523 1361 5581 Contracti
1385 5526 1420 5581 de
1447 5526 1553 5599 synodo
1577 5525 1703 5582 Romana
1724 5526 1794 5586 Gre-

98 5612 343 5685 nemacdpiritus
358 5615 451 5669 sancti
465 5615 647 5670 dictationem
655 5610 934 5684 adprisatcaliqrss's
960 5610 1038 5687 gorio
1067 5610 1134 5668 VH
1160 5608 1293 5683 pontifice
1322 5608 1420 5667 habits
1446 5628 1520 5668 anno
1549 5610 1613 5672 chr.
1646 5619 1721 5671 1070
1752 5613 1794 5670 sio
