<?xml version="1.0" encoding="UTF-8"?>
<!DOCTYPE html PUBLIC "-//W3C//DTD XHTML 1.0 Transitional//EN"
    "http://www.w3.org/TR/xhtml1/DTD/xhtml1-transitional.dtd">
<html xmlns="http://www.w3.org/1999/xhtml" xml:lang="en" lang="en">
 <head>
  <title>
</title>
<meta http-equiv="Content-Type" content="text/html;charset=utf-8" />
  <meta name='ocr-system' content='tesseract 3.04.00' />
  <meta name='ocr-capabilities' content='ocr_page ocr_carea ocr_par ocr_line ocrx_word'/>
</head>
<body>
  <div class='ocr_page' id='page_1' title='image "./locitheologicic01gerhgoog/locitheologicic01gerhgoog_0394.png"; bbox 0 0 4020 6014; ppageno 0'>
   <div class='ocr_carea' id='block_1_1' title="bbox 690 158 1851 273">
    <p class='ocr_par' dir='ltr' id='par_1_1' title="bbox 690 158 1851 273">
     <span class='ocr_line' id='line_1_1' title="bbox 690 158 1851 273; baseline 0.014 -34"><span class='ocrx_word' id='word_1_1' title='bbox 690 174 693 177; x_wconf 81' lang='grc'>’</span> <span class='ocrx_word' id='word_1_2' title='bbox 747 183 799 240; x_wconf 87' lang='lat' dir='ltr'><em>nn</em></span> <span class='ocrx_word' id='word_1_3' title='bbox 817 180 1071 242; x_wconf 66' lang='lat' dir='ltr'><em>stammana</em></span> <span class='ocrx_word' id='word_1_4' title='bbox 1088 158 1277 247; x_wconf 67' lang='lat' dir='ltr'><em>noemma.</em></span> <span class='ocrx_word' id='word_1_5' title='bbox 1591 269 1593 273; x_wconf 66' lang='lat'><em>,</em></span> <span class='ocrx_word' id='word_1_6' title='bbox 1790 196 1851 257; x_wconf 82' lang='lat' dir='ltr'><em>sss</em></span> 
     </span>
    </p>
   </div>
   <div class='ocr_carea' id='block_1_2' title="bbox 49 336 1998 5567">
    <p class='ocr_par' dir='ltr' id='par_1_2' title="bbox 49 336 1998 5567">
     <span class='ocr_line' id='line_1_2' title="bbox 153 336 1852 414; baseline 0.007 -28"><span class='ocrx_word' id='word_1_7' title='bbox 153 339 214 401; x_wconf 88' lang='lat' dir='ltr'><em>tar,</em></span> <span class='ocrx_word' id='word_1_8' title='bbox 239 336 311 389; x_wconf 89' lang='lat' dir='ltr'><em>odeo</em></span> <span class='ocrx_word' id='word_1_9' title='bbox 328 341 420 389; x_wconf 89' lang='lat' dir='ltr'><em>tamen</em></span> <span class='ocrx_word' id='word_1_10' title='bbox 444 353 519 391; x_wconf 87' lang='lat' dir='ltr'><em>vana</em></span> <span class='ocrx_word' id='word_1_11' title='bbox 543 338 706 409; x_wconf 73' lang='lat' dir='ltr'><em>neperddio</em></span> <span class='ocrx_word' id='word_1_12' title='bbox 725 339 866 395; x_wconf 78' lang='lat' dir='ltr'><em>hominum</em></span> <span class='ocrx_word' id='word_1_13' title='bbox 885 346 989 394; x_wconf 76' lang='lat' dir='ltr'><em>mentes</em></span> <span class='ocrx_word' id='word_1_14' title='bbox 1017 339 1134 408; x_wconf 80' lang='lat' dir='ltr'><em>quidam</em></span> <span class='ocrx_word' id='word_1_15' title='bbox 1157 341 1361 409; x_wconf 71' lang='lat' dir='ltr'><em>gemebundum,</em></span> <span class='ocrx_word' id='word_1_16' title='bbox 1385 341 1585 414; x_wconf 77' lang='lat' dir='ltr'><em>plorabundus</em></span> <span class='ocrx_word' id='word_1_17' title='bbox 1602 341 1737 412; x_wconf 68' lang='lat' dir='ltr'><em>merismu</em></span> <span class='ocrx_word' id='word_1_18' title='bbox 1759 343 1852 398; x_wconf 81' lang='lat' dir='ltr'><em>modia</em></span> 
     </span>
     <span class='ocr_line' id='line_1_3' title="bbox 153 418 1852 498; baseline 0.008 -27"><span class='ocrx_word' id='word_1_19' title='bbox 153 418 228 472; x_wconf 86' lang='lat' dir='ltr'><em>velut</em></span> <span class='ocrx_word' id='word_1_20' title='bbox 246 421 391 491; x_wconf 78' lang='lat' dir='ltr'><em>letior-pus</em></span> <span class='ocrx_word' id='word_1_21' title='bbox 408 423 526 495; x_wconf 77' lang='lat' dir='ltr'><em>inoosd,</em></span> <span class='ocrx_word' id='word_1_22' title='bbox 553 432 583 479; x_wconf 90' lang='lat' dir='ltr'><em>at</em></span> <span class='ocrx_word' id='word_1_23' title='bbox 600 443 647 480; x_wconf 81' lang='lat' dir='ltr'><em>eos</em></span> <span class='ocrx_word' id='word_1_24' title='bbox 667 427 773 481; x_wconf 88' lang='lat' dir='ltr'><em>violari</em></span> <span class='ocrx_word' id='word_1_25' title='bbox 788 430 874 493; x_wconf 74' lang='lat' dir='ltr'><em>nesae</em></span> <span class='ocrx_word' id='word_1_26' title='bbox 891 433 987 497; x_wconf 88' lang='lat' dir='ltr'><em>patent</em></span> <span class='ocrx_word' id='word_1_27' title='bbox 1011 433 1210 498; x_wconf 79' lang='lat' dir='ltr'><strong><em>paupertatem</em></strong></span> <span class='ocrx_word' id='word_1_28' title='bbox 1228 426 1366 481; x_wconf 84' lang='lat' dir='ltr'><em>simulans</em></span> <span class='ocrx_word' id='word_1_29' title='bbox 1383 428 1586 496; x_wconf 72' lang='lat' dir='ltr'><em>elemosynam</em></span> <span class='ocrx_word' id='word_1_30' title='bbox 1603 430 1683 498; x_wconf 88' lang='lat' dir='ltr'><em>petit,</em></span> <span class='ocrx_word' id='word_1_31' title='bbox 1703 429 1805 483; x_wconf 76' lang='lat' dir='ltr'><em>tabere</em></span> <span class='ocrx_word' id='word_1_32' title='bbox 1821 446 1852 484; x_wconf 83' lang='lat' dir='ltr'><em>aa</em></span> 
     </span>
     <span class='ocr_line' id='line_1_4' title="bbox 154 510 1852 585; baseline 0.006 -27"><span class='ocrx_word' id='word_1_33' title='bbox 154 513 236 574; x_wconf 67' lang='lat' dir='ltr'><em>aquis</em></span> <span class='ocrx_word' id='word_1_34' title='bbox 258 510 402 579; x_wconf 77' lang='lat' dir='ltr'><em>grassari,</em></span> <span class='ocrx_word' id='word_1_35' title='bbox 433 513 548 580; x_wconf 59' lang='lat' dir='ltr'><em>merari,</em></span> <span class='ocrx_word' id='word_1_36' title='bbox 574 514 717 582; x_wconf 77' lang='lat' dir='ltr'><em>imponere</em></span> <span class='ocrx_word' id='word_1_37' title='bbox 745 515 858 583; x_wconf 86' lang='lat' dir='ltr'><em>impune</em></span> <span class='ocrx_word' id='word_1_38' title='bbox 881 513 990 583; x_wconf 84' lang='lat' dir='ltr'><em>poesim</em></span> <span class='ocrx_word' id='word_1_39' title='bbox 1015 512 1107 565; x_wconf 87' lang='lat' dir='ltr'><em>latens</em></span> <span class='ocrx_word' id='word_1_40' title='bbox 1128 514 1248 582; x_wconf 75' lang='lat' dir='ltr'><em>aliquod</em></span> <span class='ocrx_word' id='word_1_41' title='bbox 1266 513 1363 567; x_wconf 78' lang='lat' dir='ltr'><em>vitirsm</em></span> <span class='ocrx_word' id='word_1_42' title='bbox 1382 532 1416 567; x_wconf 87' lang='lat' dir='ltr'><em>aa</em></span> <span class='ocrx_word' id='word_1_43' title='bbox 1436 515 1541 568; x_wconf 90' lang='lat' dir='ltr'><em>malam</em></span> <span class='ocrx_word' id='word_1_44' title='bbox 1559 516 1644 584; x_wconf 86' lang='lat' dir='ltr'><em>dicit,</em></span> <span class='ocrx_word' id='word_1_45' title='bbox 1664 518 1742 583; x_wconf 79' lang='lat' dir='ltr'><em>quod</em></span> <span class='ocrx_word' id='word_1_46' title='bbox 1755 518 1852 585; x_wconf 90' lang='lat' dir='ltr'><em>pudor</em></span> 
     </span>
     <span class='ocr_line' id='line_1_5' title="bbox 154 593 1852 671; baseline 0.007 -28"><span class='ocrx_word' id='word_1_47' title='bbox 154 593 258 650; x_wconf 88' lang='lat' dir='ltr'><em>sinant.</em></span> <span class='ocrx_word' id='word_1_48' title='bbox 289 595 424 651; x_wconf 83' lang='lat' dir='ltr'><em>Albertue</em></span> <span class='ocrx_word' id='word_1_49' title='bbox 437 596 582 652; x_wconf 74' lang='lat' dir='ltr'><strong>crantzius</strong></span> <span class='ocrx_word' id='word_1_50' title='bbox 603 598 650 655; x_wconf 89' lang='lat' dir='ltr'><em>lib.</em></span> <span class='ocrx_word' id='word_1_51' title='bbox 673 605 711 655; x_wconf 94' lang='grc'><em>11.</em></span> <span class='ocrx_word' id='word_1_52' title='bbox 732 599 867 655; x_wconf 74' lang='lat' dir='ltr'>saxoniae</span> <span class='ocrx_word' id='word_1_53' title='bbox 885 617 946 671; x_wconf 87' lang='lat' dir='ltr'><em>cap.</em></span> <span class='ocrx_word' id='word_1_54' title='bbox 966 597 1156 653; x_wconf 66' lang='lat' dir='ltr'><em>tiliamentum</em></span> <span class='ocrx_word' id='word_1_55' title='bbox 1177 601 1337 668; x_wconf 85' lang='lat' dir='ltr'><em>conspectui</em></span> <span class='ocrx_word' id='word_1_56' title='bbox 1354 601 1480 654; x_wconf 79' lang='lat' dir='ltr'><em>extitere</em></span> <span class='ocrx_word' id='word_1_57' title='bbox 1499 604 1648 655; x_wconf 84' lang='lat' dir='ltr'><em>deterreat.</em></span> <span class='ocrx_word' id='word_1_58' title='bbox 1688 600 1785 670; x_wconf 78' lang='lat' dir='ltr'><em>Ipsius</em></span> <span class='ocrx_word' id='word_1_59' title='bbox 1801 602 1852 655; x_wconf 88' lang='lat' dir='ltr'><em>mi·</em></span> 
     </span>
     <span class='ocr_line' id='line_1_6' title="bbox 153 667 1852 755; baseline 0.006 -24"><span class='ocrx_word' id='word_1_60' title='bbox 153 694 199 732; x_wconf 86' lang='lat' dir='ltr'><em>eos</em></span> <span class='ocrx_word' id='word_1_61' title='bbox 226 679 266 734; x_wconf 90' lang='lat' dir='ltr'><em>sic</em></span> <span class='ocrx_word' id='word_1_62' title='bbox 291 680 436 737; x_wconf 82' lang='lat' dir='ltr'>describit:</span> <span class='ocrx_word' id='word_1_63' title='bbox 473 684 539 736; x_wconf 87' lang='lat' dir='ltr'><em>Cum</em></span> <span class='ocrx_word' id='word_1_64' title='bbox 567 693 698 753; x_wconf 78' lang='lat' dir='ltr'><em>operetur</em></span> <span class='ocrx_word' id='word_1_65' title='bbox 723 704 740 738; x_wconf 91' lang='lat' dir='ltr'><em>a</em></span> <span class='ocrx_word' id='word_1_66' title='bbox 762 686 873 740; x_wconf 68' lang='lat' dir='ltr'><em>Chresto</em></span> <span class='ocrx_word' id='word_1_67' title='bbox 900 667 1088 751; x_wconf 72' lang='lat' dir='ltr'><em>annueiscrti</em></span> <span class='ocrx_word' id='word_1_68' title='bbox 1105 685 1212 751; x_wconf 82' lang='lat' dir='ltr'><em>sinpuli</em></span> <span class='ocrx_word' id='word_1_69' title='bbox 1227 686 1355 739; x_wconf 82' lang='lat' dir='ltr'><em>mendico</em></span> <span class='ocrx_word' id='word_1_70' title='bbox 1377 686 1577 754; x_wconf 72' lang='lat' dir='ltr'><em>eleemosynam</em></span> <span class='ocrx_word' id='word_1_71' title='bbox 1600 688 1753 755; x_wconf 72' lang='lat' dir='ltr'><em>largimur,</em></span> <span class='ocrx_word' id='word_1_72' title='bbox 1779 705 1852 742; x_wconf 90' lang='lat' dir='ltr'><em>men·</em></span> 
     </span>
     <span class='ocr_line' id='line_1_7' title="bbox 152 763 1852 842; baseline 0.007 -26"><span class='ocrx_word' id='word_1_73' title='bbox 152 765 275 818; x_wconf 87' lang='lat' dir='ltr'><em>decimae</em></span> <span class='ocrx_word' id='word_1_74' title='bbox 294 770 427 838; x_wconf 84' lang='lat' dir='ltr'><em>septimae</em></span> <span class='ocrx_word' id='word_1_75' title='bbox 441 763 509 838; x_wconf 86' lang='lat' dir='ltr'><em>post</em></span> <span class='ocrx_word' id='word_1_76' title='bbox 528 771 606 824; x_wconf 84' lang='lat' dir='ltr'><em>mille</em></span> <span class='ocrx_word' id='word_1_77' title='bbox 620 772 848 842; x_wconf 73' lang='lat' dir='ltr'><em>quadringentos,</em></span> <span class='ocrx_word' id='word_1_78' title='bbox 864 773 990 841; x_wconf 90' lang='lat' dir='ltr'><em>primum</em></span> <span class='ocrx_word' id='word_1_79' title='bbox 1001 775 1004 838; x_wconf 93' lang='grc' dir='ltr'>Ι</span> <span class='ocrx_word' id='word_1_80' title='bbox 1017 771 1098 823; x_wconf 88' lang='lat' dir='ltr'><em>dicae</em></span> <span class='ocrx_word' id='word_1_81' title='bbox 1116 789 1135 823; x_wconf 91' lang='lat' dir='ltr'><em>a</em></span> <span class='ocrx_word' id='word_1_82' title='bbox 1151 772 1231 823; x_wconf 84' lang='lat' dir='ltr'><em>nobie</em></span> <span class='ocrx_word' id='word_1_83' title='bbox 1250 773 1420 840; x_wconf 72' lang='lat' dir='ltr'><em>digreditur.</em></span> <span class='ocrx_word' id='word_1_84' title='bbox 1461 774 1538 826; x_wconf 85' lang='lat' dir='ltr'><em>Unus</em></span> <span class='ocrx_word' id='word_1_85' title='bbox 1562 782 1687 827; x_wconf 76' lang='lat' dir='ltr'><em>avarum</em></span> <span class='ocrx_word' id='word_1_86' title='bbox 1705 774 1788 842; x_wconf 86' lang='lat' dir='ltr'><em>jabet</em></span> <span class='ocrx_word' id='word_1_87' title='bbox 1803 776 1852 839; x_wconf 81' lang='lat' dir='ltr'><em>fa-</em></span> 
     </span>
     <span class='ocr_line' id='line_1_8' title="bbox 152 854 1852 928; baseline 0.009 -26"><span class='ocrx_word' id='word_1_88' title='bbox 152 868 312 920; x_wconf 87' lang='lat' dir='ltr'><em>apparuerc</em></span> <span class='ocrx_word' id='word_1_89' title='bbox 329 854 373 906; x_wconf 84' lang='lat' dir='ltr'><em>lis</em></span> <span class='ocrx_word' id='word_1_90' title='bbox 392 856 494 909; x_wconf 86' lang='lat' dir='ltr'><em>nostris</em></span> <span class='ocrx_word' id='word_1_91' title='bbox 509 857 660 910; x_wconf 87' lang='lat' dir='ltr'><em>maritimis</em></span> <span class='ocrx_word' id='word_1_92' title='bbox 675 858 745 912; x_wconf 87' lang='lat' dir='ltr'><em>locis</em></span> <span class='ocrx_word' id='word_1_93' title='bbox 764 860 806 911; x_wconf 88' lang='lat' dir='ltr'><em>ad</em></span> <span class='ocrx_word' id='word_1_94' title='bbox 819 875 902 917; x_wconf 58' lang='lat' dir='ltr'><em>⁴mare</em></span> <span class='ocrx_word' id='word_1_95' title='bbox 919 858 989 912; x_wconf 79' lang='lat' dir='ltr'><em>Ger·</em></span> <span class='ocrx_word' id='word_1_96' title='bbox 1016 856 1121 908; x_wconf 86' lang='lat' dir='ltr'><em>mulam</em></span> <span class='ocrx_word' id='word_1_97' title='bbox 1147 875 1226 909; x_wconf 74' lang='lat' dir='ltr'><em>caum</em></span> <span class='ocrx_word' id='word_1_98' title='bbox 1257 858 1328 910; x_wconf 75' lang='lat' dir='ltr'><em>banc</em></span> <span class='ocrx_word' id='word_1_99' title='bbox 1352 859 1510 911; x_wconf 76' lang='lat' dir='ltr'><em>mendicam</em></span> <span class='ocrx_word' id='word_1_100' title='bbox 1537 860 1648 928; x_wconf 75' lang='lat' dir='ltr'><em>insequi</em></span> <span class='ocrx_word' id='word_1_101' title='bbox 1672 867 1698 912; x_wconf 81' lang='lat' dir='ltr'><em>et</em></span> <span class='ocrx_word' id='word_1_102' title='bbox 1720 861 1852 928; x_wconf 73' lang='lat' dir='ltr'><em>propius,</em></span> 
     </span>
     <span class='ocr_line' id='line_1_9' title="bbox 152 938 1851 1013; baseline 0.009 -26"><span class='ocrx_word' id='word_1_103' title='bbox 152 938 292 991; x_wconf 77' lang='lat' dir='ltr'><em>monicum</em></span> <span class='ocrx_word' id='word_1_104' title='bbox 313 940 438 993; x_wconf 75' lang='lat' dir='ltr'><em>hominos</em></span> <span class='ocrx_word' id='word_1_105' title='bbox 457 943 606 1010; x_wconf 74' lang='lat' dir='ltr'><em>sip-redies</em></span> <span class='ocrx_word' id='word_1_106' title='bbox 625 942 774 1010; x_wconf 77' lang='lat' dir='ltr'><em>informes,</em></span> <span class='ocrx_word' id='word_1_107' title='bbox 799 943 905 998; x_wconf 75' lang='lat' dir='ltr'><em>maeoti</em></span> <span class='ocrx_word' id='word_1_108' title='bbox 921 944 989 1010; x_wconf 86' lang='lat' dir='ltr'><em>sole,</em></span> <span class='ocrx_word' id='word_1_109' title='bbox 1017 942 1087 1008; x_wconf 66' lang='lat' dir='ltr'><em>antid</em></span> <span class='ocrx_word' id='word_1_110' title='bbox 1114 943 1227 996; x_wconf 80' lang='lat' dir='ltr'><em>latentis</em></span> <span class='ocrx_word' id='word_1_111' title='bbox 1256 945 1321 996; x_wconf 80' lang='lat' dir='ltr'><em>vitii</em></span> <span class='ocrx_word' id='word_1_112' title='bbox 1347 944 1468 1008; x_wconf 73' lang='lat' dir='ltr'><em>habaet,</em></span> <span class='ocrx_word' id='word_1_113' title='bbox 1493 945 1669 1013; x_wconf 71' lang='lat' dir='ltr'><em>parquirere.</em></span> <span class='ocrx_word' id='word_1_114' title='bbox 1709 947 1796 999; x_wconf 85' lang='lat' dir='ltr'><em>Paret</em></span> <span class='ocrx_word' id='word_1_115' title='bbox 1825 947 1851 1000; x_wconf 82' lang='lat' dir='ltr'><em>is</em></span> 
     </span>
     <span class='ocr_line' id='line_1_10' title="bbox 151 1023 1849 1098; baseline 0.007 -25"><span class='ocrx_word' id='word_1_116' title='bbox 151 1023 289 1075; x_wconf 88' lang='lat' dir='ltr'><em>immundi</em></span> <span class='ocrx_word' id='word_1_117' title='bbox 309 1033 383 1078; x_wconf 87' lang='lat' dir='ltr'><em>ueste</em></span> <span class='ocrx_word' id='word_1_118' title='bbox 411 1034 436 1079; x_wconf 89' lang='lat' dir='ltr'><em>et</em></span> <span class='ocrx_word' id='word_1_119' title='bbox 453 1046 505 1080; x_wconf 73' lang='lat' dir='ltr'><em>essa</em></span> <span class='ocrx_word' id='word_1_120' title='bbox 524 1045 617 1082; x_wconf 77' lang='lat' dir='ltr'><em>remim</em></span> <span class='ocrx_word' id='word_1_121' title='bbox 639 1028 760 1082; x_wconf 85' lang='lat' dir='ltr'><em>omnium</em></span> <span class='ocrx_word' id='word_1_122' title='bbox 782 1029 873 1097; x_wconf 78' lang='lat' dir='ltr'><em>foedi,</em></span> <span class='ocrx_word' id='word_1_123' title='bbox 895 1031 989 1095; x_wconf 77' lang='lat' dir='ltr'><em>fisrtis</em></span> <span class='ocrx_word' id='word_1_124' title='bbox 1017 1029 1176 1096; x_wconf 88' lang='lat' dir='ltr'><em>mandatis,</em></span> <span class='ocrx_word' id='word_1_125' title='bbox 1204 1030 1360 1082; x_wconf 87' lang='lat' dir='ltr'><em>mendicum</em></span> <span class='ocrx_word' id='word_1_126' title='bbox 1381 1036 1478 1097; x_wconf 77' lang='lat' dir='ltr'><em>rapat,</em></span> <span class='ocrx_word' id='word_1_127' title='bbox 1497 1032 1639 1098; x_wconf 77' lang='lat' dir='ltr'><em>quodnam</em></span> <span class='ocrx_word' id='word_1_128' title='bbox 1657 1032 1694 1082; x_wconf 85' lang='lat' dir='ltr'><em>sit</em></span> <span class='ocrx_word' id='word_1_129' title='bbox 1712 1030 1789 1084; x_wconf 88' lang='lat' dir='ltr'><em>illud</em></span> <span class='ocrx_word' id='word_1_130' title='bbox 1806 1031 1849 1085; x_wconf 88' lang='lat' dir='ltr'><em>la-</em></span> 
     </span>
     <span class='ocr_line' id='line_1_11' title="bbox 150 1109 1851 1186; baseline 0.006 -25"><span class='ocrx_word' id='word_1_131' title='bbox 150 1109 281 1177; x_wconf 85' lang='lat' dir='ltr'><em>inprimie</em></span> <span class='ocrx_word' id='word_1_132' title='bbox 312 1128 407 1175; x_wconf 71' lang='lat' dir='ltr'><em>ames,</em></span> <span class='ocrx_word' id='word_1_133' title='bbox 440 1116 610 1182; x_wconf 83' lang='lat' dir='ltr'><em>pracsertim</em></span> <span class='ocrx_word' id='word_1_134' title='bbox 634 1116 766 1182; x_wconf 89' lang='lat' dir='ltr'><em>feminae</em></span> <span class='ocrx_word' id='word_1_135' title='bbox 797 1117 858 1184; x_wconf 80' lang='lat' dir='ltr'><em>ejus</em></span> <span class='ocrx_word' id='word_1_136' title='bbox 890 1117 989 1184; x_wconf 75' lang='lat' dir='ltr'><em>gentis.</em></span> <span class='ocrx_word' id='word_1_137' title='bbox 1016 1120 1076 1166; x_wconf 88' lang='lat' dir='ltr'><em>tene</em></span> <span class='ocrx_word' id='word_1_138' title='bbox 1089 1114 1193 1183; x_wconf 87' lang='lat' dir='ltr'><em>vitium,</em></span> <span class='ocrx_word' id='word_1_139' title='bbox 1213 1133 1308 1183; x_wconf 82' lang='lat' dir='ltr'><em>quoae</em></span> <span class='ocrx_word' id='word_1_140' title='bbox 1326 1116 1457 1169; x_wconf 82' lang='lat' dir='ltr'><em>laborare</em></span> <span class='ocrx_word' id='word_1_141' title='bbox 1474 1115 1592 1184; x_wconf 83' lang='lat' dir='ltr'><em>dicabat,</em></span> <span class='ocrx_word' id='word_1_142' title='bbox 1611 1116 1725 1184; x_wconf 88' lang='lat' dir='ltr'><em>inspicit</em></span> <span class='ocrx_word' id='word_1_143' title='bbox 1736 1119 1851 1186; x_wconf 78' lang='lat' dir='ltr'><em>faciem,</em></span> 
     </span>
     <span class='ocr_line' id='line_1_12' title="bbox 152 1196 1849 1269; baseline 0.006 -22"><span class='ocrx_word' id='word_1_144' title='bbox 152 1196 229 1257; x_wconf 80' lang='lat' dir='ltr'><em>Nam</em></span> <span class='ocrx_word' id='word_1_145' title='bbox 254 1197 325 1249; x_wconf 86' lang='lat' dir='ltr'><em>viria</em></span> <span class='ocrx_word' id='word_1_146' title='bbox 350 1215 382 1250; x_wconf 84' lang='lat' dir='ltr'><em>eu</em></span> <span class='ocrx_word' id='word_1_147' title='bbox 404 1199 486 1263; x_wconf 77' lang='lat' dir='ltr'><em>furto</em></span> <span class='ocrx_word' id='word_1_148' title='bbox 511 1201 683 1263; x_wconf 78' lang='lat' dir='ltr'><em>feminarum</em></span> <span class='ocrx_word' id='word_1_149' title='bbox 708 1202 804 1257; x_wconf 67' lang='lat' dir='ltr'><em>matese.</em></span> <span class='ocrx_word' id='word_1_150' title='bbox 848 1202 988 1256; x_wconf 87' lang='lat' dir='ltr'><em>Tartaroe</em></span> <span class='ocrx_word' id='word_1_151' title='bbox 1011 1208 1119 1268; x_wconf 83' lang='lat' dir='ltr'><em>pectus,</em></span> <span class='ocrx_word' id='word_1_152' title='bbox 1147 1201 1262 1254; x_wconf 63' lang='lat' dir='ltr'><em>machia</em></span> <span class='ocrx_word' id='word_1_153' title='bbox 1290 1202 1438 1269; x_wconf 75' lang='lat' dir='ltr'><em>omniaque</em></span> <span class='ocrx_word' id='word_1_154' title='bbox 1463 1202 1582 1255; x_wconf 76' lang='lat' dir='ltr'><em>nitentia</em></span> <span class='ocrx_word' id='word_1_155' title='bbox 1606 1210 1632 1255; x_wconf 92' lang='lat' dir='ltr'><em>et</em></span> <span class='ocrx_word' id='word_1_156' title='bbox 1657 1203 1758 1256; x_wconf 87' lang='lat' dir='ltr'><em>ualida</em></span> <span class='ocrx_word' id='word_1_157' title='bbox 1779 1221 1849 1258; x_wconf 90' lang='lat' dir='ltr'><em>com·</em></span> 
     </span>
     <span class='ocr_line' id='line_1_13' title="bbox 150 1280 1851 1358; baseline 0.006 -25"><span class='ocrx_word' id='word_1_158' title='bbox 150 1280 233 1349; x_wconf 71' lang='lat' dir='ltr'><em>uulgo</em></span> <span class='ocrx_word' id='word_1_159' title='bbox 260 1292 376 1347; x_wconf 89' lang='lat' dir='ltr'><em>vocant,</em></span> <span class='ocrx_word' id='word_1_160' title='bbox 402 1285 432 1336; x_wconf 88' lang='lat' dir='ltr'><em>in</em></span> <span class='ocrx_word' id='word_1_161' title='bbox 460 1284 552 1338; x_wconf 87' lang='lat' dir='ltr'><em>Italia</em></span> <span class='ocrx_word' id='word_1_162' title='bbox 581 1294 681 1339; x_wconf 87' lang='lat' dir='ltr'><em>vocant</em></span> <span class='ocrx_word' id='word_1_163' title='bbox 714 1285 833 1341; x_wconf 81' lang='lat' dir='ltr'><em>Oiarioa.</em></span> <span class='ocrx_word' id='word_1_164' title='bbox 878 1289 988 1341; x_wconf 80' lang='lat' dir='ltr'><em>Ducem</em></span> <span class='ocrx_word' id='word_1_165' title='bbox 1012 1288 1097 1356; x_wconf 87' lang='lat' dir='ltr'><em>perit.</em></span> <span class='ocrx_word' id='word_1_166' title='bbox 1133 1289 1229 1350; x_wconf 75' lang='lat' dir='ltr'><em>Nina,</em></span> <span class='ocrx_word' id='word_1_167' title='bbox 1248 1287 1353 1358; x_wconf 88' lang='lat' dir='ltr'><em>inquit,</em></span> <span class='ocrx_word' id='word_1_168' title='bbox 1377 1289 1407 1339; x_wconf 90' lang='lat' dir='ltr'><em>in</em></span> <span class='ocrx_word' id='word_1_169' title='bbox 1426 1295 1451 1340; x_wconf 90' lang='lat' dir='ltr'><em>te</em></span> <span class='ocrx_word' id='word_1_170' title='bbox 1470 1289 1542 1340; x_wconf 88' lang='lat' dir='ltr'><em>mali</em></span> <span class='ocrx_word' id='word_1_171' title='bbox 1554 1289 1651 1357; x_wconf 73' lang='lat' dir='ltr'><em>uideo,</em></span> <span class='ocrx_word' id='word_1_172' title='bbox 1679 1290 1726 1341; x_wconf 89' lang='lat' dir='ltr'><em>cai</em></span> <span class='ocrx_word' id='word_1_173' title='bbox 1744 1291 1851 1343; x_wconf 90' lang='lat' dir='ltr'><em>mendi·</em></span> 
     </span>
     <span class='ocr_line' id='line_1_14' title="bbox 151 1368 1853 1444; baseline 0.006 -25"><span class='ocrx_word' id='word_1_174' title='bbox 151 1368 263 1421; x_wconf 68' lang='lat' dir='ltr'><em>comtes</em></span> <span class='ocrx_word' id='word_1_175' title='bbox 283 1370 386 1423; x_wconf 84' lang='lat' dir='ltr'><em>milites</em></span> <span class='ocrx_word' id='word_1_176' title='bbox 407 1373 484 1424; x_wconf 88' lang='lat' dir='ltr'><em>inter</em></span> <span class='ocrx_word' id='word_1_177' title='bbox 502 1389 531 1425; x_wconf 83' lang='lat' dir='ltr'><em>se</em></span> <span class='ocrx_word' id='word_1_178' title='bbox 557 1373 705 1429; x_wconf 78' lang='lat' dir='ltr'><em>honorant.</em></span> <span class='ocrx_word' id='word_1_179' title='bbox 744 1373 823 1427; x_wconf 87' lang='lat' dir='ltr'><em>Veste</em></span> <span class='ocrx_word' id='word_1_180' title='bbox 838 1382 988 1441; x_wconf 80' lang='lat' dir='ltr'><em>praestan·</em></span> <span class='ocrx_word' id='word_1_181' title='bbox 1016 1392 1064 1426; x_wconf 80' lang='lat' dir='ltr'><em>csse</em></span> <span class='ocrx_word' id='word_1_182' title='bbox 1091 1376 1254 1439; x_wconf 80' lang='lat' dir='ltr'><em>respondit:</em></span> <span class='ocrx_word' id='word_1_183' title='bbox 1282 1375 1327 1427; x_wconf 80' lang='lat' dir='ltr'><em>At</em></span> <span class='ocrx_word' id='word_1_184' title='bbox 1351 1374 1432 1440; x_wconf 83' lang='lat' dir='ltr'><em>lonpe</em></span> <span class='ocrx_word' id='word_1_185' title='bbox 1458 1375 1541 1427; x_wconf 89' lang='lat' dir='ltr'><em>aliud</em></span> <span class='ocrx_word' id='word_1_186' title='bbox 1564 1383 1603 1427; x_wconf 87' lang='lat' dir='ltr'><em>eet</em></span> <span class='ocrx_word' id='word_1_187' title='bbox 1627 1375 1747 1442; x_wconf 89' lang='lat' dir='ltr'><em>malum,</em></span> <span class='ocrx_word' id='word_1_188' title='bbox 1774 1377 1853 1444; x_wconf 76' lang='lat' dir='ltr'><em>quod</em></span> 
     </span>
     <span class='ocr_line' id='line_1_15' title="bbox 151 1455 1850 1530; baseline 0.006 -26"><span class='ocrx_word' id='word_1_189' title='bbox 151 1459 193 1504; x_wconf 89' lang='lat' dir='ltr'><em>tes</em></span> <span class='ocrx_word' id='word_1_190' title='bbox 209 1455 350 1509; x_wconf 79' lang='lat' dir='ltr'><em>venaticae</em></span> <span class='ocrx_word' id='word_1_191' title='bbox 374 1473 458 1510; x_wconf 85' lang='lat' dir='ltr'><em>canes</em></span> <span class='ocrx_word' id='word_1_192' title='bbox 477 1477 533 1528; x_wconf 85' lang='lat' dir='ltr'><em>pro</em></span> <span class='ocrx_word' id='word_1_193' title='bbox 554 1475 629 1512; x_wconf 91' lang='lat' dir='ltr'><em>more</em></span> <span class='ocrx_word' id='word_1_194' title='bbox 652 1458 811 1512; x_wconf 79' lang='lat' dir='ltr'><em>nobilitatis</em></span> <span class='ocrx_word' id='word_1_195' title='bbox 829 1460 918 1527; x_wconf 88' lang='lat' dir='ltr'><em>alunt,</em></span> <span class='ocrx_word' id='word_1_196' title='bbox 936 1463 989 1513; x_wconf 89' lang='lat' dir='ltr'><em>eed</em></span> <span class='ocrx_word' id='word_1_197' title='bbox 1014 1476 1057 1512; x_wconf 87' lang='lat' dir='ltr'><em>me</em></span> <span class='ocrx_word' id='word_1_198' title='bbox 1069 1461 1172 1528; x_wconf 85' lang='lat' dir='ltr'><em>promit</em></span> <span class='ocrx_word' id='word_1_199' title='bbox 1187 1462 1315 1528; x_wconf 72' lang='lat' dir='ltr'><em>assarique</em></span> <span class='ocrx_word' id='word_1_200' title='bbox 1329 1477 1347 1511; x_wconf 91' lang='grc' dir='ltr'><em>α</em></span> <span class='ocrx_word' id='word_1_201' title='bbox 1362 1468 1408 1513; x_wconf 84' lang='grc' dir='ltr'><em>1αο</em></span> <span class='ocrx_word' id='word_1_202' title='bbox 1427 1467 1573 1528; x_wconf 76' lang='lat' dir='ltr'><em>casaperta</em></span> <span class='ocrx_word' id='word_1_203' title='bbox 1592 1468 1734 1527; x_wconf 85' lang='lat' dir='ltr'><em>remotum,</em></span> <span class='ocrx_word' id='word_1_204' title='bbox 1752 1476 1850 1530; x_wconf 83' lang='lat' dir='ltr'><em>nempe</em></span> 
     </span>
     <span class='ocr_line' id='line_1_16' title="bbox 150 1538 1851 1614; baseline 0.006 -25"><span class='ocrx_word' id='word_1_205' title='bbox 150 1538 200 1590; x_wconf 80' lang='lat' dir='ltr'><em>ubi</em></span> <span class='ocrx_word' id='word_1_206' title='bbox 217 1549 357 1611; x_wconf 82' lang='lat' dir='ltr'><em>venentur,</em></span> <span class='ocrx_word' id='word_1_207' title='bbox 376 1543 434 1595; x_wconf 85' lang='lat' dir='ltr'><em>nisi</em></span> <span class='ocrx_word' id='word_1_208' title='bbox 449 1544 551 1607; x_wconf 66' lang='lat' dir='ltr'><em>fartim</em></span> <span class='ocrx_word' id='word_1_209' title='bbox 573 1562 629 1596; x_wconf 91' lang='lat' dir='ltr'><em>nou</em></span> <span class='ocrx_word' id='word_1_210' title='bbox 648 1543 755 1598; x_wconf 83' lang='lat' dir='ltr'><em>labent.</em></span> <span class='ocrx_word' id='word_1_211' title='bbox 787 1545 885 1614; x_wconf 78' lang='lat' dir='ltr'><em>Equos</em></span> <span class='ocrx_word' id='word_1_212' title='bbox 904 1561 987 1614; x_wconf 88' lang='lat' dir='ltr'><em>saepe</em></span> <span class='ocrx_word' id='word_1_213' title='bbox 1014 1545 1086 1613; x_wconf 86' lang='lat' dir='ltr'><em>tale,</em></span> <span class='ocrx_word' id='word_1_214' title='bbox 1113 1548 1191 1613; x_wconf 78' lang='lat' dir='ltr'><em>qaod</em></span> <span class='ocrx_word' id='word_1_215' title='bbox 1211 1562 1266 1614; x_wconf 89' lang='lat' dir='ltr'><em>per</em></span> <span class='ocrx_word' id='word_1_216' title='bbox 1284 1547 1444 1599; x_wconf 86' lang='lat' dir='ltr'><em>universum</em></span> <span class='ocrx_word' id='word_1_217' title='bbox 1462 1562 1565 1614; x_wconf 77' lang='lat' dir='ltr'><em>corpses</em></span> <span class='ocrx_word' id='word_1_218' title='bbox 1591 1563 1679 1597; x_wconf 86' lang='lat' dir='ltr'><em>meum</em></span> <span class='ocrx_word' id='word_1_219' title='bbox 1706 1547 1851 1614; x_wconf 70' lang='lat' dir='ltr'><em>salpitae</em></span> 
     </span>
     <span class='ocr_line' id='line_1_17' title="bbox 151 1628 1850 1700; baseline 0.005 -23"><span class='ocrx_word' id='word_1_220' title='bbox 151 1633 273 1694; x_wconf 75' lang='lat' dir='ltr'><em>mittant,</em></span> <span class='ocrx_word' id='word_1_221' title='bbox 304 1628 397 1696; x_wconf 86' lang='lat' dir='ltr'><em>major</em></span> <span class='ocrx_word' id='word_1_222' title='bbox 419 1636 510 1681; x_wconf 87' lang='lat' dir='ltr'><em>tamen</em></span> <span class='ocrx_word' id='word_1_223' title='bbox 525 1645 597 1697; x_wconf 87' lang='lat' dir='ltr'><em>pars</em></span> <span class='ocrx_word' id='word_1_224' title='bbox 613 1630 734 1699; x_wconf 84' lang='lat' dir='ltr'><em>pedibus</em></span> <span class='ocrx_word' id='word_1_225' title='bbox 753 1632 895 1700; x_wconf 78' lang='lat' dir='ltr'><em>proditur.</em></span> <span class='ocrx_word' id='word_1_226' title='bbox 933 1630 988 1682; x_wconf 78' lang='lat' dir='ltr'><em>Fe·</em></span> <span class='ocrx_word' id='word_1_227' title='bbox 1010 1647 1066 1699; x_wconf 89' lang='lat' dir='ltr'><em>per</em></span> <span class='ocrx_word' id='word_1_228' title='bbox 1084 1647 1169 1684; x_wconf 88' lang='lat' dir='ltr'><em>uenae</em></span> <span class='ocrx_word' id='word_1_229' title='bbox 1188 1639 1214 1683; x_wconf 85' lang='lat' dir='ltr'><em>et</em></span> <span class='ocrx_word' id='word_1_230' title='bbox 1232 1632 1377 1686; x_wconf 85' lang='lat' dir='ltr'><em>medullas</em></span> <span class='ocrx_word' id='word_1_231' title='bbox 1397 1633 1439 1684; x_wconf 90' lang='lat' dir='ltr'><em>ita</em></span> <span class='ocrx_word' id='word_1_232' title='bbox 1456 1639 1619 1698; x_wconf 77' lang='lat' dir='ltr'><em>praecatur,</em></span> <span class='ocrx_word' id='word_1_233' title='bbox 1637 1640 1667 1683; x_wconf 92' lang='lat' dir='ltr'><em>ut</em></span> <span class='ocrx_word' id='word_1_234' title='bbox 1686 1631 1795 1685; x_wconf 89' lang='lat' dir='ltr'><em>nullam</em></span> <span class='ocrx_word' id='word_1_235' title='bbox 1814 1633 1850 1686; x_wconf 84' lang='lat' dir='ltr'><em>eit</em></span> 
     </span>
     <span class='ocr_line' id='line_1_18' title="bbox 150 1711 1850 1787; baseline 0.006 -25"><span class='ocrx_word' id='word_1_236' title='bbox 150 1711 242 1763; x_wconf 88' lang='lat' dir='ltr'><em>minae</em></span> <span class='ocrx_word' id='word_1_237' title='bbox 266 1731 327 1765; x_wconf 88' lang='lat' dir='ltr'><em>cum</em></span> <span class='ocrx_word' id='word_1_238' title='bbox 355 1715 452 1766; x_wconf 85' lang='lat' dir='ltr'><em>stratis</em></span> <span class='ocrx_word' id='word_1_239' title='bbox 471 1723 496 1767; x_wconf 87' lang='lat' dir='ltr'><em>et</em></span> <span class='ocrx_word' id='word_1_240' title='bbox 510 1715 642 1782; x_wconf 86' lang='lat' dir='ltr'><em>parvulis</em></span> <span class='ocrx_word' id='word_1_241' title='bbox 662 1716 789 1785; x_wconf 85' lang='lat' dir='ltr'><em>jumento</em></span> <span class='ocrx_word' id='word_1_242' title='bbox 808 1717 984 1773; x_wconf 75' lang='lat' dir='ltr'><em>invehuntur.</em></span> <span class='ocrx_word' id='word_1_243' title='bbox 1014 1717 1143 1786; x_wconf 84' lang='lat' dir='ltr'><em>corporis</em></span> <span class='ocrx_word' id='word_1_244' title='bbox 1166 1719 1331 1786; x_wconf 82' lang='lat' dir='ltr'><em>membrum,</em></span> <span class='ocrx_word' id='word_1_245' title='bbox 1363 1719 1441 1786; x_wconf 76' lang='lat' dir='ltr'><em>qaod</em></span> <span class='ocrx_word' id='word_1_246' title='bbox 1465 1734 1493 1770; x_wconf 87' lang='lat' dir='ltr'><em>se</em></span> <span class='ocrx_word' id='word_1_247' title='bbox 1521 1718 1665 1771; x_wconf 85' lang='lat' dir='ltr'><em>laboribus</em></span> <span class='ocrx_word' id='word_1_248' title='bbox 1693 1735 1727 1770; x_wconf 91' lang='lat' dir='ltr'><em>ac</em></span> <span class='ocrx_word' id='word_1_249' title='bbox 1755 1720 1850 1787; x_wconf 83' lang='lat' dir='ltr'><em>operis</em></span> 
     </span>
     <span class='ocr_line' id='line_1_19' title="bbox 150 1798 1849 1873; baseline 0.005 -23"><span class='ocrx_word' id='word_1_250' title='bbox 150 1798 263 1850; x_wconf 82' lang='lat' dir='ltr'><em>Litsras</em></span> <span class='ocrx_word' id='word_1_251' title='bbox 280 1807 337 1851; x_wconf 80' lang='lat' dir='ltr'><em>trem</em></span> <span class='ocrx_word' id='word_1_252' title='bbox 352 1801 552 1869; x_wconf 85' lang='lat' dir='ltr'><em>praetulerant</em></span> <span class='ocrx_word' id='word_1_253' title='bbox 574 1801 752 1871; x_wconf 73' lang='lat' dir='ltr'><em>sigismundi</em></span> <span class='ocrx_word' id='word_1_254' title='bbox 775 1803 852 1871; x_wconf 79' lang='lat' dir='ltr'><em>repis</em></span> <span class='ocrx_word' id='word_1_255' title='bbox 879 1811 905 1855; x_wconf 87' lang='lat' dir='ltr'><em>et</em></span> <span class='ocrx_word' id='word_1_256' title='bbox 932 1803 985 1855; x_wconf 89' lang='lat' dir='ltr'><em>oli·</em></span> <span class='ocrx_word' id='word_1_257' title='bbox 1013 1806 1128 1858; x_wconf 84' lang='lat' dir='ltr'><em>tradere</em></span> <span class='ocrx_word' id='word_1_258' title='bbox 1146 1805 1225 1873; x_wconf 88' lang='lat' dir='ltr'><em>velit,</em></span> <span class='ocrx_word' id='word_1_259' title='bbox 1248 1806 1335 1857; x_wconf 85' lang='lat' dir='ltr'><em>audio</em></span> <span class='ocrx_word' id='word_1_260' title='bbox 1353 1805 1429 1857; x_wconf 86' lang='lat' dir='ltr'><em>illud</em></span> <span class='ocrx_word' id='word_1_261' title='bbox 1447 1805 1546 1856; x_wconf 88' lang='lat' dir='ltr'><em>uocari</em></span> <span class='ocrx_word' id='word_1_262' title='bbox 1557 1804 1709 1872; x_wconf 72' lang='lat' dir='ltr'><em>pigritiam</em></span> <span class='ocrx_word' id='word_1_263' title='bbox 1729 1813 1755 1858; x_wconf 86' lang='lat' dir='ltr'><em>et</em></span> <span class='ocrx_word' id='word_1_264' title='bbox 1775 1806 1849 1859; x_wconf 85' lang='lat' dir='ltr'><em>deei-</em></span> 
     </span>
     <span class='ocr_line' id='line_1_20' title="bbox 150 1886 1847 1960; baseline 0.008 -25"><span class='ocrx_word' id='word_1_265' title='bbox 150 1891 217 1950; x_wconf 76' lang='lat' dir='ltr'><em>quot</em></span> <span class='ocrx_word' id='word_1_266' title='bbox 231 1886 402 1957; x_wconf 76' lang='lat' dir='ltr'><em>principum,</em></span> <span class='ocrx_word' id='word_1_267' title='bbox 420 1893 451 1938; x_wconf 89' lang='lat' dir='ltr'><em>ut</em></span> <span class='ocrx_word' id='word_1_268' title='bbox 469 1887 605 1939; x_wconf 86' lang='lat' dir='ltr'><em>transitus</em></span> <span class='ocrx_word' id='word_1_269' title='bbox 623 1888 683 1940; x_wconf 86' lang='lat' dir='ltr'><em>illis</em></span> <span class='ocrx_word' id='word_1_270' title='bbox 702 1905 758 1956; x_wconf 88' lang='lat' dir='ltr'><em>per</em></span> <span class='ocrx_word' id='word_1_271' title='bbox 775 1888 858 1941; x_wconf 83' lang='lat' dir='ltr'><em>urbes</em></span> <span class='ocrx_word' id='word_1_272' title='bbox 878 1897 903 1941; x_wconf 89' lang='lat' dir='ltr'><em>et</em></span> <span class='ocrx_word' id='word_1_273' title='bbox 919 1907 987 1958; x_wconf 85' lang='lat' dir='ltr'><em>pro·</em></span> <span class='ocrx_word' id='word_1_274' title='bbox 1014 1891 1109 1958; x_wconf 88' lang='lat' dir='ltr'><em>diam,</em></span> <span class='ocrx_word' id='word_1_275' title='bbox 1141 1907 1214 1960; x_wconf 81' lang='lat' dir='ltr'><em>qaae</em></span> <span class='ocrx_word' id='word_1_276' title='bbox 1237 1892 1367 1958; x_wconf 79' lang='lat' dir='ltr'><em>profecto</em></span> <span class='ocrx_word' id='word_1_277' title='bbox 1396 1898 1460 1943; x_wconf 89' lang='lat' dir='ltr'><em>eunt</em></span> <span class='ocrx_word' id='word_1_278' title='bbox 1478 1891 1547 1942; x_wconf 88' lang='lat' dir='ltr'><em>uitia</em></span> <span class='ocrx_word' id='word_1_279' title='bbox 1569 1892 1723 1943; x_wconf 84' lang='lat' dir='ltr'><em>admodum</em></span> <span class='ocrx_word' id='word_1_280' title='bbox 1752 1892 1847 1949; x_wconf 72' lang='grc' dir='ltr'><em>αοαία.</em></span> 
     </span>
     <span class='ocr_line' id='line_1_21' title="bbox 149 1970 1850 2046; baseline 0.006 -25"><span class='ocrx_word' id='word_1_281' title='bbox 149 1970 256 2023; x_wconf 79' lang='lat' dir='ltr'><em>vinciae</em></span> <span class='ocrx_word' id='word_1_282' title='bbox 276 1972 425 2025; x_wconf 85' lang='lat' dir='ltr'><em>incolumis</em></span> <span class='ocrx_word' id='word_1_283' title='bbox 444 1973 628 2041; x_wconf 81' lang='lat' dir='ltr'><em>permittatur</em></span> <span class='ocrx_word' id='word_1_284' title='bbox 651 1974 843 2042; x_wconf 80' lang='lat' dir='ltr'><em>innoaiuaque.</em></span> <span class='ocrx_word' id='word_1_285' title='bbox 879 1977 986 2029; x_wconf 80' lang='lat' dir='ltr'><em>Ferunt</em></span> <span class='ocrx_word' id='word_1_286' title='bbox 1013 1977 1150 2029; x_wconf 81' lang='lat' dir='ltr'><em>Famulae</em></span> <span class='ocrx_word' id='word_1_287' title='bbox 1168 1977 1212 2029; x_wconf 76' lang='lat' dir='ltr'><em>leia</em></span> <span class='ocrx_word' id='word_1_288' title='bbox 1231 1977 1339 2030; x_wconf 79' lang='lat' dir='ltr'><em>auditio</em></span> <span class='ocrx_word' id='word_1_289' title='bbox 1366 1976 1620 2030; x_wconf 72' lang='lat' dir='ltr'><em>stomachabundus</em></span> <span class='ocrx_word' id='word_1_290' title='bbox 1644 1978 1783 2046; x_wconf 74' lang='lat' dir='ltr'><em>discedit,</em></span> <span class='ocrx_word' id='word_1_291' title='bbox 1808 1979 1850 2032; x_wconf 84' lang='lat' dir='ltr'><em>ad</em></span> 
     </span>
     <span class='ocr_line' id='line_1_22' title="bbox 151 2055 1849 2130; baseline 0.007 -25"><span class='ocrx_word' id='word_1_292' title='bbox 151 2055 216 2124; x_wconf 79' lang='lat' dir='ltr'><em>spei,</em></span> <span class='ocrx_word' id='word_1_293' title='bbox 243 2073 276 2109; x_wconf 83' lang='lat' dir='ltr'><em>aa</em></span> <span class='ocrx_word' id='word_1_294' title='bbox 294 2058 422 2125; x_wconf 81' lang='lat' dir='ltr'><em>injuncta</em></span> <span class='ocrx_word' id='word_1_295' title='bbox 440 2059 496 2111; x_wconf 81' lang='lat' dir='ltr'><em>sibi</em></span> <span class='ocrx_word' id='word_1_296' title='bbox 508 2060 682 2129; x_wconf 85' lang='lat' dir='ltr'><em>poenitentia</em></span> <span class='ocrx_word' id='word_1_297' title='bbox 709 2063 842 2113; x_wconf 88' lang='lat' dir='ltr'><em>mundum</em></span> <span class='ocrx_word' id='word_1_298' title='bbox 862 2064 986 2130; x_wconf 74' lang='lat' dir='ltr'><em>peregri·</em></span> <span class='ocrx_word' id='word_1_299' title='bbox 1012 2079 1078 2115; x_wconf 87' lang='lat' dir='ltr'><em>euos</em></span> <span class='ocrx_word' id='word_1_300' title='bbox 1095 2063 1176 2117; x_wconf 86' lang='lat' dir='ltr'><em>redit.</em></span> <span class='ocrx_word' id='word_1_301' title='bbox 1206 2063 1332 2130; x_wconf 76' lang='lat' dir='ltr'><em>Rogatus</em></span> <span class='ocrx_word' id='word_1_302' title='bbox 1352 2062 1473 2130; x_wconf 73' lang='lat' dir='ltr'><em>aculis,</em></span> <span class='ocrx_word' id='word_1_303' title='bbox 1493 2063 1634 2129; x_wconf 75' lang='lat' dir='ltr'><em>ariadnam</em></span> <span class='ocrx_word' id='word_1_304' title='bbox 1644 2063 1741 2127; x_wconf 70' lang='lat' dir='ltr'><em>finer-it</em></span> <span class='ocrx_word' id='word_1_305' title='bbox 1758 2063 1849 2117; x_wconf 76' lang='lat' dir='ltr'><em>latens</em></span> 
     </span>
     <span class='ocr_line' id='line_1_23' title="bbox 150 2145 1905 2219; baseline 0.005 -25"><span class='ocrx_word' id='word_1_306' title='bbox 150 2150 251 2195; x_wconf 86' lang='lat' dir='ltr'><em>nantes</em></span> <span class='ocrx_word' id='word_1_307' title='bbox 270 2145 426 2207; x_wconf 75' lang='lat' dir='ltr'><em>circumire,</em></span> <span class='ocrx_word' id='word_1_308' title='bbox 446 2147 498 2196; x_wconf 85' lang='lat' dir='ltr'><em>sed</em></span> <span class='ocrx_word' id='word_1_309' title='bbox 513 2146 641 2209; x_wconf 75' lang='lat' dir='ltr'><em>fabellae</em></span> <span class='ocrx_word' id='word_1_310' title='bbox 656 2154 728 2200; x_wconf 87' lang='lat' dir='ltr'><em>sunt.</em></span> <span class='ocrx_word' id='word_1_311' title='bbox 768 2148 921 2202; x_wconf 86' lang='lat' dir='ltr'><em>Hominum</em></span> <span class='ocrx_word' id='word_1_312' title='bbox 940 2166 985 2219; x_wconf 74' lang='lat' dir='ltr'><em>pe·</em></span> <span class='ocrx_word' id='word_1_313' title='bbox 1012 2147 1090 2201; x_wconf 87' lang='lat' dir='ltr'><em>illud</em></span> <span class='ocrx_word' id='word_1_314' title='bbox 1109 2148 1222 2211; x_wconf 73' lang='lat' dir='ltr'><em>malum</em></span> <span class='ocrx_word' id='word_1_315' title='bbox 1242 2164 1300 2200; x_wconf 90' lang='lat' dir='ltr'><em>rem</em></span> <span class='ocrx_word' id='word_1_316' title='bbox 1328 2164 1434 2200; x_wconf 87' lang='lat' dir='ltr'><em>omnem</em></span> <span class='ocrx_word' id='word_1_317' title='bbox 1458 2148 1527 2217; x_wconf 81' lang='lat' dir='ltr'><em>ipris</em></span> <span class='ocrx_word' id='word_1_318' title='bbox 1554 2149 1683 2217; x_wconf 69' lang='lat' dir='ltr'><em>explieat.</em></span> <span class='ocrx_word' id='word_1_319' title='bbox 1723 2150 1847 2218; x_wconf 83' lang='lat' dir='ltr'><em>Respon-</em></span> <span class='ocrx_word' id='word_1_320' title='bbox 1903 2189 1905 2194; x_wconf 45' lang='lat'>&lt;</span> 
     </span>
     <span class='ocr_line' id='line_1_24' title="bbox 148 2233 1849 2303; baseline 0.004 -22"><span class='ocrx_word' id='word_1_321' title='bbox 148 2247 221 2297; x_wconf 85' lang='lat' dir='ltr'><em>nae,</em></span> <span class='ocrx_word' id='word_1_322' title='bbox 254 2233 330 2298; x_wconf 81' lang='lat' dir='ltr'><em>quod</em></span> <span class='ocrx_word' id='word_1_323' title='bbox 354 2251 408 2284; x_wconf 74' lang='lat' dir='ltr'><em>aare</em></span> <span class='ocrx_word' id='word_1_324' title='bbox 434 2241 605 2300; x_wconf 87' lang='lat' dir='ltr'><em>compertum</em></span> <span class='ocrx_word' id='word_1_325' title='bbox 631 2242 684 2301; x_wconf 87' lang='lat' dir='ltr'><em>est,</em></span> <span class='ocrx_word' id='word_1_326' title='bbox 713 2235 742 2286; x_wconf 90' lang='lat' dir='ltr'><em>in</em></span> <span class='ocrx_word' id='word_1_327' title='bbox 758 2236 987 2303; x_wconf 71' lang='lat' dir='ltr'><em>peregrinatione</em></span> <span class='ocrx_word' id='word_1_328' title='bbox 1013 2252 1074 2287; x_wconf 77' lang='lat' dir='ltr'><em>uem</em></span> <span class='ocrx_word' id='word_1_329' title='bbox 1094 2252 1154 2286; x_wconf 88' lang='lat' dir='ltr'><em>cum</em></span> <span class='ocrx_word' id='word_1_330' title='bbox 1173 2235 1235 2287; x_wconf 80' lang='lat' dir='ltr'><em>rs&#39;eu</em></span> <span class='ocrx_word' id='word_1_331' title='bbox 1253 2235 1407 2303; x_wconf 72' lang='lat' dir='ltr'><em>excipitur,</em></span> <span class='ocrx_word' id='word_1_332' title='bbox 1439 2233 1584 2286; x_wconf 84' lang='lat' dir='ltr'><em>mendicus</em></span> <span class='ocrx_word' id='word_1_333' title='bbox 1608 2235 1767 2301; x_wconf 79' lang='lat' dir='ltr'><em>quaeritur,</em></span> <span class='ocrx_word' id='word_1_334' title='bbox 1797 2236 1849 2287; x_wconf 86' lang='lat' dir='ltr'><em>sed</em></span> 
     </span>
     <span class='ocr_line' id='line_1_25' title="bbox 148 2317 1849 2392; baseline 0.005 -25"><span class='ocrx_word' id='word_1_335' title='bbox 148 2324 255 2385; x_wconf 89' lang='lat' dir='ltr'><em>natum,</em></span> <span class='ocrx_word' id='word_1_336' title='bbox 286 2320 343 2371; x_wconf 84' lang='lat' dir='ltr'><em>otio</em></span> <span class='ocrx_word' id='word_1_337' title='bbox 368 2320 508 2387; x_wconf 84' lang='lat' dir='ltr'><em>deditum,</em></span> <span class='ocrx_word' id='word_1_338' title='bbox 537 2321 642 2373; x_wconf 81' lang='lat' dir='ltr'><em>ursllam</em></span> <span class='ocrx_word' id='word_1_339' title='bbox 674 2337 826 2389; x_wconf 72' lang='lat' dir='ltr'><em>aquescens</em></span> <span class='ocrx_word' id='word_1_340' title='bbox 849 2322 985 2392; x_wconf 85' lang='lat' dir='ltr'><em>patriam,</em></span> <span class='ocrx_word' id='word_1_341' title='bbox 1013 2320 1072 2374; x_wconf 89' lang='lat' dir='ltr'><em>aiio</em></span> <span class='ocrx_word' id='word_1_342' title='bbox 1092 2321 1204 2373; x_wconf 87' lang='lat' dir='ltr'><em>interim</em></span> <span class='ocrx_word' id='word_1_343' title='bbox 1232 2336 1291 2372; x_wconf 88' lang='lat' dir='ltr'><em>sese</em></span> <span class='ocrx_word' id='word_1_344' title='bbox 1314 2320 1492 2374; x_wconf 79' lang='lat' dir='ltr'><em>errbduserat.</em></span> <span class='ocrx_word' id='word_1_345' title='bbox 1533 2317 1613 2381; x_wconf 82' lang='lat' dir='ltr'><em>Quod</em></span> <span class='ocrx_word' id='word_1_346' title='bbox 1637 2317 1723 2388; x_wconf 88' lang='lat' dir='ltr'><em>igitur</em></span> <span class='ocrx_word' id='word_1_347' title='bbox 1748 2320 1849 2375; x_wconf 79' lang='lat' dir='ltr'><em>attinet</em></span> 
     </span>
     <span class='ocr_line' id='line_1_26' title="bbox 152 2402 1847 2477; baseline 0.004 -24"><span class='ocrx_word' id='word_1_348' title='bbox 152 2403 193 2453; x_wconf 90' lang='lat' dir='ltr'><em>ita</em></span> <span class='ocrx_word' id='word_1_349' title='bbox 212 2403 311 2455; x_wconf 84' lang='lat' dir='ltr'><em>circuit</em></span> <span class='ocrx_word' id='word_1_350' title='bbox 322 2405 426 2471; x_wconf 85' lang='lat' dir='ltr'><em>sarto,</em></span> <span class='ocrx_word' id='word_1_351' title='bbox 449 2414 480 2458; x_wconf 90' lang='lat' dir='ltr'><em>at</em></span> <span class='ocrx_word' id='word_1_352' title='bbox 498 2406 637 2474; x_wconf 77' lang='lat' dir='ltr'><em>elisimus,</em></span> <span class='ocrx_word' id='word_1_353' title='bbox 655 2408 828 2469; x_wconf 78' lang='lat' dir='ltr'><em>feminarum</em></span> <span class='ocrx_word' id='word_1_354' title='bbox 846 2407 984 2477; x_wconf 86' lang='lat' dir='ltr'><em>victitans,</em></span> <span class='ocrx_word' id='word_1_355' title='bbox 1012 2405 1112 2475; x_wconf 88' lang='lat' dir='ltr'><em>prioris</em></span> <span class='ocrx_word' id='word_1_356' title='bbox 1132 2405 1228 2459; x_wconf 87' lang='lat' dir='ltr'><em>classis</em></span> <span class='ocrx_word' id='word_1_357' title='bbox 1248 2404 1401 2466; x_wconf 86' lang='lat' dir='ltr'><em>mendicae,</em></span> <span class='ocrx_word' id='word_1_358' title='bbox 1423 2402 1477 2457; x_wconf 88' lang='lat' dir='ltr'><em>illis</em></span> <span class='ocrx_word' id='word_1_359' title='bbox 1496 2403 1608 2457; x_wconf 91' lang='lat' dir='ltr'><em>omnino</em></span> <span class='ocrx_word' id='word_1_360' title='bbox 1625 2404 1689 2474; x_wconf 86' lang='lat' dir='ltr'><em>jure</em></span> <span class='ocrx_word' id='word_1_361' title='bbox 1708 2405 1802 2459; x_wconf 81' lang='lat' dir='ltr'><em>divino</em></span> <span class='ocrx_word' id='word_1_362' title='bbox 1820 2410 1847 2460; x_wconf 89' lang='lat' dir='ltr'><em>et</em></span> 
     </span>
     <span class='ocr_line' id='line_1_27' title="bbox 148 2489 1846 2562; baseline 0.005 -24"><span class='ocrx_word' id='word_1_363' title='bbox 148 2490 249 2542; x_wconf 88' lang='lat' dir='ltr'><em>canino</em></span> <span class='ocrx_word' id='word_1_364' title='bbox 263 2490 320 2541; x_wconf 88' lang='lat' dir='ltr'><em>ritu</em></span> <span class='ocrx_word' id='word_1_365' title='bbox 339 2492 424 2558; x_wconf 70' lang='lat' dir='ltr'><em>degit,</em></span> <span class='ocrx_word' id='word_1_366' title='bbox 443 2492 524 2544; x_wconf 90' lang='lat' dir='ltr'><em>nulla</em></span> <span class='ocrx_word' id='word_1_367' title='bbox 536 2493 683 2559; x_wconf 74' lang='lat' dir='ltr'><em>religionis</em></span> <span class='ocrx_word' id='word_1_368' title='bbox 700 2493 748 2546; x_wconf 80' lang='lat' dir='ltr'><em>elli</em></span> <span class='ocrx_word' id='word_1_369' title='bbox 764 2511 842 2556; x_wconf 88' lang='lat' dir='ltr'><em>cura,</em></span> <span class='ocrx_word' id='word_1_370' title='bbox 861 2494 890 2546; x_wconf 90' lang='lat' dir='ltr'><em>in</em></span> <span class='ocrx_word' id='word_1_371' title='bbox 910 2495 984 2547; x_wconf 89' lang='lat' dir='ltr'><em>diem</em></span> <span class='ocrx_word' id='word_1_372' title='bbox 1013 2492 1134 2546; x_wconf 89' lang='lat' dir='ltr'><em>naturali</em></span> <span class='ocrx_word' id='word_1_373' title='bbox 1153 2492 1194 2545; x_wconf 85' lang='lat' dir='ltr'><em>ita</em></span> <span class='ocrx_word' id='word_1_374' title='bbox 1212 2491 1341 2562; x_wconf 82' lang='lat' dir='ltr'><em>exigente</em></span> <span class='ocrx_word' id='word_1_375' title='bbox 1360 2489 1604 2559; x_wconf 76' lang='lat' dir='ltr'><em>benefaciendum,</em></span> <span class='ocrx_word' id='word_1_376' title='bbox 1623 2492 1750 2560; x_wconf 82' lang='lat' dir='ltr'><em>quamvis</em></span> <span class='ocrx_word' id='word_1_377' title='bbox 1767 2508 1846 2561; x_wconf 85' lang='lat' dir='ltr'><em>pree·</em></span> 
     </span>
     <span class='ocr_line' id='line_1_28' title="bbox 147 2575 1846 2650; baseline 0.003 -25"><span class='ocrx_word' id='word_1_378' title='bbox 147 2575 221 2643; x_wconf 77' lang='lat' dir='ltr'><em>sivit,</em></span> <span class='ocrx_word' id='word_1_379' title='bbox 241 2593 274 2627; x_wconf 85' lang='lat' dir='ltr'><em>eu</em></span> <span class='ocrx_word' id='word_1_380' title='bbox 290 2577 440 2644; x_wconf 87' lang='lat' dir='ltr'><em>provincia</em></span> <span class='ocrx_word' id='word_1_381' title='bbox 459 2579 640 2646; x_wconf 68' lang='lat' dir='ltr'><em>demigratio</em></span> <span class='ocrx_word' id='word_1_382' title='bbox 655 2580 843 2650; x_wconf 84' lang='lat' dir='ltr'><em>provinciam,</em></span> <span class='ocrx_word' id='word_1_383' title='bbox 859 2596 913 2649; x_wconf 87' lang='lat' dir='ltr'><em>per</em></span> <span class='ocrx_word' id='word_1_384' title='bbox 930 2581 985 2633; x_wconf 88' lang='lat' dir='ltr'><em>ali·</em></span> <span class='ocrx_word' id='word_1_385' title='bbox 1011 2584 1105 2640; x_wconf 76' lang='lat' dir='ltr'><em>amret,</em></span> <span class='ocrx_word' id='word_1_386' title='bbox 1126 2595 1191 2632; x_wconf 89' lang='lat' dir='ltr'><em>cura</em></span> <span class='ocrx_word' id='word_1_387' title='bbox 1210 2577 1388 2648; x_wconf 81' lang='lat' dir='ltr'><em>magistratus</em></span> <span class='ocrx_word' id='word_1_388' title='bbox 1408 2576 1436 2629; x_wconf 90' lang='lat' dir='ltr'><em>in</em></span> <span class='ocrx_word' id='word_1_389' title='bbox 1455 2575 1580 2646; x_wconf 89' lang='lat' dir='ltr'><em>qualibet</em></span> <span class='ocrx_word' id='word_1_390' title='bbox 1607 2575 1751 2646; x_wconf 81' lang='lat' dir='ltr'><em>republica</em></span> <span class='ocrx_word' id='word_1_391' title='bbox 1769 2576 1846 2630; x_wconf 89' lang='lat' dir='ltr'><em>insti·</em></span> 
     </span>
     <span class='ocr_line' id='line_1_29' title="bbox 148 2662 1847 2735; baseline 0.002 -21"><span class='ocrx_word' id='word_1_392' title='bbox 148 2669 213 2729; x_wconf 79' lang='lat' dir='ltr'><em>quot</em></span> <span class='ocrx_word' id='word_1_393' title='bbox 231 2681 369 2716; x_wconf 71' lang='lat' dir='ltr'><em>ousiarum</em></span> <span class='ocrx_word' id='word_1_394' title='bbox 390 2664 540 2717; x_wconf 80' lang='lat' dir='ltr'><em>interualla</em></span> <span class='ocrx_word' id='word_1_395' title='bbox 560 2666 650 2733; x_wconf 84' lang='lat' dir='ltr'><em>redit,</em></span> <span class='ocrx_word' id='word_1_396' title='bbox 674 2668 727 2718; x_wconf 86' lang='lat' dir='ltr'><em>scd</em></span> <span class='ocrx_word' id='word_1_397' title='bbox 750 2666 852 2719; x_wconf 66' lang='lat' dir='ltr'><em>nirdtae</em></span> <span class='ocrx_word' id='word_1_398' title='bbox 869 2666 897 2718; x_wconf 88' lang='lat' dir='ltr'><em>iu</em></span> <span class='ocrx_word' id='word_1_399' title='bbox 914 2684 983 2734; x_wconf 89' lang='lat' dir='ltr'><em>par·</em></span> <span class='ocrx_word' id='word_1_400' title='bbox 1010 2664 1050 2718; x_wconf 89' lang='lat' dir='ltr'><em>tui</em></span> <span class='ocrx_word' id='word_1_401' title='bbox 1071 2663 1295 2735; x_wconf 88' lang='lat' dir='ltr'><em>ptochotrophia,</em></span> <span class='ocrx_word' id='word_1_402' title='bbox 1314 2663 1459 2734; x_wconf 90' lang='lat' dir='ltr'><em>inquibus</em></span> <span class='ocrx_word' id='word_1_403' title='bbox 1478 2662 1616 2717; x_wconf 86' lang='lat' dir='ltr'><em>alerentur</em></span> <span class='ocrx_word' id='word_1_404' title='bbox 1633 2662 1760 2730; x_wconf 90' lang='lat' dir='ltr'><em>mendici,</em></span> <span class='ocrx_word' id='word_1_405' title='bbox 1779 2663 1847 2719; x_wconf 88' lang='lat' dir='ltr'><em>item</em></span> 
     </span>
     <span class='ocr_line' id='line_1_30' title="bbox 148 2736 1857 2820; baseline 0.003 -21"><span class='ocrx_word' id='word_1_406' title='bbox 148 2755 188 2799; x_wconf 82' lang='lat' dir='ltr'><em>tos</em></span> <span class='ocrx_word' id='word_1_407' title='bbox 205 2750 351 2818; x_wconf 74' lang='lat' dir='ltr'><em>scinditur,</em></span> <span class='ocrx_word' id='word_1_408' title='bbox 373 2758 401 2803; x_wconf 88' lang='lat' dir='ltr'><em>ut</em></span> <span class='ocrx_word' id='word_1_409' title='bbox 422 2769 477 2803; x_wconf 89' lang='lat' dir='ltr'><em>non</em></span> <span class='ocrx_word' id='word_1_410' title='bbox 497 2752 582 2804; x_wconf 84' lang='lat' dir='ltr'><em>iidem</em></span> <span class='ocrx_word' id='word_1_411' title='bbox 604 2753 633 2805; x_wconf 87' lang='lat' dir='ltr'><em>in</em></span> <span class='ocrx_word' id='word_1_412' title='bbox 648 2754 765 2805; x_wconf 88' lang='lat' dir='ltr'><em>eundem</em></span> <span class='ocrx_word' id='word_1_413' title='bbox 786 2752 877 2806; x_wconf 89' lang='lat' dir='ltr'><em>locam</em></span> <span class='ocrx_word' id='word_1_414' title='bbox 888 2753 985 2820; x_wconf 88' lang='lat' dir='ltr'><em>facile</em></span> <span class='ocrx_word' id='word_1_415' title='bbox 1010 2747 1253 2820; x_wconf 88' lang='lat' dir='ltr'><em>orphanotrophia,</em></span> <span class='ocrx_word' id='word_1_416' title='bbox 1267 2748 1431 2815; x_wconf 87' lang='lat' dir='ltr'><em>nosocomia,</em></span> <span class='ocrx_word' id='word_1_417' title='bbox 1443 2747 1656 2817; x_wconf 85' lang='lat' dir='ltr'><em>gerontocomia,</em></span> <span class='ocrx_word' id='word_1_418' title='bbox 1676 2736 1857 2804; x_wconf 84' lang='lat' dir='ltr'><em>xenodochia&#39;</em></span> 
     </span>
     <span class='ocr_line' id='line_1_31' title="bbox 148 2832 1853 2908; baseline 0.003 -23"><span class='ocrx_word' id='word_1_419' title='bbox 148 2836 268 2888; x_wconf 85' lang='lat' dir='ltr'><em>redeant</em></span> <span class='ocrx_word' id='word_1_420' title='bbox 292 2837 350 2888; x_wconf 71' lang='lat' dir='ltr'><em>ussi</em></span> <span class='ocrx_word' id='word_1_421' title='bbox 373 2853 429 2904; x_wconf 90' lang='lat' dir='ltr'><em>per</em></span> <span class='ocrx_word' id='word_1_422' title='bbox 446 2837 533 2906; x_wconf 79' lang='lat' dir='ltr'><em>lonpa</em></span> <span class='ocrx_word' id='word_1_423' title='bbox 553 2838 713 2894; x_wconf 87' lang='lat' dir='ltr'><em>intervalla.</em></span> <span class='ocrx_word' id='word_1_424' title='bbox 750 2838 901 2907; x_wconf 80' lang='lat' dir='ltr'><em>Recipiunt</em></span> <span class='ocrx_word' id='word_1_425' title='bbox 917 2857 984 2908; x_wconf 85' lang='lat' dir='ltr'><em>pae-</em></span> <span class='ocrx_word' id='word_1_426' title='bbox 1010 2841 1062 2890; x_wconf 87' lang='lat' dir='ltr'><em>etc.</em></span> <span class='ocrx_word' id='word_1_427' title='bbox 1083 2852 1115 2890; x_wconf 91' lang='lat' dir='ltr'><em>ac</em></span> <span class='ocrx_word' id='word_1_428' title='bbox 1135 2836 1257 2891; x_wconf 86' lang='lat' dir='ltr'><em>delectos</em></span> <span class='ocrx_word' id='word_1_429' title='bbox 1276 2835 1349 2889; x_wconf 85' lang='lat' dir='ltr'><em>viros</em></span> <span class='ocrx_word' id='word_1_430' title='bbox 1368 2834 1507 2903; x_wconf 86' lang='lat' dir='ltr'><em>constitui,</em></span> <span class='ocrx_word' id='word_1_431' title='bbox 1526 2833 1619 2904; x_wconf 88' lang='lat' dir='ltr'><em>quiex</em></span> <span class='ocrx_word' id='word_1_432' title='bbox 1639 2832 1750 2903; x_wconf 89' lang='lat' dir='ltr'><em>publico</em></span> <span class='ocrx_word' id='word_1_433' title='bbox 1769 2836 1853 2908; x_wconf 70' lang='lat' dir='ltr'><em>aara&#39;</em></span> 
     </span>
     <span class='ocr_line' id='line_1_32' title="bbox 149 2921 1844 2993; baseline 0.003 -21"><span class='ocrx_word' id='word_1_434' title='bbox 149 2921 202 2973; x_wconf 90' lang='lat' dir='ltr'><em>sim</em></span> <span class='ocrx_word' id='word_1_435' title='bbox 223 2928 249 2974; x_wconf 88' lang='lat' dir='ltr'><em>et</em></span> <span class='ocrx_word' id='word_1_436' title='bbox 268 2923 343 2975; x_wconf 83' lang='lat' dir='ltr'><em>uiros</em></span> <span class='ocrx_word' id='word_1_437' title='bbox 361 2931 385 2975; x_wconf 89' lang='lat' dir='ltr'><em>et</em></span> <span class='ocrx_word' id='word_1_438' title='bbox 412 2924 536 2986; x_wconf 76' lang='lat' dir='ltr'><em>sentinas</em></span> <span class='ocrx_word' id='word_1_439' title='bbox 556 2924 677 2977; x_wconf 80' lang='lat' dir='ltr'><em>nolentes</em></span> <span class='ocrx_word' id='word_1_440' title='bbox 701 2925 730 2976; x_wconf 90' lang='lat' dir='ltr'><em>in</em></span> <span class='ocrx_word' id='word_1_441' title='bbox 749 2924 855 2977; x_wconf 67' lang='lat' dir='ltr'><em>cuncta</em></span> <span class='ocrx_word' id='word_1_442' title='bbox 870 2925 983 2993; x_wconf 85' lang='lat' dir='ltr'><em>provin·</em></span> <span class='ocrx_word' id='word_1_443' title='bbox 1010 2921 1060 2990; x_wconf 90' lang='lat' dir='ltr'><em>rio,</em></span> <span class='ocrx_word' id='word_1_444' title='bbox 1081 2922 1109 2975; x_wconf 92' lang='lat' dir='ltr'><em>in</em></span> <span class='ocrx_word' id='word_1_445' title='bbox 1127 2922 1201 2993; x_wconf 89' lang='lat' dir='ltr'><em>quod</em></span> <span class='ocrx_word' id='word_1_446' title='bbox 1222 2938 1239 2975; x_wconf 94' lang='lat' dir='ltr'><em>a</em></span> <span class='ocrx_word' id='word_1_447' title='bbox 1264 2921 1381 2991; x_wconf 86' lang='lat' dir='ltr'><em>singulis</em></span> <span class='ocrx_word' id='word_1_448' title='bbox 1408 2927 1531 2990; x_wconf 86' lang='lat' dir='ltr'><em>tempore</em></span> <span class='ocrx_word' id='word_1_449' title='bbox 1550 2927 1735 2974; x_wconf 85' lang='lat' dir='ltr'><em>conventuum</em></span> <span class='ocrx_word' id='word_1_450' title='bbox 1753 2937 1844 2977; x_wconf 87' lang='lat' dir='ltr'><em>sacra·</em></span> 
     </span>
     <span class='ocr_line' id='line_1_33' title="bbox 150 3005 1845 3077; baseline 0.002 -20"><span class='ocrx_word' id='word_1_451' title='bbox 150 3007 210 3074; x_wconf 87' lang='lat' dir='ltr'><em>ciis,</em></span> <span class='ocrx_word' id='word_1_452' title='bbox 230 3009 279 3075; x_wconf 73' lang='lat' dir='ltr'><em>ossi</em></span> <span class='ocrx_word' id='word_1_453' title='bbox 298 3025 327 3061; x_wconf 87' lang='lat' dir='ltr'><em>se</em></span> <span class='ocrx_word' id='word_1_454' title='bbox 345 3009 459 3062; x_wconf 77' lang='lat' dir='ltr'><em>illorsum</em></span> <span class='ocrx_word' id='word_1_455' title='bbox 480 3009 594 3061; x_wconf 67' lang='lat' dir='ltr'><em>truncant</em></span> <span class='ocrx_word' id='word_1_456' title='bbox 620 3010 807 3064; x_wconf 80' lang='lat' dir='ltr'><em>contubernio.</em></span> <span class='ocrx_word' id='word_1_457' title='bbox 845 3010 985 3064; x_wconf 74' lang='lat' dir='ltr'><em>Colluvies</em></span> <span class='ocrx_word' id='word_1_458' title='bbox 1010 3021 1070 3059; x_wconf 88' lang='lat' dir='ltr'><em>rum</em></span> <span class='ocrx_word' id='word_1_459' title='bbox 1107 3007 1241 3077; x_wconf 88' lang='lat' dir='ltr'><em>pecuniae</em></span> <span class='ocrx_word' id='word_1_460' title='bbox 1278 3006 1513 3075; x_wconf 80' lang='lat' dir='ltr'><em>eleemosynariae</em></span> <span class='ocrx_word' id='word_1_461' title='bbox 1545 3005 1706 3059; x_wconf 75' lang='lat' dir='ltr'><em>inferendae</em></span> <span class='ocrx_word' id='word_1_462' title='bbox 1743 3011 1845 3075; x_wconf 77' lang='lat' dir='ltr'><em>ament,</em></span> 
     </span>
     <span class='ocr_line' id='line_1_34' title="bbox 148 3091 1845 3165; baseline 0.002 -20"><span class='ocrx_word' id='word_1_463' title='bbox 148 3093 290 3147; x_wconf 77' lang='lat' dir='ltr'><em>hominum</em></span> <span class='ocrx_word' id='word_1_464' title='bbox 310 3095 450 3147; x_wconf 81' lang='lat' dir='ltr'><em>mirabilis</em></span> <span class='ocrx_word' id='word_1_465' title='bbox 470 3095 591 3148; x_wconf 73' lang='lat' dir='ltr'><em>anensium</em></span> <span class='ocrx_word' id='word_1_466' title='bbox 612 3096 709 3164; x_wconf 86' lang='lat' dir='ltr'><em>perita</em></span> <span class='ocrx_word' id='word_1_467' title='bbox 738 3095 912 3165; x_wconf 68' lang='lat' dir='ltr'><em>linquamm,</em></span> <span class='ocrx_word' id='word_1_468' title='bbox 936 3115 984 3149; x_wconf 89' lang='lat' dir='ltr'><em>ru·</em></span> <span class='ocrx_word' id='word_1_469' title='bbox 1010 3108 1149 3164; x_wconf 78' lang='lat' dir='ltr'><em>pauperes</em></span> <span class='ocrx_word' id='word_1_470' title='bbox 1167 3092 1285 3159; x_wconf 85' lang='lat' dir='ltr'><em>alerent,</em></span> <span class='ocrx_word' id='word_1_471' title='bbox 1314 3108 1396 3163; x_wconf 89' lang='lat' dir='ltr'><em>quam</em></span> <span class='ocrx_word' id='word_1_472' title='bbox 1414 3092 1443 3144; x_wconf 93' lang='lat' dir='ltr'><em>in</em></span> <span class='ocrx_word' id='word_1_473' title='bbox 1463 3091 1562 3162; x_wconf 84' lang='lat' dir='ltr'><em>plateis</em></span> <span class='ocrx_word' id='word_1_474' title='bbox 1580 3092 1642 3146; x_wconf 87' lang='lat' dir='ltr'><em>illos</em></span> <span class='ocrx_word' id='word_1_475' title='bbox 1661 3092 1845 3164; x_wconf 84' lang='lat' dir='ltr'><em>vagabundos</em></span> 
     </span>
     <span class='ocr_line' id='line_1_35' title="bbox 150 3178 1846 3250; baseline 0.002 -20"><span class='ocrx_word' id='word_1_476' title='bbox 150 3181 237 3232; x_wconf 81' lang='lat' dir='ltr'><em>eticae</em></span> <span class='ocrx_word' id='word_1_477' title='bbox 263 3181 344 3249; x_wconf 81' lang='lat' dir='ltr'><em>plebi</em></span> <span class='ocrx_word' id='word_1_478' title='bbox 373 3181 497 3249; x_wconf 76' lang='lat' dir='ltr'><em>praviter</em></span> <span class='ocrx_word' id='word_1_479' title='bbox 522 3180 668 3234; x_wconf 85' lang='lat' dir='ltr'><em>irnminens</em></span> <span class='ocrx_word' id='word_1_480' title='bbox 693 3187 744 3235; x_wconf 40' lang='lat' dir='ltr'><em>etc,</em></span> <span class='ocrx_word' id='word_1_481' title='bbox 791 3180 928 3236; x_wconf 88' lang='lat' dir='ltr'><em>Osiander</em></span> <span class='ocrx_word' id='word_1_482' title='bbox 955 3183 985 3236; x_wconf 91' lang='lat' dir='ltr'><em>in</em></span> <span class='ocrx_word' id='word_1_483' title='bbox 1010 3179 1139 3235; x_wconf 89' lang='lat' dir='ltr'><em>oberrare</em></span> <span class='ocrx_word' id='word_1_484' title='bbox 1165 3185 1194 3234; x_wconf 90' lang='lat' dir='ltr'><em>et</em></span> <span class='ocrx_word' id='word_1_485' title='bbox 1218 3179 1317 3249; x_wconf 80' lang='lat' dir='ltr'><em>stipem</em></span> <span class='ocrx_word' id='word_1_486' title='bbox 1338 3178 1444 3233; x_wconf 88' lang='lat' dir='ltr'><em>solicite</em></span> <span class='ocrx_word' id='word_1_487' title='bbox 1469 3195 1607 3250; x_wconf 88' lang='lat' dir='ltr'><em>quaerere.</em></span> <span class='ocrx_word' id='word_1_488' title='bbox 1647 3187 1670 3235; x_wconf 84' lang='lat'><em>1.</em></span> <span class='ocrx_word' id='word_1_489' title='bbox 1690 3178 1752 3234; x_wconf 87' lang='lat' dir='ltr'><em>Hac</em></span> <span class='ocrx_word' id='word_1_490' title='bbox 1772 3178 1846 3234; x_wconf 88' lang='lat' dir='ltr'><em>enim</em></span> 
     </span>
     <span class='ocr_line' id='line_1_36' title="bbox 149 3264 1886 3338; baseline 0.001 -20"><span class='ocrx_word' id='word_1_491' title='bbox 149 3281 246 3321; x_wconf 90' lang='lat' dir='ltr'><em>comm.</em></span> <span class='ocrx_word' id='word_1_492' title='bbox 265 3266 349 3320; x_wconf 86' lang='lat' dir='ltr'><em>Dent.</em></span> <span class='ocrx_word' id='word_1_493' title='bbox 373 3271 411 3334; x_wconf 86' lang='grc'><em>18,</em></span> <span class='ocrx_word' id='word_1_494' title='bbox 430 3283 456 3319; x_wconf 81' lang='lat' dir='ltr'><em>v.</em></span> <span class='ocrx_word' id='word_1_495' title='bbox 481 3273 525 3320; x_wconf 80' lang='lat' dir='ltr'><em>to:</em></span> <span class='ocrx_word' id='word_1_496' title='bbox 557 3267 665 3333; x_wconf 77' lang='lat' dir='ltr'><em>Vapum</em></span> <span class='ocrx_word' id='word_1_497' title='bbox 689 3267 769 3319; x_wconf 86' lang='lat' dir='ltr'><em>istud</em></span> <span class='ocrx_word' id='word_1_498' title='bbox 790 3283 877 3335; x_wconf 76' lang='lat' dir='ltr'><em>penses</em></span> <span class='ocrx_word' id='word_1_499' title='bbox 898 3268 983 3320; x_wconf 83' lang='lat' dir='ltr'><em>tomi·</em></span> <span class='ocrx_word' id='word_1_500' title='bbox 1010 3266 1118 3321; x_wconf 89' lang='lat' dir='ltr'><em>ratione</em></span> <span class='ocrx_word' id='word_1_501' title='bbox 1138 3264 1264 3337; x_wconf 84' lang='lat' dir='ltr'><em>dignosci</em></span> <span class='ocrx_word' id='word_1_502' title='bbox 1281 3270 1390 3334; x_wconf 85' lang='lat' dir='ltr'><em>posset,</em></span> <span class='ocrx_word' id='word_1_503' title='bbox 1420 3281 1456 3318; x_wconf 92' lang='lat' dir='ltr'><em>an</em></span> <span class='ocrx_word' id='word_1_504' title='bbox 1475 3270 1503 3319; x_wconf 92' lang='lat' dir='ltr'><em>et</em></span> <span class='ocrx_word' id='word_1_505' title='bbox 1521 3270 1626 3334; x_wconf 89' lang='lat' dir='ltr'><em>quanta</em></span> <span class='ocrx_word' id='word_1_506' title='bbox 1644 3271 1768 3336; x_wconf 84' lang='lat' dir='ltr'><em>egestate</em></span> <span class='ocrx_word' id='word_1_507' title='bbox 1786 3264 1855 3338; x_wconf 88' lang='lat' dir='ltr'><em>qni·&#39;</em></span> <span class='ocrx_word' id='word_1_508' title='bbox 1883 3271 1886 3279; x_wconf 87' lang='lat'>&#39;</span> 
     </span>
     <span class='ocr_line' id='line_1_37' title="bbox 149 3348 1845 3424; baseline 0 -21"><span class='ocrx_word' id='word_1_509' title='bbox 149 3371 214 3403; x_wconf 74' lang='lat' dir='ltr'><em>rtrum</em></span> <span class='ocrx_word' id='word_1_510' title='bbox 235 3371 292 3421; x_wconf 88' lang='lat' dir='ltr'><em>pro</em></span> <span class='ocrx_word' id='word_1_511' title='bbox 313 3361 426 3422; x_wconf 84' lang='lat' dir='ltr'><em>accspto</em></span> <span class='ocrx_word' id='word_1_512' title='bbox 446 3354 542 3422; x_wconf 70' lang='lat' dir='ltr'><em>piratio</em></span> <span class='ocrx_word' id='word_1_513' title='bbox 561 3353 766 3416; x_wconf 84' lang='lat' dir='ltr'><em>audacissime,</em></span> <span class='ocrx_word' id='word_1_514' title='bbox 792 3370 875 3424; x_wconf 87' lang='lat' dir='ltr'><em>saepe</em></span> <span class='ocrx_word' id='word_1_515' title='bbox 900 3355 983 3407; x_wconf 88' lang='lat' dir='ltr'><em>etiam</em></span> <span class='ocrx_word' id='word_1_516' title='bbox 1009 3351 1051 3405; x_wconf 80' lang='lat' dir='ltr'><em>vis</em></span> <span class='ocrx_word' id='word_1_517' title='bbox 1070 3362 1227 3422; x_wconf 88' lang='lat' dir='ltr'><em>prematur,</em></span> <span class='ocrx_word' id='word_1_518' title='bbox 1246 3366 1278 3403; x_wconf 90' lang='lat' dir='ltr'><em>ac</em></span> <span class='ocrx_word' id='word_1_519' title='bbox 1299 3349 1355 3413; x_wconf 88' lang='lat' dir='ltr'><em>illi,</em></span> <span class='ocrx_word' id='word_1_520' title='bbox 1374 3349 1421 3420; x_wconf 92' lang='lat' dir='ltr'><em>qui</em></span> <span class='ocrx_word' id='word_1_521' title='bbox 1439 3348 1568 3405; x_wconf 89' lang='lat' dir='ltr'><em>laborare</em></span> <span class='ocrx_word' id='word_1_522' title='bbox 1587 3349 1699 3414; x_wconf 86' lang='lat' dir='ltr'><em>nolunt,</em></span> <span class='ocrx_word' id='word_1_523' title='bbox 1724 3349 1845 3418; x_wconf 84' lang='lat' dir='ltr'><em>abillis,</em></span> 
     </span>
     <span class='ocr_line' id='line_1_38' title="bbox 149 3435 1858 3510; baseline 0.001 -21"><span class='ocrx_word' id='word_1_524' title='bbox 149 3440 361 3492; x_wconf 77' lang='lat' dir='ltr'><em>nsendaciseime</em></span> <span class='ocrx_word' id='word_1_525' title='bbox 381 3440 490 3492; x_wconf 73' lang='lat' dir='ltr'><em>(livinae</em></span> <span class='ocrx_word' id='word_1_526' title='bbox 509 3442 544 3492; x_wconf 82' lang='lat' dir='ltr'><em>de</em></span> <span class='ocrx_word' id='word_1_527' title='bbox 563 3439 646 3492; x_wconf 73' lang='lat' dir='ltr'><em>rolris</em></span> <span class='ocrx_word' id='word_1_528' title='bbox 661 3439 835 3508; x_wconf 69' lang='lat' dir='ltr'><em>praeteritis,</em></span> <span class='ocrx_word' id='word_1_529' title='bbox 848 3456 983 3508; x_wconf 61' lang='lat' dir='ltr'><em>maecen-</em></span> <span class='ocrx_word' id='word_1_530' title='bbox 1010 3438 1057 3510; x_wconf 90' lang='lat' dir='ltr'><em>qui</em></span> <span class='ocrx_word' id='word_1_531' title='bbox 1073 3437 1201 3492; x_wconf 88' lang='lat' dir='ltr'><em>laborare</em></span> <span class='ocrx_word' id='word_1_532' title='bbox 1220 3453 1275 3490; x_wconf 90' lang='lat' dir='ltr'><em>non</em></span> <span class='ocrx_word' id='word_1_533' title='bbox 1290 3442 1407 3505; x_wconf 89' lang='lat' dir='ltr'><em>possunt</em></span> <span class='ocrx_word' id='word_1_534' title='bbox 1424 3440 1453 3489; x_wconf 89' lang='lat' dir='ltr'><em>et</em></span> <span class='ocrx_word' id='word_1_535' title='bbox 1475 3436 1657 3506; x_wconf 87' lang='lat' dir='ltr'><em>eleemosynis</em></span> <span class='ocrx_word' id='word_1_536' title='bbox 1675 3435 1753 3507; x_wconf 85' lang='lat' dir='ltr'><em>digni</em></span> <span class='ocrx_word' id='word_1_537' title='bbox 1771 3435 1858 3505; x_wconf 74' lang='lat' dir='ltr'><em>sunt,</em></span> 
     </span>
     <span class='ocr_line' id='line_1_39' title="bbox 149 3521 1843 3595; baseline -0.001 -18"><span class='ocrx_word' id='word_1_538' title='bbox 149 3525 222 3577; x_wconf 73' lang='lat' dir='ltr'><em>tituta</em></span> <span class='ocrx_word' id='word_1_539' title='bbox 237 3533 262 3578; x_wconf 88' lang='lat' dir='ltr'><em>et</em></span> <span class='ocrx_word' id='word_1_540' title='bbox 278 3527 394 3590; x_wconf 63' lang='lat' dir='ltr'><em>turturis,</em></span> <span class='ocrx_word' id='word_1_541' title='bbox 417 3533 442 3578; x_wconf 83' lang='lat' dir='ltr'><em>et</em></span> <span class='ocrx_word' id='word_1_542' title='bbox 460 3527 746 3595; x_wconf 66' lang='lat' dir='ltr'><em>interimsuffsuotan</em></span> <span class='ocrx_word' id='word_1_543' title='bbox 765 3526 906 3594; x_wconf 75' lang='lat' dir='ltr'><em>quidquid</em></span> <span class='ocrx_word' id='word_1_544' title='bbox 922 3527 983 3580; x_wconf 81' lang='lat' dir='ltr'><em>aab·</em></span> <span class='ocrx_word' id='word_1_545' title='bbox 1010 3523 1240 3579; x_wconf 86' lang='lat' dir='ltr'><em>discernerentur.</em></span> <span class='ocrx_word' id='word_1_546' title='bbox 1293 3527 1317 3578; x_wconf 83' lang='lat'><em>2.</em></span> <span class='ocrx_word' id='word_1_547' title='bbox 1346 3521 1509 3576; x_wconf 82' lang='lat' dir='ltr'><em>Mendicitas</em></span> <span class='ocrx_word' id='word_1_548' title='bbox 1537 3522 1587 3575; x_wconf 92' lang='lat' dir='ltr'><em>illa</em></span> <span class='ocrx_word' id='word_1_549' title='bbox 1614 3522 1843 3593; x_wconf 82' lang='lat' dir='ltr'><em>vagabundormn</em></span> 
     </span>
     <span class='ocr_line' id='line_1_40' title="bbox 149 3605 1845 3683; baseline -0.001 -21"><span class='ocrx_word' id='word_1_550' title='bbox 149 3611 261 3663; x_wconf 76' lang='lat' dir='ltr'><em>cratere</em></span> <span class='ocrx_word' id='word_1_551' title='bbox 289 3612 391 3675; x_wconf 79' lang='lat' dir='ltr'><em>furtim</em></span> <span class='ocrx_word' id='word_1_552' title='bbox 417 3617 515 3679; x_wconf 82' lang='lat' dir='ltr'><em>potest.</em></span> <span class='ocrx_word' id='word_1_553' title='bbox 551 3610 634 3665; x_wconf 90' lang='lat' dir='ltr'><em>Hanc</em></span> <span class='ocrx_word' id='word_1_554' title='bbox 663 3627 730 3683; x_wconf 90' lang='lat' dir='ltr'><em>ergo</em></span> <span class='ocrx_word' id='word_1_555' title='bbox 757 3618 863 3682; x_wconf 83' lang='lat' dir='ltr'><em>pestem</em></span> <span class='ocrx_word' id='word_1_556' title='bbox 888 3629 905 3667; x_wconf 90' lang='lat' dir='ltr'><em>a</em></span> <span class='ocrx_word' id='word_1_557' title='bbox 927 3612 983 3667; x_wconf 89' lang='lat' dir='ltr'><em>suis</em></span> <span class='ocrx_word' id='word_1_558' title='bbox 1009 3609 1150 3663; x_wconf 90' lang='lat' dir='ltr'><em>hominum</em></span> <span class='ocrx_word' id='word_1_559' title='bbox 1171 3613 1214 3663; x_wconf 89' lang='lat' dir='ltr'><em>est</em></span> <span class='ocrx_word' id='word_1_560' title='bbox 1231 3607 1373 3677; x_wconf 91' lang='lat' dir='ltr'><em>publicum</em></span> <span class='ocrx_word' id='word_1_561' title='bbox 1393 3605 1610 3662; x_wconf 83' lang='lat' dir='ltr'><em>Christianorum</em></span> <span class='ocrx_word' id='word_1_562' title='bbox 1629 3608 1798 3678; x_wconf 89' lang='lat' dir='ltr'><em>propudium</em></span> <span class='ocrx_word' id='word_1_563' title='bbox 1816 3612 1845 3664; x_wconf 90' lang='lat' dir='ltr'><em>et</em></span> 
     </span>
     <span class='ocr_line' id='line_1_41' title="bbox 149 3692 1998 3767; baseline 0.002 -19"><span class='ocrx_word' id='word_1_564' title='bbox 149 3695 267 3749; x_wconf 87' lang='lat' dir='ltr'><em>subditis</em></span> <span class='ocrx_word' id='word_1_565' title='bbox 287 3695 466 3766; x_wconf 82' lang='lat' dir='ltr'><em>magistratus</em></span> <span class='ocrx_word' id='word_1_566' title='bbox 486 3703 596 3762; x_wconf 86' lang='lat' dir='ltr'><em>arceat,</em></span> <span class='ocrx_word' id='word_1_567' title='bbox 622 3713 672 3752; x_wconf 89' lang='lat' dir='ltr'><em>nec</em></span> <span class='ocrx_word' id='word_1_568' title='bbox 697 3697 809 3767; x_wconf 87' lang='lat' dir='ltr'><em>impune</em></span> <span class='ocrx_word' id='word_1_569' title='bbox 830 3696 983 3752; x_wconf 85' lang='lat' dir='ltr'><em>chiroman·</em></span> <span class='ocrx_word' id='word_1_570' title='bbox 1011 3695 1123 3751; x_wconf 87' lang='lat' dir='ltr'><em>evidens</em></span> <span class='ocrx_word' id='word_1_571' title='bbox 1148 3693 1345 3761; x_wconf 89' lang='lat' dir='ltr'><em>testimonium,</em></span> <span class='ocrx_word' id='word_1_572' title='bbox 1370 3692 1512 3748; x_wconf 87' lang='lat' dir='ltr'><em>caritatem</em></span> <span class='ocrx_word' id='word_1_573' title='bbox 1538 3710 1570 3747; x_wconf 89' lang='lat' dir='ltr'><em>ac</em></span> <span class='ocrx_word' id='word_1_574' title='bbox 1590 3694 1712 3748; x_wconf 89' lang='lat' dir='ltr'><em>studium</em></span> <span class='ocrx_word' id='word_1_575' title='bbox 1730 3695 1759 3748; x_wconf 92' lang='lat' dir='ltr'><em>in</em></span> <span class='ocrx_word' id='word_1_576' title='bbox 1775 3711 1844 3766; x_wconf 90' lang='lat' dir='ltr'><em>pau·</em></span> <span class='ocrx_word' id='word_1_577' title='bbox 1857 3706 1956 3752; x_wconf 65' lang='lat' dir='ltr'><em>nass.</em></span> <span class='ocrx_word' id='word_1_578' title='bbox 1994 3753 1998 3767; x_wconf 65' lang='grc'><strong>,</strong></span> 
     </span>
     <span class='ocr_line' id='line_1_42' title="bbox 148 3778 1843 3852; baseline 0.002 -18"><span class='ocrx_word' id='word_1_579' title='bbox 148 3782 217 3835; x_wconf 89' lang='lat' dir='ltr'><em>ticas</em></span> <span class='ocrx_word' id='word_1_580' title='bbox 237 3782 435 3847; x_wconf 84' lang='lat' dir='ltr'><em>divinationes,</em></span> <span class='ocrx_word' id='word_1_581' title='bbox 460 3781 574 3838; x_wconf 87' lang='lat' dir='ltr'><em>fraudes</em></span> <span class='ocrx_word' id='word_1_582' title='bbox 592 3788 621 3837; x_wconf 92' lang='lat' dir='ltr'><em>et</em></span> <span class='ocrx_word' id='word_1_583' title='bbox 637 3781 748 3852; x_wconf 90' lang='lat' dir='ltr'><em>rapinas</em></span> <span class='ocrx_word' id='word_1_584' title='bbox 768 3782 830 3836; x_wconf 90' lang='lat' dir='ltr'><em>illos</em></span> <span class='ocrx_word' id='word_1_585' title='bbox 854 3800 980 3838; x_wconf 70' lang='lat' dir='ltr'><em>marcere</em></span> <span class='ocrx_word' id='word_1_586' title='bbox 1012 3799 1091 3852; x_wconf 86' lang='lat' dir='ltr'><em>peres</em></span> <span class='ocrx_word' id='word_1_587' title='bbox 1109 3779 1242 3851; x_wconf 88' lang='lat' dir='ltr'><em>erogandi</em></span> <span class='ocrx_word' id='word_1_588' title='bbox 1260 3778 1375 3832; x_wconf 90' lang='lat' dir='ltr'><em>nimium</em></span> <span class='ocrx_word' id='word_1_589' title='bbox 1393 3778 1540 3835; x_wconf 85' lang='lat' dir='ltr'><em>refrixisse.</em></span> <span class='ocrx_word' id='word_1_590' title='bbox 1571 3787 1595 3833; x_wconf 88' lang='lat'><em>3.</em></span> <span class='ocrx_word' id='word_1_591' title='bbox 1615 3780 1696 3834; x_wconf 89' lang='lat' dir='ltr'><em>Multi</em></span> <span class='ocrx_word' id='word_1_592' title='bbox 1720 3785 1843 3837; x_wconf 87' lang='lat' dir='ltr'><em>extrema</em></span> 
     </span>
     <span class='ocr_line' id='line_1_43' title="bbox 148 3865 1843 3939; baseline 0 -18"><span class='ocrx_word' id='word_1_593' title='bbox 148 3869 303 3937; x_wconf 87' lang='lat' dir='ltr'><em>permittat,</em></span> <span class='ocrx_word' id='word_1_594' title='bbox 340 3873 452 3922; x_wconf 83' lang='lat' dir='ltr'><em>secutus</em></span> <span class='ocrx_word' id='word_1_595' title='bbox 488 3868 630 3922; x_wconf 84' lang='lat' dir='ltr'><em>laudabile</em></span> <span class='ocrx_word' id='word_1_596' title='bbox 667 3868 823 3938; x_wconf 87' lang='lat' dir='ltr'><em>exemplam</em></span> <span class='ocrx_word' id='word_1_597' title='bbox 858 3869 981 3939; x_wconf 82' lang='lat' dir='ltr'><em>Augusti</em></span> <span class='ocrx_word' id='word_1_598' title='bbox 1010 3884 1074 3921; x_wconf 92' lang='lat' dir='ltr'><em>cum</em></span> <span class='ocrx_word' id='word_1_599' title='bbox 1104 3873 1228 3937; x_wconf 87' lang='lat' dir='ltr'><em>egestate</em></span> <span class='ocrx_word' id='word_1_600' title='bbox 1257 3865 1450 3919; x_wconf 89' lang='lat' dir='ltr'><em>conflictantur</em></span> <span class='ocrx_word' id='word_1_601' title='bbox 1482 3870 1566 3936; x_wconf 79' lang='lat' dir='ltr'><em>atque</em></span> <span class='ocrx_word' id='word_1_602' title='bbox 1596 3866 1705 3921; x_wconf 90' lang='lat' dir='ltr'><em>interim</em></span> <span class='ocrx_word' id='word_1_603' title='bbox 1735 3867 1843 3938; x_wconf 87' lang='lat' dir='ltr'><em>pudore</em></span> 
     </span>
     <span class='ocr_line' id='line_1_44' title="bbox 149 3951 1847 4026; baseline 0.002 -21"><span class='ocrx_word' id='word_1_604' title='bbox 149 3953 287 4007; x_wconf 76' lang='lat' dir='ltr'><em>Senoniae</em></span> <span class='ocrx_word' id='word_1_605' title='bbox 314 3954 454 4023; x_wconf 85' lang='lat' dir='ltr'><em>electoris,</em></span> <span class='ocrx_word' id='word_1_606' title='bbox 478 3954 525 4026; x_wconf 90' lang='lat' dir='ltr'><em>qui</em></span> <span class='ocrx_word' id='word_1_607' title='bbox 551 3954 580 4008; x_wconf 90' lang='lat' dir='ltr'><em>in</em></span> <span class='ocrx_word' id='word_1_608' title='bbox 606 3953 715 4009; x_wconf 78' lang='lat' dir='ltr'><em>mestit.</em></span> <span class='ocrx_word' id='word_1_609' title='bbox 743 3954 839 4009; x_wconf 88' lang='lat' dir='ltr'><em>eccles.</em></span> <span class='ocrx_word' id='word_1_610' title='bbox 864 3960 916 4008; x_wconf 86' lang='lat' dir='ltr'><em>art.</em></span> <span class='ocrx_word' id='word_1_611' title='bbox 935 3970 982 4026; x_wconf 90' lang='lat' dir='ltr'><em>ge·</em></span> <span class='ocrx_word' id='word_1_612' title='bbox 1008 3952 1149 4023; x_wconf 89' lang='lat' dir='ltr'><em>prohiberi</em></span> <span class='ocrx_word' id='word_1_613' title='bbox 1167 3969 1197 4006; x_wconf 87' lang='lat' dir='ltr'><em>sc</em></span> <span class='ocrx_word' id='word_1_614' title='bbox 1213 3951 1371 4022; x_wconf 88' lang='lat' dir='ltr'><em>patiuntur,</em></span> <span class='ocrx_word' id='word_1_615' title='bbox 1400 3951 1546 4022; x_wconf 89' lang='lat' dir='ltr'><em>quominus</em></span> <span class='ocrx_word' id='word_1_616' title='bbox 1571 3953 1600 4006; x_wconf 93' lang='lat' dir='ltr'><em>in</em></span> <span class='ocrx_word' id='word_1_617' title='bbox 1621 3952 1765 4023; x_wconf 91' lang='lat' dir='ltr'><em>publicum</em></span> <span class='ocrx_word' id='word_1_618' title='bbox 1786 3972 1847 4026; x_wconf 89' lang='lat' dir='ltr'><em>pro·</em></span> 
     </span>
     <span class='ocr_line' id='line_1_45' title="bbox 147 4037 1841 4111; baseline 0 -18"><span class='ocrx_word' id='word_1_619' title='bbox 147 4056 205 4094; x_wconf 89' lang='lat' dir='ltr'><em>ner.</em></span> <span class='ocrx_word' id='word_1_620' title='bbox 224 4045 248 4094; x_wconf 88' lang='grc'><em>6.</em></span> <span class='ocrx_word' id='word_1_621' title='bbox 267 4058 295 4111; x_wconf 87' lang='lat' dir='ltr'><em>p.</em></span> <span class='ocrx_word' id='word_1_622' title='bbox 315 4046 374 4096; x_wconf 82' lang='lat'><strong>³08.</strong></span> <span class='ocrx_word' id='word_1_623' title='bbox 404 4041 486 4095; x_wconf 87' lang='lat' dir='ltr'><em>hosce</em></span> <span class='ocrx_word' id='word_1_624' title='bbox 511 4041 619 4111; x_wconf 83' lang='lat' dir='ltr'><em>patriae</em></span> <span class='ocrx_word' id='word_1_625' title='bbox 639 4040 794 4111; x_wconf 87' lang='lat' dir='ltr'><em>proditores</em></span> <span class='ocrx_word' id='word_1_626' title='bbox 816 4045 845 4095; x_wconf 90' lang='lat' dir='ltr'><em>et</em></span> <span class='ocrx_word' id='word_1_627' title='bbox 863 4057 982 4095; x_wconf 88' lang='lat' dir='ltr'><em>commu·</em></span> <span class='ocrx_word' id='word_1_628' title='bbox 1011 4039 1096 4094; x_wconf 90' lang='lat' dir='ltr'><em>deant</em></span> <span class='ocrx_word' id='word_1_629' title='bbox 1113 4045 1141 4093; x_wconf 91' lang='lat' dir='ltr'><em>et</em></span> <span class='ocrx_word' id='word_1_630' title='bbox 1159 4037 1233 4091; x_wconf 81' lang='lat' dir='ltr'><em>vitae</em></span> <span class='ocrx_word' id='word_1_631' title='bbox 1252 4037 1407 4092; x_wconf 87' lang='lat' dir='ltr'><em>necessaria</em></span> <span class='ocrx_word' id='word_1_632' title='bbox 1425 4043 1530 4107; x_wconf 84' lang='lat' dir='ltr'><em>petant,</em></span> <span class='ocrx_word' id='word_1_633' title='bbox 1549 4038 1603 4092; x_wconf 88' lang='lat' dir='ltr'><em>illis</em></span> <span class='ocrx_word' id='word_1_634' title='bbox 1622 4038 1675 4093; x_wconf 93' lang='lat' dir='ltr'><em>hac</em></span> <span class='ocrx_word' id='word_1_635' title='bbox 1695 4039 1841 4110; x_wconf 84' lang='lat' dir='ltr'><em>magistra·</em></span> 
     </span>
     <span class='ocr_line' id='line_1_46' title="bbox 147 4122 1845 4199; baseline -0.001 -19"><span class='ocrx_word' id='word_1_636' title='bbox 147 4144 197 4181; x_wconf 88' lang='lat' dir='ltr'><em>nee</em></span> <span class='ocrx_word' id='word_1_637' title='bbox 223 4127 383 4198; x_wconf 89' lang='lat' dir='ltr'><em>deceptores</em></span> <span class='ocrx_word' id='word_1_638' title='bbox 408 4145 426 4182; x_wconf 92' lang='lat' dir='ltr'><em>a</em></span> <span class='ocrx_word' id='word_1_639' title='bbox 447 4127 549 4181; x_wconf 89' lang='lat' dir='ltr'><em>finibus</em></span> <span class='ocrx_word' id='word_1_640' title='bbox 576 4126 683 4197; x_wconf 89' lang='lat' dir='ltr'><em>imperii</em></span> <span class='ocrx_word' id='word_1_641' title='bbox 711 4143 794 4198; x_wconf 88' lang='lat' dir='ltr'><em>quam</em></span> <span class='ocrx_word' id='word_1_642' title='bbox 820 4126 981 4199; x_wconf 84' lang='lat' dir='ltr'><em>longissime</em></span> <span class='ocrx_word' id='word_1_643' title='bbox 1010 4129 1056 4178; x_wconf 91' lang='lat' dir='ltr'><em>tus</em></span> <span class='ocrx_word' id='word_1_644' title='bbox 1075 4134 1142 4178; x_wconf 78' lang='lat' dir='ltr'><em>ctus</em></span> <span class='ocrx_word' id='word_1_645' title='bbox 1160 4122 1280 4194; x_wconf 84' lang='lat' dir='ltr'><em>prospici</em></span> <span class='ocrx_word' id='word_1_646' title='bbox 1300 4128 1401 4193; x_wconf 87' lang='lat' dir='ltr'><em>posset.</em></span> <span class='ocrx_word' id='word_1_647' title='bbox 1441 4129 1465 4178; x_wconf 83' lang='grc'><em>4.</em></span> <span class='ocrx_word' id='word_1_648' title='bbox 1484 4122 1605 4188; x_wconf 84' lang='lat' dir='ltr'><em>Quidam</em></span> <span class='ocrx_word' id='word_1_649' title='bbox 1631 4124 1750 4179; x_wconf 91' lang='lat' dir='ltr'><em>mendici</em></span> <span class='ocrx_word' id='word_1_650' title='bbox 1771 4125 1845 4181; x_wconf 86' lang='lat' dir='ltr'><em>ulce-</em></span> 
     </span>
     <span class='ocr_line' id='line_1_47' title="bbox 148 4207 1845 4286; baseline -0.001 -21"><span class='ocrx_word' id='word_1_651' title='bbox 148 4214 236 4268; x_wconf 86' lang='lat' dir='ltr'><em>arccn&#39;</em></span> <span class='ocrx_word' id='word_1_652' title='bbox 253 4214 403 4284; x_wconf 88' lang='lat' dir='ltr'><em>praecipit,</em></span> <span class='ocrx_word' id='word_1_653' title='bbox 436 4213 509 4286; x_wconf 89' lang='lat' dir='ltr'><em>quad</em></span> <span class='ocrx_word' id='word_1_654' title='bbox 530 4214 620 4283; x_wconf 90' lang='lat' dir='ltr'><em>ipsum</em></span> <span class='ocrx_word' id='word_1_655' title='bbox 640 4212 769 4282; x_wconf 88' lang='lat' dir='ltr'><em>congruit</em></span> <span class='ocrx_word' id='word_1_656' title='bbox 791 4212 899 4283; x_wconf 87' lang='lat' dir='ltr'><em>imperii</em></span> <span class='ocrx_word' id='word_1_657' title='bbox 918 4230 981 4269; x_wconf 89' lang='lat' dir='ltr'><em>con·</em></span> <span class='ocrx_word' id='word_1_658' title='bbox 1010 4211 1102 4279; x_wconf 89' lang='lat' dir='ltr'><em>ribus,</em></span> <span class='ocrx_word' id='word_1_659' title='bbox 1124 4209 1274 4280; x_wconf 88' lang='lat' dir='ltr'><em>epilepsia,</em></span> <span class='ocrx_word' id='word_1_660' title='bbox 1299 4207 1391 4279; x_wconf 87' lang='lat' dir='ltr'><em>lepra,</em></span> <span class='ocrx_word' id='word_1_661' title='bbox 1417 4215 1496 4279; x_wconf 89' lang='lat' dir='ltr'><em>peste</em></span> <span class='ocrx_word' id='word_1_662' title='bbox 1519 4209 1616 4263; x_wconf 86' lang='lat' dir='ltr'><em>aliisve</em></span> <span class='ocrx_word' id='word_1_663' title='bbox 1635 4210 1722 4264; x_wconf 87' lang='lat' dir='ltr'><em>foedis</em></span> <span class='ocrx_word' id='word_1_664' title='bbox 1742 4210 1845 4265; x_wconf 87' lang='lat' dir='ltr'><em>morbis</em></span> 
     </span>
     <span class='ocr_line' id='line_1_48' title="bbox 149 4294 1844 4370; baseline -0.002 -18"><span class='ocrx_word' id='word_1_665' title='bbox 149 4300 339 4354; x_wconf 87' lang='lat' dir='ltr'><em>stitutionibus</em></span> <span class='ocrx_word' id='word_1_666' title='bbox 360 4318 431 4355; x_wconf 86' lang='lat' dir='ltr'><em>anno</em></span> <span class='ocrx_word' id='word_1_667' title='bbox 447 4307 520 4356; x_wconf 82' lang='lat'>¹500.</span> <span class='ocrx_word' id='word_1_668' title='bbox 535 4300 607 4355; x_wconf 89' lang='lat' dir='ltr'><em>titul.</em></span> <span class='ocrx_word' id='word_1_669' title='bbox 628 4306 681 4354; x_wconf 79' lang='lat' dir='ltr'><em>ben</em></span> <span class='ocrx_word' id='word_1_670' title='bbox 694 4299 852 4368; x_wconf 68' lang='lat' dir='ltr'><em>ssigeunern,</em></span> <span class='ocrx_word' id='word_1_671' title='bbox 873 4299 982 4370; x_wconf 87' lang='lat' dir='ltr'><em>repetit.</em></span> <span class='ocrx_word' id='word_1_672' title='bbox 1011 4297 1130 4367; x_wconf 87' lang='lat' dir='ltr'><em>correpti</em></span> <span class='ocrx_word' id='word_1_673' title='bbox 1150 4301 1231 4363; x_wconf 87' lang='lat' dir='ltr'><em>sunt,</em></span> <span class='ocrx_word' id='word_1_674' title='bbox 1249 4294 1289 4348; x_wconf 92' lang='lat' dir='ltr'><em>illi</em></span> <span class='ocrx_word' id='word_1_675' title='bbox 1309 4311 1359 4364; x_wconf 91' lang='lat' dir='ltr'><em>per</em></span> <span class='ocrx_word' id='word_1_676' title='bbox 1376 4294 1485 4365; x_wconf 84' lang='lat' dir='ltr'><em>plateas</em></span> <span class='ocrx_word' id='word_1_677' title='bbox 1505 4295 1666 4350; x_wconf 88' lang='lat' dir='ltr'><em>aberrantes</em></span> <span class='ocrx_word' id='word_1_678' title='bbox 1686 4297 1715 4349; x_wconf 92' lang='lat' dir='ltr'><em>in</em></span> <span class='ocrx_word' id='word_1_679' title='bbox 1735 4312 1844 4350; x_wconf 88' lang='lat' dir='ltr'><em>cansar-</em></span> 
     </span>
     <span class='ocr_line' id='line_1_49' title="bbox 148 4379 1844 4453; baseline -0.002 -14"><span class='ocrx_word' id='word_1_680' title='bbox 148 4403 222 4439; x_wconf 92' lang='lat' dir='ltr'><em>anno</em></span> <span class='ocrx_word' id='word_1_681' title='bbox 245 4392 319 4442; x_wconf 85' lang='grc'><strong>1530.</strong></span> <span class='ocrx_word' id='word_1_682' title='bbox 342 4393 414 4443; x_wconf 80' lang='grc'><strong>1544.</strong></span> <span class='ocrx_word' id='word_1_683' title='bbox 433 4391 462 4441; x_wconf 92' lang='lat' dir='ltr'><em>et</em></span> <span class='ocrx_word' id='word_1_684' title='bbox 482 4393 557 4442; x_wconf 73' lang='lat'>1551.</span> <span class='ocrx_word' id='word_1_685' title='bbox 1011 4385 1081 4439; x_wconf 89' lang='lat' dir='ltr'><em>tium</em></span> <span class='ocrx_word' id='word_1_686' title='bbox 1099 4383 1181 4453; x_wconf 86' lang='lat' dir='ltr'><em>hujus</em></span> <span class='ocrx_word' id='word_1_687' title='bbox 1200 4380 1264 4435; x_wconf 89' lang='lat' dir='ltr'><em>mali</em></span> <span class='ocrx_word' id='word_1_688' title='bbox 1283 4379 1366 4435; x_wconf 87' lang='lat' dir='ltr'><em>facile</em></span> <span class='ocrx_word' id='word_1_689' title='bbox 1384 4380 1455 4435; x_wconf 88' lang='lat' dir='ltr'><em>alios</em></span> <span class='ocrx_word' id='word_1_690' title='bbox 1472 4381 1651 4451; x_wconf 85' lang='lat' dir='ltr'><em>pertrahunt,</em></span> <span class='ocrx_word' id='word_1_691' title='bbox 1671 4381 1745 4451; x_wconf 90' lang='lat' dir='ltr'><em>quod</em></span> <span class='ocrx_word' id='word_1_692' title='bbox 1764 4398 1844 4451; x_wconf 87' lang='lat' dir='ltr'><em>prae·</em></span> 
     </span>
     <span class='ocr_line' id='line_1_50' title="bbox 49 4465 1847 4540; baseline -0.003 -15"><span class='ocrx_word' id='word_1_693' title='bbox 49 4478 135 4520; x_wconf 56' lang='grc' dir='ltr'><em>,ΙΨ-11.</em></span> <span class='ocrx_word' id='word_1_694' title='bbox 184 4478 241 4526; x_wconf 78' lang='lat'><strong>228.</strong></span> <span class='ocrx_word' id='word_1_695' title='bbox 278 4472 426 4536; x_wconf 85' lang='lat' dir='ltr'><em>Quaeritur</em></span> <span class='ocrx_word' id='word_1_696' title='bbox 446 4479 469 4529; x_wconf 76' lang='grc'><em>4.</em></span> <span class='ocrx_word' id='word_1_697' title='bbox 500 4473 546 4525; x_wconf 83' lang='grc' dir='ltr'><em>Λα</em></span> <span class='ocrx_word' id='word_1_698' title='bbox 566 4472 756 4525; x_wconf 84' lang='lat' dir='ltr'><em>mendicantes</em></span> <span class='ocrx_word' id='word_1_699' title='bbox 782 4472 811 4522; x_wconf 88' lang='lat' dir='ltr'><em>iu</em></span> <span class='ocrx_word' id='word_1_700' title='bbox 837 4471 982 4540; x_wconf 65' lang='lat' dir='ltr'><em>republica</em></span> <span class='ocrx_word' id='word_1_701' title='bbox 1010 4469 1101 4525; x_wconf 81' lang='lat' dir='ltr'><em>caveri</em></span> <span class='ocrx_word' id='word_1_702' title='bbox 1122 4473 1223 4538; x_wconf 89' lang='lat' dir='ltr'><em>posset,</em></span> <span class='ocrx_word' id='word_1_703' title='bbox 1243 4467 1265 4520; x_wconf 87' lang='lat' dir='ltr'><em>si</em></span> <span class='ocrx_word' id='word_1_704' title='bbox 1284 4483 1318 4520; x_wconf 83' lang='lat' dir='ltr'><em>er</em></span> <span class='ocrx_word' id='word_1_705' title='bbox 1331 4465 1443 4536; x_wconf 89' lang='lat' dir='ltr'><em>publico</em></span> <span class='ocrx_word' id='word_1_706' title='bbox 1461 4465 1579 4520; x_wconf 88' lang='lat' dir='ltr'><em>mendici</em></span> <span class='ocrx_word' id='word_1_707' title='bbox 1599 4465 1745 4522; x_wconf 88' lang='lat' dir='ltr'><em>alerentur.</em></span> <span class='ocrx_word' id='word_1_708' title='bbox 1775 4466 1847 4522; x_wconf 86' lang='lat' dir='ltr'><em>Sunt</em></span> 
     </span>
     <span class='ocr_line' id='line_1_51' title="bbox 49 4540 1845 4629; baseline 0 -20"><span class='ocrx_word' id='word_1_709' title='bbox 49 4540 106 4629; x_wconf 57' lang='lat' dir='ltr'><em>ffll,</em></span> <span class='ocrx_word' id='word_1_710' title='bbox 148 4559 317 4613; x_wconf 72' lang='lat' dir='ltr'><em>tolerandis</em></span> <span class='ocrx_word' id='word_1_711' title='bbox 333 4559 398 4612; x_wconf 91' lang='lat' dir='ltr'><em>Duo</em></span> <span class='ocrx_word' id='word_1_712' title='bbox 416 4564 481 4611; x_wconf 88' lang='lat' dir='ltr'><em>suut</em></span> <span class='ocrx_word' id='word_1_713' title='bbox 493 4556 710 4613; x_wconf 86' lang='lat' dir='ltr'><em>mendicantium</em></span> <span class='ocrx_word' id='word_1_714' title='bbox 722 4572 833 4628; x_wconf 86' lang='lat' dir='ltr'><em>genera</em></span> <span class='ocrx_word' id='word_1_715' title='bbox 864 4556 982 4619; x_wconf 83' lang='lat' dir='ltr'><em>Quidam</em></span> <span class='ocrx_word' id='word_1_716' title='bbox 1011 4556 1058 4626; x_wconf 90' lang='lat' dir='ltr'><em>qni</em></span> <span class='ocrx_word' id='word_1_717' title='bbox 1084 4554 1138 4608; x_wconf 91' lang='lat' dir='ltr'><em>huc</em></span> <span class='ocrx_word' id='word_1_718' title='bbox 1161 4553 1372 4607; x_wconf 90' lang='lat' dir='ltr'><em>accommodant</em></span> <span class='ocrx_word' id='word_1_719' title='bbox 1399 4553 1503 4607; x_wconf 90' lang='lat' dir='ltr'><em>dictum</em></span> <span class='ocrx_word' id='word_1_720' title='bbox 1531 4551 1683 4605; x_wconf 80' lang='lat' dir='ltr'><em>Massicum</em></span> <span class='ocrx_word' id='word_1_721' title='bbox 1701 4552 1783 4607; x_wconf 85' lang='lat' dir='ltr'><em>Deut</em></span> <span class='ocrx_word' id='word_1_722' title='bbox 1806 4559 1845 4621; x_wconf 81' lang='lat'><em>15,</em></span> 
     </span>
     <span class='ocr_line' id='line_1_52' title="bbox 49 4637 1846 4712; baseline -0.002 -16"><span class='ocrx_word' id='word_1_723' title='bbox 49 4647 99 4681; x_wconf 75' lang='lat'><strong>¹¹¹⁸·</strong></span> <span class='ocrx_word' id='word_1_724' title='bbox 148 4643 220 4696; x_wconf 86' lang='lat' dir='ltr'><em>enim</em></span> <span class='ocrx_word' id='word_1_725' title='bbox 240 4644 284 4697; x_wconf 81' lang='lat' dir='ltr'><em>vel</em></span> <span class='ocrx_word' id='word_1_726' title='bbox 302 4644 337 4696; x_wconf 85' lang='lat' dir='ltr'><em>ab</em></span> <span class='ocrx_word' id='word_1_727' title='bbox 358 4651 482 4707; x_wconf 89' lang='lat' dir='ltr'><em>aetatem,</em></span> <span class='ocrx_word' id='word_1_728' title='bbox 511 4643 554 4698; x_wconf 85' lang='lat' dir='ltr'><em>vel</em></span> <span class='ocrx_word' id='word_1_729' title='bbox 575 4649 695 4712; x_wconf 87' lang='lat' dir='ltr'><em>propter</em></span> <span class='ocrx_word' id='word_1_730' title='bbox 719 4643 829 4695; x_wconf 82' lang='lat' dir='ltr'><em>morbos</em></span> <span class='ocrx_word' id='word_1_731' title='bbox 852 4658 982 4696; x_wconf 89' lang='lat' dir='ltr'><em>manuum</em></span> <span class='ocrx_word' id='word_1_732' title='bbox 1011 4657 1036 4694; x_wconf 83' lang='lat' dir='ltr'><em>v.</em></span> <span class='ocrx_word' id='word_1_733' title='bbox 1059 4648 1089 4696; x_wconf 76' lang='lat'><em>4:</em></span> <span class='ocrx_word' id='word_1_734' title='bbox 1109 4641 1225 4694; x_wconf 89' lang='lat' dir='ltr'><em>Omnino</em></span> <span class='ocrx_word' id='word_1_735' title='bbox 1243 4657 1300 4693; x_wconf 91' lang='lat' dir='ltr'><em>non</em></span> <span class='ocrx_word' id='word_1_736' title='bbox 1317 4640 1371 4692; x_wconf 87' lang='lat' dir='ltr'><em>erit</em></span> <span class='ocrx_word' id='word_1_737' title='bbox 1389 4640 1463 4691; x_wconf 89' lang='lat' dir='ltr'><em>inter</em></span> <span class='ocrx_word' id='word_1_738' title='bbox 1478 4655 1526 4691; x_wconf 88' lang='lat' dir='ltr'><em>voe</em></span> <span class='ocrx_word' id='word_1_739' title='bbox 1544 4637 1675 4703; x_wconf 78' lang='lat' dir='ltr'><em>indipens</em></span> <span class='ocrx_word' id='word_1_740' title='bbox 1693 4646 1718 4690; x_wconf 86' lang='lat' dir='ltr'><em>ot</em></span> <span class='ocrx_word' id='word_1_741' title='bbox 1738 4639 1846 4692; x_wconf 87' lang='lat' dir='ltr'><em>mendi-</em></span> 
     </span>
     <span class='ocr_line' id='line_1_53' title="bbox 51 4703 1847 4799; baseline -0.001 -17"><span class='ocrx_word' id='word_1_742' title='bbox 51 4703 114 4783; x_wconf 58' lang='lat' dir='ltr'><em>iit&#39;cs</em></span> <span class='ocrx_word' id='word_1_743' title='bbox 147 4728 256 4781; x_wconf 88' lang='lat' dir='ltr'><em>labores</em></span> <span class='ocrx_word' id='word_1_744' title='bbox 279 4733 399 4782; x_wconf 69' lang='lat' dir='ltr'><em>tractem</em></span> <span class='ocrx_word' id='word_1_745' title='bbox 426 4734 567 4799; x_wconf 89' lang='lat' dir='ltr'><em>nequeunt</em></span> <span class='ocrx_word' id='word_1_746' title='bbox 590 4745 623 4783; x_wconf 90' lang='lat' dir='ltr'><em>sc</em></span> <span class='ocrx_word' id='word_1_747' title='bbox 646 4727 761 4798; x_wconf 89' lang='lat' dir='ltr'><em>perinde</em></span> <span class='ocrx_word' id='word_1_748' title='bbox 786 4727 848 4797; x_wconf 90' lang='lat' dir='ltr'><em>ipsa</em></span> <span class='ocrx_word' id='word_1_749' title='bbox 864 4726 983 4781; x_wconf 87' lang='lat' dir='ltr'><em>necessi·</em></span> <span class='ocrx_word' id='word_1_750' title='bbox 1012 4744 1070 4795; x_wconf 87' lang='lat' dir='ltr'><em>cas,</em></span> <span class='ocrx_word' id='word_1_751' title='bbox 1092 4743 1207 4797; x_wconf 88' lang='lat' dir='ltr'><em>quorum</em></span> <span class='ocrx_word' id='word_1_752' title='bbox 1221 4725 1386 4780; x_wconf 87' lang='lat' dir='ltr'><em>sententiam</em></span> <span class='ocrx_word' id='word_1_753' title='bbox 1405 4723 1566 4779; x_wconf 86' lang='lat' dir='ltr'><em>confirmare</em></span> <span class='ocrx_word' id='word_1_754' title='bbox 1584 4722 1694 4777; x_wconf 82' lang='lat' dir='ltr'><em>videtur</em></span> <span class='ocrx_word' id='word_1_755' title='bbox 1707 4724 1847 4794; x_wconf 83' lang='lat' dir='ltr'><em>particula</em></span> 
     </span>
     <span class='ocr_line' id='line_1_54' title="bbox 49 4798 1847 4887; baseline -0.002 -20"><span class='ocrx_word' id='word_1_756' title='bbox 49 4798 120 4887; x_wconf 54' lang='lat' dir='ltr'><em>tm&#39;</em></span> <span class='ocrx_word' id='word_1_757' title='bbox 147 4821 205 4868; x_wconf 86' lang='lat' dir='ltr'><em>tate</em></span> <span class='ocrx_word' id='word_1_758' title='bbox 224 4812 259 4866; x_wconf 88' lang='lat' dir='ltr'><em>ad</em></span> <span class='ocrx_word' id='word_1_759' title='bbox 278 4812 464 4883; x_wconf 89' lang='lat' dir='ltr'><em>colligendam</em></span> <span class='ocrx_word' id='word_1_760' title='bbox 479 4812 578 4883; x_wconf 88' lang='lat' dir='ltr'><em>stipem</em></span> <span class='ocrx_word' id='word_1_761' title='bbox 598 4813 766 4884; x_wconf 88' lang='lat' dir='ltr'><em>adiguntur;</em></span> <span class='ocrx_word' id='word_1_762' title='bbox 787 4812 900 4883; x_wconf 89' lang='lat' dir='ltr'><em>quidam</em></span> <span class='ocrx_word' id='word_1_763' title='bbox 918 4828 983 4867; x_wconf 83' lang='lat' dir='ltr'><em>vera</em></span> <span class='ocrx_word' id='word_1_764' title='bbox 1013 4813 1075 4886; x_wconf 56' lang='lat'><em>028,</em></span> <span class='ocrx_word' id='word_1_765' title='bbox 1096 4819 1218 4880; x_wconf 89' lang='lat' dir='ltr'><em>tontum,</em></span> <span class='ocrx_word' id='word_1_766' title='bbox 1242 4812 1319 4880; x_wconf 73' lang='lat' dir='ltr'><em>ossod</em></span> <span class='ocrx_word' id='word_1_767' title='bbox 1336 4828 1391 4863; x_wconf 91' lang='lat' dir='ltr'><em>non</em></span> <span class='ocrx_word' id='word_1_768' title='bbox 1412 4810 1466 4862; x_wconf 88' lang='lat' dir='ltr'><em>erit</em></span> <span class='ocrx_word' id='word_1_769' title='bbox 1486 4810 1515 4861; x_wconf 91' lang='lat' dir='ltr'><em>in</em></span> <span class='ocrx_word' id='word_1_770' title='bbox 1534 4816 1561 4861; x_wconf 90' lang='lat' dir='ltr'><em>te</em></span> <span class='ocrx_word' id='word_1_771' title='bbox 1584 4809 1743 4880; x_wconf 66' lang='lat' dir='ltr'><em>mendane,</em></span> <span class='ocrx_word' id='word_1_772' title='bbox 1767 4810 1847 4865; x_wconf 84' lang='lat' dir='ltr'><em>velut</em></span> 
     </span>
     <span class='ocr_line' id='line_1_55' title="bbox 149 4894 1845 4970; baseline -0.001 -19"><span class='ocrx_word' id='word_1_773' title='bbox 149 4898 249 4952; x_wconf 86' lang='lat' dir='ltr'><em>validis</em></span> <span class='ocrx_word' id='word_1_774' title='bbox 266 4898 357 4952; x_wconf 90' lang='lat' dir='ltr'><em>adhuc</em></span> <span class='ocrx_word' id='word_1_775' title='bbox 378 4898 490 4952; x_wconf 89' lang='lat' dir='ltr'><em>lacertis</em></span> <span class='ocrx_word' id='word_1_776' title='bbox 508 4898 650 4967; x_wconf 87' lang='lat' dir='ltr'><em>instructi,</em></span> <span class='ocrx_word' id='word_1_777' title='bbox 673 4899 722 4955; x_wconf 89' lang='lat' dir='ltr'><em>sed</em></span> <span class='ocrx_word' id='word_1_778' title='bbox 747 4898 877 4967; x_wconf 70' lang='lat' dir='ltr'><em>ignaviae</em></span> <span class='ocrx_word' id='word_1_779' title='bbox 896 4907 923 4951; x_wconf 89' lang='lat' dir='ltr'><em>et</em></span> <span class='ocrx_word' id='word_1_780' title='bbox 941 4915 983 4952; x_wconf 86' lang='lat' dir='ltr'><em>eo·</em></span> <span class='ocrx_word' id='word_1_781' title='bbox 1012 4898 1182 4970; x_wconf 83' lang='lat' dir='ltr'><em>exprimatur</em></span> <span class='ocrx_word' id='word_1_782' title='bbox 1217 4894 1280 4950; x_wconf 86' lang='lat' dir='ltr'><em>finis</em></span> <span class='ocrx_word' id='word_1_783' title='bbox 1318 4895 1460 4965; x_wconf 88' lang='lat' dir='ltr'><em>praecepti</em></span> <span class='ocrx_word' id='word_1_784' title='bbox 1491 4894 1615 4965; x_wconf 84' lang='lat' dir='ltr'><em>proxime</em></span> <span class='ocrx_word' id='word_1_785' title='bbox 1644 4896 1845 4966; x_wconf 85' lang='lat' dir='ltr'><em>praecedentis,</em></span> 
     </span>
     <span class='ocr_line' id='line_1_56' title="bbox 149 4982 1846 5056; baseline -0.001 -19"><span class='ocrx_word' id='word_1_786' title='bbox 149 4986 265 5039; x_wconf 67' lang='lat' dir='ltr'><em>cadiae</em></span> <span class='ocrx_word' id='word_1_787' title='bbox 292 4985 388 5037; x_wconf 85' lang='lat' dir='ltr'><em>morbo</em></span> <span class='ocrx_word' id='word_1_788' title='bbox 417 4982 576 5038; x_wconf 86' lang='lat' dir='ltr'><em>laborantes</em></span> <span class='ocrx_word' id='word_1_789' title='bbox 601 4984 781 5039; x_wconf 89' lang='lat' dir='ltr'><em>mendicitate</em></span> <span class='ocrx_word' id='word_1_790' title='bbox 804 4983 856 5038; x_wconf 90' lang='lat' dir='ltr'><em>sibi</em></span> <span class='ocrx_word' id='word_1_791' title='bbox 880 4985 983 5037; x_wconf 80' lang='lat' dir='ltr'><em>uictum</em></span> <span class='ocrx_word' id='word_1_792' title='bbox 1011 4986 1129 5056; x_wconf 85' lang='lat' dir='ltr'><em>septimo</em></span> <span class='ocrx_word' id='word_1_793' title='bbox 1155 4999 1262 5051; x_wconf 79' lang='lat' dir='ltr'><em>quoque</em></span> <span class='ocrx_word' id='word_1_794' title='bbox 1285 4999 1358 5035; x_wconf 88' lang='lat' dir='ltr'><em>anno</em></span> <span class='ocrx_word' id='word_1_795' title='bbox 1383 4982 1436 5033; x_wconf 86' lang='lat' dir='ltr'><em>erit</em></span> <span class='ocrx_word' id='word_1_796' title='bbox 1464 4983 1618 5036; x_wconf 84' lang='lat' dir='ltr'><em>debitorum</em></span> <span class='ocrx_word' id='word_1_797' title='bbox 1640 4983 1782 5051; x_wconf 70' lang='lat' dir='ltr'><em>remissio,</em></span> <span class='ocrx_word' id='word_1_798' title='bbox 1814 4989 1846 5036; x_wconf 89' lang='lat' dir='ltr'><em>ut</em></span> 
     </span>
     <span class='ocr_line' id='line_1_57' title="bbox 150 5065 1846 5142; baseline -0.001 -18"><span class='ocrx_word' id='word_1_799' title='bbox 150 5087 282 5142; x_wconf 88' lang='lat' dir='ltr'><em>quaerere</em></span> <span class='ocrx_word' id='word_1_800' title='bbox 294 5071 402 5124; x_wconf 88' lang='lat' dir='ltr'><em>malunt</em></span> <span class='ocrx_word' id='word_1_801' title='bbox 411 5085 493 5140; x_wconf 89' lang='lat' dir='ltr'><em>quam</em></span> <span class='ocrx_word' id='word_1_802' title='bbox 508 5068 617 5123; x_wconf 89' lang='lat' dir='ltr'><em>labores</em></span> <span class='ocrx_word' id='word_1_803' title='bbox 635 5086 766 5123; x_wconf 89' lang='lat' dir='ltr'><em>manuum</em></span> <span class='ocrx_word' id='word_1_804' title='bbox 780 5085 892 5122; x_wconf 86' lang='lat' dir='ltr'><em>suarum</em></span> <span class='ocrx_word' id='word_1_805' title='bbox 907 5085 983 5123; x_wconf 85' lang='lat' dir='ltr'><em>man·</em></span> <span class='ocrx_word' id='word_1_806' title='bbox 1013 5088 1068 5124; x_wconf 89' lang='lat' dir='ltr'><em>non</em></span> <span class='ocrx_word' id='word_1_807' title='bbox 1086 5071 1123 5123; x_wconf 84' lang='lat' dir='ltr'><em>eit</em></span> <span class='ocrx_word' id='word_1_808' title='bbox 1143 5070 1214 5121; x_wconf 87' lang='lat' dir='ltr'><em>inter</em></span> <span class='ocrx_word' id='word_1_809' title='bbox 1231 5085 1280 5120; x_wconf 88' lang='lat' dir='ltr'><em>voe</em></span> <span class='ocrx_word' id='word_1_810' title='bbox 1298 5066 1458 5131; x_wconf 81' lang='lat' dir='ltr'><em>mendicue;</em></span> <span class='ocrx_word' id='word_1_811' title='bbox 1481 5065 1530 5119; x_wconf 88' lang='lat' dir='ltr'><em>alii</em></span> <span class='ocrx_word' id='word_1_812' title='bbox 1553 5083 1617 5122; x_wconf 83' lang='lat' dir='ltr'><em>vero</em></span> <span class='ocrx_word' id='word_1_813' title='bbox 1646 5073 1758 5138; x_wconf 91' lang='lat' dir='ltr'><em>putant,</em></span> <span class='ocrx_word' id='word_1_814' title='bbox 1785 5084 1846 5123; x_wconf 84' lang='lat' dir='ltr'><em>esee</em></span> 
     </span>
     <span class='ocr_line' id='line_1_58' title="bbox 150 5149 1845 5226; baseline -0.001 -17"><span class='ocrx_word' id='word_1_815' title='bbox 150 5158 259 5211; x_wconf 86' lang='lat' dir='ltr'><em>ducere.</em></span> <span class='ocrx_word' id='word_1_816' title='bbox 296 5155 460 5226; x_wconf 83' lang='lat' dir='ltr'><em>Exemplum</em></span> <span class='ocrx_word' id='word_1_817' title='bbox 472 5155 537 5210; x_wconf 88' lang='lat' dir='ltr'><em>talis</em></span> <span class='ocrx_word' id='word_1_818' title='bbox 548 5153 667 5209; x_wconf 88' lang='lat' dir='ltr'><em>mendici</em></span> <span class='ocrx_word' id='word_1_819' title='bbox 679 5155 779 5208; x_wconf 89' lang='lat' dir='ltr'><em>recitat</em></span> <span class='ocrx_word' id='word_1_820' title='bbox 794 5155 983 5212; x_wconf 88' lang='lat' dir='ltr'><em>Damhouder.</em></span> <span class='ocrx_word' id='word_1_821' title='bbox 1012 5155 1220 5226; x_wconf 86' lang='lat' dir='ltr'><em>promissionem</em></span> <span class='ocrx_word' id='word_1_822' title='bbox 1247 5150 1300 5205; x_wconf 87' lang='lat' dir='ltr'><em>sub</em></span> <span class='ocrx_word' id='word_1_823' title='bbox 1324 5150 1498 5206; x_wconf 87' lang='lat' dir='ltr'><em>obedientiae</em></span> <span class='ocrx_word' id='word_1_824' title='bbox 1524 5152 1683 5206; x_wconf 92' lang='lat' dir='ltr'><em>conditione</em></span> <span class='ocrx_word' id='word_1_825' title='bbox 1707 5149 1845 5223; x_wconf 87' lang='lat' dir='ltr'><em>accipien-</em></span> 
     </span>
     <span class='ocr_line' id='line_1_59' title="bbox 150 5237 1847 5313; baseline -0.001 -18"><span class='ocrx_word' id='word_1_826' title='bbox 150 5243 177 5295; x_wconf 91' lang='lat' dir='ltr'><em>in</em></span> <span class='ocrx_word' id='word_1_827' title='bbox 204 5243 283 5313; x_wconf 84' lang='lat' dir='ltr'><em>praxi</em></span> <span class='ocrx_word' id='word_1_828' title='bbox 308 5242 445 5299; x_wconf 89' lang='lat' dir='ltr'><em>criminali</em></span> <span class='ocrx_word' id='word_1_829' title='bbox 470 5258 530 5312; x_wconf 88' lang='lat' dir='ltr'><em>cap.</em></span> <span class='ocrx_word' id='word_1_830' title='bbox 553 5245 610 5296; x_wconf 87' lang='grc'><strong>110.</strong></span> <span class='ocrx_word' id='word_1_831' title='bbox 637 5258 714 5297; x_wconf 84' lang='lat' dir='ltr'><em>num.</em></span> <span class='ocrx_word' id='word_1_832' title='bbox 739 5247 786 5296; x_wconf 80' lang='lat'><em>55:</em></span> <span class='ocrx_word' id='word_1_833' title='bbox 815 5243 883 5296; x_wconf 74' lang='lat' dir='ltr'><em>ctum</em></span> <span class='ocrx_word' id='word_1_834' title='bbox 904 5241 981 5295; x_wconf 76' lang='lat' dir='ltr'><em>Gan·</em></span> <span class='ocrx_word' id='word_1_835' title='bbox 1012 5242 1085 5306; x_wconf 88' lang='lat' dir='ltr'><em>dam,</em></span> <span class='ocrx_word' id='word_1_836' title='bbox 1103 5247 1135 5295; x_wconf 92' lang='lat' dir='ltr'><em>ut</em></span> <span class='ocrx_word' id='word_1_837' title='bbox 1151 5237 1273 5293; x_wconf 91' lang='lat' dir='ltr'><em>ostendit</em></span> <span class='ocrx_word' id='word_1_838' title='bbox 1290 5253 1408 5307; x_wconf 88' lang='lat' dir='ltr'><em>sequens</em></span> <span class='ocrx_word' id='word_1_839' title='bbox 1426 5237 1590 5293; x_wconf 88' lang='lat' dir='ltr'><em>membrum:</em></span> <span class='ocrx_word' id='word_1_840' title='bbox 1617 5239 1682 5292; x_wconf 89' lang='lat' dir='ltr'><em>Non</em></span> <span class='ocrx_word' id='word_1_841' title='bbox 1701 5239 1754 5291; x_wconf 88' lang='lat' dir='ltr'><em>erit</em></span> <span class='ocrx_word' id='word_1_842' title='bbox 1773 5240 1847 5293; x_wconf 83' lang='lat' dir='ltr'><em>inter</em></span> 
     </span>
     <span class='ocr_line' id='line_1_60' title="bbox 152 5323 1847 5402; baseline -0.002 -21"><span class='ocrx_word' id='word_1_843' title='bbox 152 5331 233 5394; x_wconf 70' lang='lat' dir='ltr'><em>ulain,</em></span> <span class='ocrx_word' id='word_1_844' title='bbox 261 5329 363 5402; x_wconf 89' lang='lat' dir='ltr'><em>inquit,</em></span> <span class='ocrx_word' id='word_1_845' title='bbox 391 5347 453 5384; x_wconf 90' lang='lat' dir='ltr'><em>cum</em></span> <span class='ocrx_word' id='word_1_846' title='bbox 469 5330 579 5399; x_wconf 76' lang='lat' dir='ltr'><em>alz‘ouot</em></span> <span class='ocrx_word' id='word_1_847' title='bbox 597 5327 773 5381; x_wconf 69' lang='lat' dir='ltr'><em>candoribus</em></span> <span class='ocrx_word' id='word_1_848' title='bbox 791 5328 984 5398; x_wconf 78' lang='lat' dir='ltr'><em>Brupeueibus</em></span> <span class='ocrx_word' id='word_1_849' title='bbox 1012 5345 1061 5380; x_wconf 66' lang='lat' dir='ltr'><em>reos</em></span> <span class='ocrx_word' id='word_1_850' title='bbox 1086 5325 1246 5390; x_wconf 85' lang='lat' dir='ltr'><em>mendicus,</em></span> <span class='ocrx_word' id='word_1_851' title='bbox 1275 5324 1344 5392; x_wconf 78' lang='lat' dir='ltr'><em>quia</em></span> <span class='ocrx_word' id='word_1_852' title='bbox 1368 5323 1510 5376; x_wconf 78' lang='lat' dir='ltr'><em>benedicet</em></span> <span class='ocrx_word' id='word_1_853' title='bbox 1532 5325 1585 5377; x_wconf 83' lang='lat' dir='ltr'><em>tibi</em></span> <span class='ocrx_word' id='word_1_854' title='bbox 1606 5324 1747 5376; x_wconf 82' lang='lat' dir='ltr'><em>Dominus</em></span> <span class='ocrx_word' id='word_1_855' title='bbox 1765 5325 1847 5378; x_wconf 83' lang='lat' dir='ltr'><em>Deus</em></span> 
     </span>
     <span class='ocr_line' id='line_1_61' title="bbox 150 5409 1848 5486; baseline -0.002 -19"><span class='ocrx_word' id='word_1_856' title='bbox 150 5417 274 5468; x_wconf 71' lang='lat' dir='ltr'><em>aeduam</em></span> <span class='ocrx_word' id='word_1_857' title='bbox 299 5423 364 5470; x_wconf 86' lang='lat' dir='ltr'><em>onte</em></span> <span class='ocrx_word' id='word_1_858' title='bbox 384 5424 498 5486; x_wconf 84' lang='lat' dir='ltr'><em>portam</em></span> <span class='ocrx_word' id='word_1_859' title='bbox 517 5417 616 5470; x_wconf 82' lang='lat' dir='ltr'><em>domus</em></span> <span class='ocrx_word' id='word_1_860' title='bbox 642 5415 810 5484; x_wconf 77' lang='lat' dir='ltr'><em>amatoriae,</em></span> <span class='ocrx_word' id='word_1_861' title='bbox 841 5415 984 5468; x_wconf 74' lang='lat' dir='ltr'><em>moidicus</em></span> <span class='ocrx_word' id='word_1_862' title='bbox 1012 5422 1091 5478; x_wconf 83' lang='lat' dir='ltr'><em>tuus,</em></span> <span class='ocrx_word' id='word_1_863' title='bbox 1115 5412 1143 5465; x_wconf 79' lang='lat' dir='ltr'><em>ei</em></span> <span class='ocrx_word' id='word_1_864' title='bbox 1172 5418 1263 5464; x_wconf 86' lang='lat' dir='ltr'><em>tamea</em></span> <span class='ocrx_word' id='word_1_865' title='bbox 1291 5409 1418 5464; x_wconf 75' lang='lat' dir='ltr'><em>audieris</em></span> <span class='ocrx_word' id='word_1_866' title='bbox 1440 5426 1533 5464; x_wconf 90' lang='lat' dir='ltr'><em>vocem</em></span> <span class='ocrx_word' id='word_1_867' title='bbox 1563 5409 1684 5463; x_wconf 90' lang='lat' dir='ltr'><em>Domini</em></span> <span class='ocrx_word' id='word_1_868' title='bbox 1708 5411 1769 5463; x_wconf 88' lang='lat' dir='ltr'><em>Dei</em></span> <span class='ocrx_word' id='word_1_869' title='bbox 1797 5409 1848 5472; x_wconf 79' lang='lat' dir='ltr'><em>tui.</em></span> 
     </span>
     <span class='ocr_line' id='line_1_62' title="bbox 203 5510 1505 5567; baseline 0.002 -17"><span class='ocrx_word' id='word_1_870' title='bbox 203 5510 368 5552; x_wconf 67' lang='lat' dir='ltr'><em>cummines</em></span> <span class='ocrx_word' id='word_1_871' title='bbox 393 5511 429 5555; x_wconf 79' lang='lat' dir='ltr'><em>es</em></span> <span class='ocrx_word' id='word_1_872' title='bbox 1472 5517 1505 5567; x_wconf 83' lang='lat'><em>25</em></span> 
     </span>
    </p>
   </div>
   <div class='ocr_carea' id='block_1_3' title="bbox 0 0 2014 6007">
    <p class='ocr_par' dir='ltr' id='par_1_3' title="bbox 0 0 2014 6007">
     <span class='ocr_line' id='line_1_63' title="bbox 0 0 2014 6007; baseline 0 0"><span class='ocrx_word' id='word_1_873' title='bbox 0 0 2014 6007; x_wconf 95' lang='lat' dir='ltr'><em> </em></span> 
     </span>
    </p>
   </div>
  </div>
 </body>
</html>
