4020 6014
540 166 590 220 Dii
607 162 832 222 umlsrumo
849 163 1152 226 mcuusuesuuco,
1629 180 1692 239 tot

25 313 105 372 ttrter'
115 316 295 387 promum.
332 318 391 373 Sed
414 336 435 372 a
458 326 581 389 tempore
603 317 757 386 Sylvsdri,
783 315 833 385 oui
858 317 944 373 tirum
962 329 989 375 et
1007 323 1226 379 eeclmiartieum
1243 325 1438 394 mapietratum
1462 342 1519 379 non
1537 334 1611 380 reete
1630 343 1694 381 ena·

20 401 62 463 ivi
74 403 215 458 maiam
226 411 345 473 quartur
354 422 435 475 papa
446 422 465 458 a
477 406 572 469 Petro,
590 404 695 473 ineepit
714 403 831 457 eeclesia
857 406 952 469 neacit,
970 408 1063 459 Deum
1077 425 1192 477 precor,
1213 418 1244 462 ut
1263 411 1316 464 toe
1335 413 1448 464 tandem
1468 413 1609 479 corripere
1630 413 1692 480 dip·

20 488 97 559 rua,
120 497 235 543 sancum
254 491 327 543 enim
348 490 491 558 Sylrmter
507 490 686 544 Conatantini
704 489 831 543 donatio·
858 489 1000 544 netur‘ad
1015 494 1137 547 nominis
1148 496 1194 546 eni
1204 496 1327 562 ploriam
1340 497 1545 565 sempiternam.
1578 497 1692 552 Hieron.

17 588 121 646 supro
132 593 186 629 neu
199 577 385 644 notariorum,
404 578 453 646 qui
469 585 548 642 perta
561 584 716 644 martpmim
728 575 831 627 derai-
858 573 1068 632 Vendramenns
1086 579 1114 633 iu
1126 586 1221 635 assent
1233 588 1330 637 eontra
1342 582 1458 654 reipubl.
1474 582 1573 639 Venet.
1586 584 1693 638 detrac-

16 659 100 730 kas,
118 669 144 715 ct
159 678 331 731 pauperum,
347 680 403 715 non
422 663 452 715 in
478 663 644 726 dominium,
669 664 720 716 aed
739 678 831 714 urum·
857 665 930 714 tores
948 662 1017 717 thes.
1032 670 1059 719 1:
1082 665 1212 720 Summus
1221 668 1360 737 pontifex,
1378 687 1435 738 qna
1449 669 1557 723 otriin
1569 670 1694 722 vicar-ine

11 745 118 806 Mem
148 747 361 820 acceptariti*
414 746 539 803 Barthol.
576 746 689 804 Cassan.
723 746 772 802 lib.
803 751 828 800 t.
858 753 905 813 oet,
923 749 1031 802 nullam
1049 751 1130 804 tabet
1150 755 1303 822 terreporale
1322 755 1476 808 dominium
1491 755 1693 824 inprineipnm

10 832 76 888 nial.
93 832 164 904 glor.
182 832 278 886 muudi
296 832 400 889 consid.
419 840 440 888 7.
459 832 571 900 scribit,
589 851 724 886 summum
739 831 831 900 panti·
857 832 1024 887 secrdarinm
1048 839 1144 904 repnie
1168 847 1253 908 atque
1278 843 1404 909 imperio.
1448 840 1640 895 Gallofrauous
1659 843 1693 909 {in

10 914 71 972 hem
96 926 124 971 st
147 920 309 972 sacerdotes
332 919 425 972 saneti
448 919 558 972 ordinis
584 919 647 987 repi
663 926 689 971 et
702 917 832 985 principi
857 917 965 987 epistol.
990 920 1026 974 ad
1049 921 1226 978 Philenetum
1250 943 1299 996 pro
1328 925 1456 981 libertate
1480 932 1568 981 status
1592 926 1693 983 Veneti

10 1004 119 1059 mdia
134 1021 201 1074 eree,
221 1012 382 1073 arpumento
402 1022 442 1073 eo,
461 1008 539 1073 qaod
551 1008 576 1059 2.
591 1007 658 1074 Rea.
677 1008 724 1061 22.
739 1021 829 1073 pona·
857 1002 944 1060 Paris.
966 1021 1039 1060 anno
1061 1013 1143 1063 leue:
1170 1010 1289 1064 Videant
1301 1012 1352 1080 qni
1370 1013 1552 1082 temporalem
1563 1013 1692 1079 pladium
1801 1000 1805 1009 ⁵

10 1106 40 1145 tr
67 1092 181 1145 emtam
204 1091 348 1161 principie
384 1095 426 1145 ad
462 1095 625 1145 sacerdotes
655 1091 829 1159 imperative,
857 1089 886 1141 in
903 1096 1046 1158 potestate
1064 1094 1146 1146 Petri
1168 1103 1251 1164 atque
1278 1097 1343 1151 ideo
1361 1099 1390 1149 in
1414 1095 1532 1151 ecileria
1550 1115 1610 1151 ease
1629 1115 1692 1152 con·

10 1177 91 1233 loliis
113 1181 167 1231 ste.
207 1178 338 1233 Erasmus
362 1177 390 1230 iu
419 1194 509 1248 eomp.
527 1176 610 1232 theol.
636 1195 663 1247 p.
684 1181 732 1231 26:
765 1177 829 1228 Non
855 1180 980 1244 tendunt,
1006 1196 1068 1231 eum
1095 1187 1186 1233 tamen
1212 1182 1321 1235 Paulus
1355 1185 1386 1237 in
1415 1187 1442 1240 2.
1471 1185 1536 1238 Gor.
1565 1188 1608 1238 10.
1628 1202 1693 1238 con·

10 1262 98 1317 &um
115 1269 171 1325 ert,
187 1278 255 1330 repe
274 1270 324 1316 aut
341 1264 437 1330 nslipe
457 1280 536 1330 ares,
556 1265 609 1316 aed
621 1278 722 1332 pasce,
742 1276 829 1328 neque
856 1268 902 1313 tra
915 1264 1034 1316 diderit:
1047 1266 1139 1319 Anna
1150 1267 1272 1321 militiae
1282 1277 1395 1322 nostrae
1404 1287 1459 1323 non
1471 1278 1535 1323 ment
1550 1272 1691 1336 earnalia,

10 1348 98 1402 tetum
117 1355 171 1410 ert,
190 1365 254 1403 orec
273 1356 350 1417 tuas,
376 1351 429 1403 red
444 1366 536 1417 meas,
563 1351 653 1404 alieni
668 1349 762 1416 prepi-r
777 1364 829 1415 pa·
856 1348 909 1400 eod
928 1351 1057 1416 potentia
1087 1353 1151 1405 Deo
1183 1354 1224 1406 ad
1253 1356 1469 1408 destructionem
1498 1357 1691 1412 munitionum,

10 1441 49 1489 *or
61 1451 101 1502 es,
118 1451 176 1487 eon
188 1436 326 1502 dominae,
343 1436 450 1489 oideut
462 1453 525 1488 aeae
538 1437 610 1489 lana
623 1437 680 1498 ride
698 1448 829 1487 annume-
856 1432 1003 1503 Barelajus
1021 1442 1118 1490 eontra
1135 1437 1385 1493 Bellarminum·de
1398 1440 1542 1510 temporali
1555 1445 1693 1511 potestate

10 1537 35 1575 re
53 1521 110 1574 tibi
133 1521 265 1575 medear.
290 1520 319 1573 in
342 1526 436 1576 annot.
459 1520 564 1577 1.Tim.
579 1526 603 1577 3.
624 1537 650 1589 p.
668 1525 735 1575 469:
755 1519 830 1572 Olim
856 1518 995 1587 pontificis
1017 1522 1123 1592 aliquot
1141 1524 1245 1594 scripta
1256 1524 1285 1578 in
1302 1524 1445 1594 publicum
1460 1525 1554 1581 edidit.
1586 1526 1693 1597 Staple·

10 1608 40 1661 ui
57 1608 252 1676 episcopatum
271 1608 435 1676 appetebat,
451 1608 635 1676 praeclarum
655 1624 726 1677 opus
743 1621 830 1676 appe·
856 1611 939 1659 tonus
958 1607 988 1661 iu
1012 1616 1109 1677 promt.
1129 1610 1264 1665 Catholie.
1290 1611 1420 1666 dominio.
1447 1619 1488 1667 22.
1506 1619 1577 1682 post.
1599 1619 1693 1682 pente·

10 1693 81 1756 dat,
117 1694 161 1745 tis
193 1693 378 1762 temporibus,
415 1694 466 1761 oui
495 1693 686 1761 episcopatum
719 1691 831 1760 expetit,
856 1698 923 1748 con.
945 1698 1011 1750 text.
1038 1700 1062 1750 2.
1086 1697 1256 1752 interibit:
1284 1699 1458 1752 Catholicam
1480 1700 1640 1752 doctrinam
1658 1701 1694 1751 de

10 1795 219 1833 maenium
238 1781 348 1846 erpetit,
366 1779 550 1847 praeclarum
562 1779 711 1846 imperium
723 1777 830 1845 capetit.
858 1778 992 1831 dictincta
1009 1788 1149 1848 poteetate
1168 1784 1357 1836 ecclesiastica
1382 1792 1409 1836 et
1422 1785 1546 1853 politica
1565 1785 1693 1839 Cirirtue

10 1883 21 1920 ι
40 1869 137 1920 annot
160 1870 181 1918 1.
200 1862 276 1918 Petri
294 1871 317 1920 5.
334 1881 360 1934 p.
378 1869 443 1920 533:
464 1864 576 1918 Pascite
592 1881 710 1932 precem.
742 1864 831 1917 Prae·
857 1863 990 1917 hocloco
1009 1865 1118 1932 (nauh.
1140 1874 1181 1924 22.
1194 1870 1259 1923 date
1272 1868 1383 1924 Caesari
1404 1873 1467 1938 ete.)
1480 1871 1585 1923 diserte
1603 1872 1693 1923 docet.

10 1958 104 2023 eptam
122 1951 175 2003 ltoc
197 1950 391 2018 apostolorum
405 1950 547 2021 principia
570 1951 602 2003 in
627 1950 753 2003 omnious
775 1967 830 2002 om-
857 1947 895 2001 Et
911 1955 1024 2018 postea:
1051 1953 1179 2006 Uiriatus
1205 1955 1247 2006 ita
1269 1957 1434 2023 reapondet,
1460 1963 1491 2008 ut
1516 1956 1694 2024 spiritualem

10 2037 71 2090 &aa
89 2037 286 2106 episcoporum
303 2037 380 2089 arilia
398 2037 441 2089 uel
457 2037 553 2090 aureie
572 2037 665 2090 literis
685 2036 829 2104 oportebat
853 2043 1021 2102 ponentem
1047 2046 1105 2092 tam
1121 2057 1217 2106 mam,
1237 2057 1320 2109 arsam
1338 2058 1449 2108 eorum,
1468 2059 1538 2110 quos
1557 2043 1695 2094 mieaurus

10 2123 121 2177 arenti.
160 2122 289 2186 Parcite,
310 2123 417 2191 inquit,
443 2137 569 2191 proaem,
594 2139 650 2175 non
676 2122 832 2193 opprimite,
858 2130 937 2190 erret,
960 2139 980 2175 a
995 2123 1116 2192 politica
1137 2133 1163 2178 et
1179 2127 1262 2194 capia
1278 2127 1441 2180 dutinctam
1459 2127 1609 2182 rtabiliret.

10 2226 51 2263 oa
69 2209 201 2277 oppilate,
221 2209 305 2277 idque
321 2226 376 2261 non
395 2216 492 2262 coacte
511 2209 584 2261 veliet
604 2225 637 2260 ea
654 2209 760 2274 officio,
780 2209 832 2261 sed
893 2213 951 2262 305.
987 2209 1153 2280 Videamus,
1178 2229 1250 2282 quae
1278 2212 1314 2266 sit
1338 2211 1546 2267 Pontificiorum
1572 2213 1608 2267 de
1625 2219 1693 2267 tem·
1708 2216 1809 2255 tattha-

10 2297 153 2349 reiaeero
171 2296 274 2364 affectu
285 2301 532 2363 tanqaampatrer,
551 2311 638 2362 neque
651 2295 743 2362 turpis
758 2293 832 2346 lucri
857 2294 944 2362 parali
978 2300 1116 2364 potestate
1147 2297 1288 2367 pontificis
1329 2303 1358 2352 et
1388 2298 1578 2368 episcoporum
1607 2297 1694 2368 ipsius
1707 2268 1826 2359 iiiiii.

10 2382 100 2444 ralia,
119 2381 204 2448 quari
219 2381 412 2448 praecautione
423 2380 558 2433 ecclesiae
572 2387 680 2450 perlem
692 2381 758 2433 tine
775 2380 831 2433 ori·
855 2380 1000 2435 sententia
1023 2381 1208 2437 Bollarmiuus
1224 2384 1269 2439 lib.
1283 2391 1308 2440 5.
1323 2383 1507 2454 depondio.
1529 2391 1552 2440 1.
1574 2393 1631 2438 trer
1648 2400 1693 2439 ex·

10 2484 107 2534 aram,·
131 2466 252 2533 denique
276 2482 333 2518 non
359 2466 537 2520 dominanter
555 2483 631 2520 more
645 2483 755 2533 repam,
780 2468 832 2518 red
857 2466 974 2520 starede
986 2469 1193 2524 easaetentias:
1204 2475 1224 2526 1.
1239 2488 1382 2532 summum,
1393 2472 1442 2535 ait,
1450 2472 1613 2540 pontificem
1624 2473 1694 2540 jure

10 2552 123 2620 erupto
147 2551 273 2619 parcite,
298 2550 455 2615 benefactie
480 2551 589 2605 vincite.
625 2553 709 2604 Nunc
726 2553 831 2621 mirco-
858 2552 953 2605 divino
971 2553 1072 2606 tatere
1086 2556 1283 2622 plenissimam
1305 2564 1470 2626 potestatem
1488 2559 1519 2610 in
1536 2559 1693 2610 univercum

10 2655 99 2693 »mm
125 2636 227 2705 mslprte
254 2637 326 2690 nulii
359 2636 442 2690 audit
469 2638 505 2690 ab
531 2638 751 2691 airammorian
776 2638 834 2690 nr‘ai
858 2639 952 2691 ortem
970 2646 1111 2693 terrarum
1128 2649 1185 2694 tam
1205 2643 1235 2694 in
1254 2643 1336 2695 rebus
1357 2642 1824 2710 masmimttaii,mmin11u1u.

10 2723 133 2790 taminia,
151 2723 289 2789 ditiones,
307 2724 432 2792 pladioa,
449 2724 552 2792 clavem
567 2731 728 2793 potertater,
748 2733 832 2793 atque
853 2724 991 2791 politiam.
1016 2723 1099 2778 Hanc
1111 2725 1210 2780 tribuit
1220 2726 1387 2797 Augustino,
1407 2727 1569 2797 Ttinmpho,
1581 2728 1693 2796 Altero,

10 2812 60 2865 inc
78 2811 177 2875 fartus
200 2811 377 2877 quorresdam
400 2810 550 2879 plusquam
575 2813 685 2877 repina,
713 2812 832 2864 accedia
859 2809 985 2880 Pelagio,
1010 2809 1168 2875 Hastensi,
1192 2811 1390 2866 Panormitano
1409 2818 1437 2867 et
1455 2813 1518 2867 aliis
1535 2815 1693 2867 canonistis.

10 2898 146 2966 amman
173 2896 324 2962 tyrannica
349 2901 401 2950 ete.
448 2896 555 2950 Auctor
581 2903 649 2952 orat
672 2897 709 2951 ad
737 2915 831 2968 regem
861 2897 887 2950 2.
900 2896 1107 2958 Pontifieanut
1121 2896 1284 2965 pontificem
1304 2905 1330 2949 et
1346 2914 1380 2950 en
1397 2898 1462 2966 iure
1478 2899 1573 2953 {drino
1585 2898 1694 2951 nullam

10 2983 192 3047 amoenum,
210 2982 258 3052 qui
275 2999 305 3037 se
324 2981 497 3037 catholicum
515 2984 639 3038 nominat
656 3001 683 3054 p.
706 2989 744 3039 19.
765 2985 832 3040 edit.
860 2981 961 3033 habere
979 2983 1162 3050 temporalem
1175 2991 1351 3051 potestatem,
1369 3000 1419 3036 nee
1433 3001 1517 3053 poree
1532 2984 1592 3038 ullo
1610 2986 1694 3037 modo

10 3071 99 3142 agel:
126 3068 228 3122 Glauca
253 3086 325 3136 auae
349 3071 428 3122 Deru
457 3070 536 3122 dedit
562 3071 649 3122 Petro
673 3076 701 3121 et
724 3071 831 3123 sanctis
860 3067 1001 3134 imperare
1017 3068 1197 3137 principilia
1214 3069 1395 3137 secularitate,
1416 3072 1518 3123 nedum
1536 3087 1582 3124 eos
1600 3072 1695 3140 requie

10 3158 126 3210 mtribrss
147 3156 353 3208 mcesaorihua
380 3156 457 3223 eiua,
488 3158 529 3207 ad
554 3172 671 3225 repnum
692 3157 832 3210 coelomsm
855 3153 975 3220 privare
980 3173 992 3222 ,·
1019 3169 1069 3206 nee
1099 3155 1212 3208 lienieee
1235 3155 1367 3224 pontifici
1408 3155 1529 3225 aliisque
1556 3157 1696 3227 epz'eeopie

10 3245 133 3297 hntaaat
156 3242 314 3310 pertinent,
332 3243 375 3294 ad
390 3257 505 3308 repnum
527 3247 621 3294 terrae
643 3243 832 3311 nullomodo,
859 3239 988 3307 accipere
1006 3239 1159 3307 temporale
1177 3240 1339 3304 dominium,
1359 3243 1436 3308 quod
1454 3259 1527 3294 nrsne
1548 3243 1648 3295 tabent
1665 3243 1694 3294 in

10 3330 45 3383 lte
62 3330 125 3398 ipse
143 3328 329 3396 omnipotens,
349 3345 410 3380 eum
428 3328 475 3380 liic
491 3328 521 3380 in
540 3329 624 3381 terrie
643 3336 752 3397 operat,
776 3346 832 3381 non
859 3327 999 3392 msaadam
1027 3326 1111 3378 arbec
1144 3333 1170 3378 et
1192 3327 1359 3395 prouincias
1389 3331 1440 3380 ete.
1489 3326 1569 3381 Hane
1595 3325 1695 3381 tribuit

10 3415 118 3469 nstituit
137 3414 278 3479 caadpare
295 3429 385 3481 repca,
401 3431 457 3466 non
475 3430 596 3466 coronas
610 3415 764 3482 effrinpere,
781 3417 834 3467 sed
859 3409 948 3480 nobis,
969 3428 1038 3481 quos
1056 3419 1137 3465 vocat
1154 3410 1314 3466 haereticos.
1348 3415 1375 3465 3.
1396 3413 1559 3476 Pontificem
1577 3422 1608 3466 ut
1622 3431 1693 3482 pon·

10 3507 97 3554 ontra
115 3507 177 3552 tota
193 3499 252 3551 uita
270 3499 361 3567 ipeins
378 3499 436 3561 fnit
454 3499 569 3565 aradam
588 3507 703 3567 apertas
722 3501 832 3553 lumili-
860 3497 958 3563 tificem
978 3514 1034 3550 non
1050 3498 1151 3551 tatae
1169 3498 1276 3551 directe
1293 3506 1319 3552 et
1338 3500 1498 3552 immediate
1518 3499 1608 3552 ullam
1627 3507 1694 3552 tem·

10 3588 64 3640 atre
83 3586 163 3640 liber.
191 3603 219 3656 p.
241 3591 287 3641 ts:
306 3585 533 3653 Propoeitionem
544 3585 635 3652 illam,
655 3587 733 3653 qnod
745 3602 833 3655 penes
856 3583 989 3653 por-alem
1000 3591 1182 3651 potestatem,
1210 3585 1262 3636 red
1278 3584 1370 3637 rolam
1390 3585 1582 3652 spiritualem,
1601 3594 1694 3639 tamen

10 3673 144 3742 iaetifices
168 3672 219 3739 rit,
249 3677 278 3724 ut
300 3686 382 3738 repar
406 3673 640 3725 excommunicent
664 3679 691 3724 et
714 3689 733 3724 a
752 3675 832 3741 jare·
859 3670 969 3722 ratione
982 3668 1143 3740 spiritualia
1154 3668 1256 3722 tabere
1272 3669 1364 3722 aolum
1383 3670 1520 3723 indirecte
1527 3679 1694 3740 potestatem

10 3761 124 3813 arando
143 3775 179 3810 ac
192 3759 254 3826 fide
278 3759 349 3810 data
367 3758 493 3810 eubditos
510 3757 671 3822 alsaieant,
699 3765 833 3827 quotquot
859 3757 1004 3824 mandam
1021 3771 1136 3822 eamque
1155 3771 1290 3807 summam
1313 3757 1343 3806 in
1368 3756 1577 3823 temperatiora.
1612 3757 1694 3811 Hane

10 3865 27 3899 n
44 3863 131 3913 raquo
155 3843 280 3912 Gallico,
299 3860 397 3912 mano
417 3842 607 3896 Christianum
628 3853 677 3907 eet,
695 3845 831 3912 riserunt,
859 3840 928 3895 dicit
945 3857 1005 3919 esee
1023 3856 1196 3895 communem
1208 3839 1597 3906 Catholieorumseutentiam,
1610 3859 1693 3914 quam

10 3931 176 4000 eploserunt
186 3930 262 3983 reiut
276 3931 398 3982 omnium
403 3929 678 3997 perimsloaissimum
690 3937 716 3983 et
727 3947 832 3983 summe
858 3927 918 3997 ipse
939 3941 1052 3997 quoque
1068 3924 1219 3981 defendere
1238 3934 1370 3994 conatur,
1400 3927 1547 3997 pollicetur
1559 3930 1645 3999 igitur
1663 3947 1694 3983 ae

10 4019 190 4071 mereamim
207 4016 290 4069 verto
309 4017 379 4084 Dei,
408 4017 458 4084 aui
479 4017 567 4068 died:
592 4017 718 4083 lisanam
741 4033 831 4070 meam
857 4012 912 4066 tria
930 4013 1191 4066 demonstraturum.
1224 4017 1250 4068 1.
1262 4012 1427 4079 Pontificem
1439 4016 1508 4083 jure
1527 4016 1693 4069 diuinoron

10 4121 50 4157 mn
68 4110 110 4155 eet
124 4103 159 4154 de
171 4101 223 4155 lec
233 4103 346 4166 mundo,
364 4117 450 4170 asper
463 4118 543 4170 assem
557 4102 648 4154 locum
663 4104 735 4169 Aup.
750 4110 831 4158 tract.
858 4100 958 4152 tabere
976 4098 1083 4151 directe
1099 4099 1282 4167 temporalem
1297 4108 1484 4171 potestatem,
1503 4101 1572 4156 illud
1592 4101 1694 4172 probat

10 4193 56 4244 25.
83 4188 114 4240 in
138 4188 205 4242 Joli.
242 4188 348 4240 Audite
376 4187 470 4240 omnia
502 4195 614 4241 terrena
641 4204 745 4256 repra,
774 4201 907 4254 non.per
924 4184 977 4238 tria
990 4184 1085 4253 capita
1103 4185 1258 4254 ostendens,
1271 4203 1381 4255 papam
1392 4203 1449 4239 non
1469 4203 1527 4239 eree
1548 4189 1691 4241 dominnm

10 4275 121 4345 npedio
147 4271 366 4327 dominationem
394 4280 521 4325 vestram.
571 4271 679 4326 Auctor
704 4272 765 4328 libr.
795 4274 831 4329 de
856 4271 942 4324 totiue
967 4271 1043 4325 orlie
1072 4285 1095 4323 e.
1120 4276 1144 4324 2.
1173 4288 1224 4323 nee
1247 4287 1306 4323 eece
1330 4273 1472 4325 dominum
1500 4274 1584 4326 totius
1616 4275 1693 4327 orat

10 4360 93 4415 ecles.
118 4365 148 4414 et
169 4357 226 4428 pol.
251 4363 352 4428 potest.
376 4357 405 4411 in
432 4357 527 4413 Gallia
550 4358 645 4428 scripti
668 4357 710 4414 ed.
728 4359 828 4414 Frane.
860 4356 1015 4410 canuam
1031 4373 1054 4410 e.
1073 4360 1098 4411 3,
1117 4371 1239 4409 necesse
1259 4357 1401 4409 dommum
1420 4359 1510 4412 ullius
1525 4360 1691 4427 prouinciae

10 4462 69 4500 uno
89 4449 164 4501 1612.
182 4462 210 4513 p.
229 4449 271 4498 24.
295 4449 324 4498 ot
348 4459 426 4514 seqq.
450 4443 544 4497 multia
571 4443 730 4514 scripturae
748 4443 831 4500 dietis
857 4451 906 4495 eat
928 4442 1043 4513 oppidi,
1072 4441 1234 4510 nullamque
1261 4441 1363 4495 tatere
1389 4443 1454 4511 iure
1484 4445 1580 4499 divino
1600 4445 1691 4512 jurie-

10 4531 174 4595 Iemoustrat,
187 4529 334 4584 ecclesiam
347 4544 397 4581 nec
406 4529 587 4599 territorium,
606 4546 656 4583 neo
664 4531 717 4597 jur
729 4531 831 4597 pietati,
842 4525 845 4609 i
858 4529 1008 4581 dictionem
1024 4543 1099 4579 mere
1118 4527 1300 4595 temporalem
1326 4542 1351 4579 o.
1369 4534 1395 4583 t.
1408 4537 1572 4599 argumenta
1583 4532 1691 4583 eontra·

10 4617 120 4671 merie
143 4624 193 4669 aut
212 4615 333 4668 alterius
347 4631 457 4684 poenae
475 4616 635 4684 corporalia
655 4617 770 4683 tabae,
795 4613 900 4670 ee‘ria
916 4612 999 4667 solvit
1015 4629 1039 4667 e.
1060 4619 1084 4666 t.
1120 4615 1145 4664 2.
1167 4612 1331 4673 Pontificem
1357 4613 1458 4667 habere
1483 4614 1581 4683 alianto
1599 4616 1690 4683 modo,

10 4703 117 4757 tr'renir
152 4701 353 4756 hereditatibus
387 4718 422 4754 ac
452 4701 677 4770 poesmeionibrm
720 4703 832 4757 minime
858 4701 892 4753 id
909 4707 952 4753 est
968 4699 1080 4751 ratione
1095 4715 1163 4751 suae
1184 4697 1344 4767 spiritualis
1362 4701 1541 4754 monarchiae
1558 4717 1692 4753 summam

10 4788 135 4854 udicare,
154 4788 325 4840 eumanima
340 4787 493 4850 torminum,
522 4789 833 4858 nonterrmaimperia
855 4791 1020 4855 potestatem
1038 4784 1124 4837 etiam
1140 4785 1329 4855 temporalem,
1348 4786 1487 4838 indirecta
1497 4785 1606 4838 seilicet
1617 4785 1693 4855 quod

10 4875 96 4927 mint
120 4891 177 4942 pro
204 4873 341 4941 subiecto,
367 4874 571 4929 ecelerimtieos
596 4893 653 4928 non
679 4878 779 4930 debere
803 4892 833 4928 re
859 4871 980 4942 explieat
1002 4887 1025 4924 e.
1049 4875 1073 4926 6.
1100 4870 1219 4940 probare
1248 4877 1365 4925 conatur
1384 4887 1408 4925 e.
1428 4878 1452 4926 7.
1473 4876 1501 4924 et
1520 4875 1544 4926 8.
1580 4873 1607 4925 3.
1627 4873 1694 4925 Non

10 4961 114 5028 upotiis
132 4960 307 5013 aeeularibur
324 4960 488 5027 immiscere,
509 4964 537 5013 et
555 4958 642 5029 addit,
659 4978 678 5014 a
696 4980 751 5030 quo
766 4971 832 5016 tem·
859 4975 917 5012 ttae
942 4964 1043 5010 contra
1067 4957 1121 5024 jue
1149 4958 1288 5018 divinum,
1319 4959 1396 5025 quod
1423 4956 1550 5026 episcopi
1575 4957 1694 5010 habeam

10 5064 65 5102 *ore
76 5047 249 5099 corstrarium
262 5047 327 5108 fieri
337 5054 472 5115 caeptum,
484 5048 833 5112 maonameeeieeiaaticac
844 5019 847 5081 i
860 5044 945 5098 etiam
962 5051 1027 5097 actu
1046 5051 1071 5096 et
1091 5042 1197 5097 directe
1209 5043 1438 5111 jurisdictionem
1462 5044 1644 5109 temporalem
1663 5044 1693 5096 in

10 5123 175 5200 tieeiplinae'
186 5131 426 5185 conturbationem
444 5146 503 5183 esee
522 5130 701 5188 subsecutam.
732 5133 833 5189 Petrus
859 5132 941 5185 arbee
961 5137 986 5183 et
1000 5130 1165 5203 prouinciis
1191 5129 1245 5182 ribi
1262 5130 1384 5181 donatas
1402 5146 1420 5180 a
1440 5129 1553 5195 rapitur
1570 5130 1614 5182 sel
1633 5129 1693 5181 alio

10 5217 102 5273 ,well
111 5217 330 5287 jurireonsultus
348 5217 376 5270 in
395 5222 476 5271 tract.
496 5214 531 5268 de
548 5215 639 5268 usuris
651 5215 717 5273 edit.
738 5217 833 5273 Calon.
845 5250 847 5257 ,
860 5216 943 5270 titulo
954 5216 1038 5284 juata
1058 5215 1225 5283 nequiciae,
1244 5211 1318 5283 quod
1336 5229 1359 5266 c.
1378 5221 1402 5268 9.
1422 5214 1611 5268 demonstrare
1630 5214 1690 5267 niti·

10 5321 68 5359 uuo
89 5309 165 5360 1564.
182 5303 212 5358 in
228 5307 331 5358 actem.
349 5319 387 5356 e:
418 5302 578 5356 Miroentur
596 5301 696 5367 officia
709 5304 832 5370 politica
861 5307 915 5366 tur,
934 5299 1032 5355 solutis
1049 5299 1219 5371 argumentis
1237 5299 1382 5353 contrariis
1399 5316 1423 5357 e.
1444 5305 1484 5357 10.

10 5389 239 5457 teccleeiartica,
259 5391 336 5457 quod
353 5405 413 5440 cum
427 5390 472 5457 fit,
489 5383 655 5450 differentia
672 5387 744 5440 inter
757 5387 833 5455 poli·
896 5393 955 5442 3⁰6.
993 5385 1025 5439 In
1052 5386 1141 5456 primo
1167 5383 1251 5438 habet
1275 5400 1324 5438 nos
1346 5384 1398 5438 eibi
1423 5385 1608 5439 Bellarmiuus
1627 5382 1692 5455 ὁμο·
