4020 6014
192 270 253 329 522
769 266 897 324 DOOUS
908 264 1113 324 monemus
1131 265 1312 330 QUARTUS

192 425 276 488 atque
296 422 498 489 inconstantia,
522 424 673 494 loquuntur
690 423 762 478 enim
781 422 912 477 historiae
935 426 964 474 et
983 425 1024 475 te·
1050 422 1253 476 recreationem
1273 423 1449 477 louestarum
1470 424 1532 477 loco
1549 423 1694 475 teloneos
1712 428 1740 474 et
1758 421 1789 472 ie
1806 418 1917 487 pria·
1903 427 1994 465 *6666

191 511 281 560 statur
300 507 484 577 experientia,
501 507 632 579 plurimos
650 524 666 562 e
683 508 750 563 sede
768 508 846 578 regia
863 507 1024 561 deturbatos
1051 506 1160 577 cipibus
1182 509 1252 562 uiris
1285 510 1459 576 probandae
1507 508 1596 563 Multa
1618 513 1715 562 contm
1738 511 1890 560 venatores
1903 478 1980 576 ssffnii.

192 588 321 647 fortunae
341 593 420 646 ludos
440 593 554 660 fecisse,
580 595 645 664 quin
666 599 694 648 et
711 593 833 666 tragicos
850 592 1024 692 quorundam
1050 609 1083 647 ac
1102 594 1261 649 venationes
1279 612 1312 650 ex
1329 595 1436 651 effectis
1454 596 1560 650 vitiosis
1577 593 1739 648 alimuntnr.
1775 590 1889 644 ititDis
1902 594 1955 637 m.
1966 595 2002 639 ⁸1²

193 677 403 748 magistratuum
424 679 513 733 exitus
533 678 628 733 fuisse.
660 682 707 734 Er
724 681 834 734 rotioue
848 678 955 749 imperii
975 678 1038 731 ad·
1035 687 1150 767 putant
1168 688 1264 735 contra
1277 682 1392 735 nimium
1406 681 1560 736 venationis
1578 680 1701 734 66661661
1713 678 1797 750 Heig.
1815 695 1842 748 p
1863 668 1916 732 1.¹'
1902 658 1988 757 ,lm

193 763 342 818 ministrati
358 763 423 817 olim
436 763 579 820 reddenda
591 764 736 836 plusquam
750 771 887 820 accurata
920 738 1039 835 Sappt
1037 783 1076 835 q
1106 771 1134 819 15
1167 784 1194 820 n
1218 774 1241 819 6.
1262 766 1294 823 P.
1313 765 1463 834 Gregorius
1488 765 1523 820 de
1550 765 1655 836 republ.
1685 763 1733 819 lib.
1760 770 1801 819 10.
1819 779 1845 816 c.
1862 768 1888 817 6
1902 761 1950 799 ⁶⁸·

192 867 218 905 v.
236 854 261 904 4.
280 855 334 906 cto.
372 853 398 903 3
421 849 556 918 Copuetio
574 852 660 921 liujus
678 859 769 905 status
788 870 849 905 cum
870 852 1037 905 ministerio
1050 851 1147 905 Franc.
1165 851 1365 908 Petrarchede
1381 853 1482 908 remed.
1495 851 1709 922 utriusqueiort
1724 850 1828 920 dialog
1843 854 1887 902 32.

193 936 381 990 manastica
398 936 533 993 etordine
545 937 728 1003 oeconomico,
747 943 857 992 mutuas
878 938 950 992 enim
970 935 1038 990 sibil
1051 936 1129 991 Paris
1149 938 1185 993 de
1202 938 1319 993 Puteo
1311 958 1340 993 ru
1359 946 1439 994 tract.
1457 939 1493 994 de
1511 937 1643 1009 syndic.
1636 955 1664 992 rn
1684 955 1725 1007 pr.
1745 954 1771 993 c.
1794 943 1816 992 1.
1835 952 1887 988 66-

193 1037 290 1092 operas
313 1025 369 1075 tres
392 1023 456 1077 illae
482 1022 651 1078 hierarchiae
670 1024 784 1078 tradunt
810 1029 839 1078 et
854 1025 891 1077 ad
908 1023 1024 1078 salutem
1051 1040 1115 1077 mer.
1133 1029 1175 1080 ³9.
1203 1031 1231 1080 et
1256 1025 1444 1096 sequentibus.
1486 1024 1555 1078 Eam
1581 1025 1609 1078 in
1631 1040 1662 1079 se
1679 1023 1887 1077 consideratam

193 1106 303 1178 generis
321 1107 433 1161 humaui
452 1126 545 1164 omnes
563 1109 706 1165 institutae
718 1118 790 1179 sunt,
809 1117 840 1164 ut
855 1109 1024 1164 ostendimus
1051 1109 1122 1163 inter
1146 1125 1190 1164 res
1219 1108 1407 1165 indifferentes
1435 1110 1499 1181 poni
1523 1117 1607 1181 atoue
1632 1110 1671 1164 its
1695 1127 1729 1164 ex
1751 1114 1888 1178 tempore,

194 1192 229 1247 de
248 1192 348 1247 minist.
366 1190 431 1265 §.l
468 1200 494 1251 l.
513 1196 655 1250 Honestae
673 1196 861 1250 recreationes
880 1195 1124 1266 magistra-'looo,
1148 1211 1279 1264 persona,
1303 1196 1385 1251 modo
1408 1204 1436 1250 66
1461 1213 1547 1251 causa
1571 1195 1675 1252 licitam
1694 1202 1724 1250 et
1741 1195 1888 1249 honestam

192 1278 233 1332 tui
251 1278 407 1347 permissae.
442 1279 512 1334 Cum
530 1282 601 1335 enim
624 1281 788 1353 gravisama
803 1281 911 1352 imperii
931 1279 1132 1353 melealmodo
1156 1280 1281 1345 illicitam
1304 1287 1333 1335 et
1356 1282 1528 1337 inhonestam
1563 1282 1658 1337 haberi
1683 1298 1779 1353 posse,
1810 1286 1888 1337 recte

193 1365 265 1432 quod
285 1365 463 1432 prosectoest
476 1384 544 1420 onus
562 1368 655 1423 Aetna
672 1368 791 1441 muns,
809 1358 1177 1440 gubernatorum⁵statunnt
1202 1367 1340 1422 Lutherus
1367 1369 1395 1421 in
1420 1376 1565 1424 comment.
1593 1369 1630 1423 ad
1657 1386 1681 1423 c·
1712 1374 1754 1424 25.
1783 1366 1887 1423 Genea.

192 1448 313 1503 humeris
334 1451 481 1519 incumbat,
499 1451 561 1508 ideo
579 1454 743 1522 permissum
755 1453 822 1524 ipsis
837 1461 887 1516 est,
909 1459 940 1506 ut
958 1452 1023 1506 libe·
1050 1451 1098 1507 fol.
1127 1458 1184 1510 339.
1219 1452 1301 1522 Heig.
1332 1453 1358 1508 d.
1387 1454 1404 1506 l.
1431 1453 1583 1524 ‘litaquell
1612 1454 1646 1509 de
1672 1453 1757 1508 nobil.
1789 1471 1814 1510 c.
1845 1459 1886 1508 37.

191 1533 304 1603 ralibus,
324 1534 446 1591 honestis
464 1554 498 1591 sc
518 1540 665 1594 moderatis
676 1538 893 1595 recreationibus
907 1538 1024 1593 difficul-
1050 1555 1095 1593 nu.
1118 1537 1220 1593 latit*
1246 1538 1379 1595 Rationes
1391 1539 1606 1609 improbantium
1618 1546 1690 1607 sunt,
1709 1539 1777 1611 quia
1792 1546 1815 1594 1.
1830 1538 1887 1594 Ve-

192 1624 264 1676 tates
289 1621 351 1675 illas
377 1630 532 1694 temperent
553 1643 586 1680 sc
607 1627 677 1681 vires
699 1626 783 1679 animi
803 1631 887 1696 atque
904 1624 1024 1695 corporis
1050 1625 1175 1678 nationes
1198 1624 1235 1678 ad
1253 1626 1448 1679 crudelitatem
1471 1627 1667 1680 mamertium
1685 1624 1885 1680 muefsuunc

193 1706 335 1762 laboribus
353 1709 563 1779 gubernationis
585 1712 732 1767 exhaustas
751 1721 887 1782 reparent.
923 1710 965 1766 Ut
982 1727 1024 1766 ar-
1050 1708 1090 1766 Ut
1105 1710 1177 1764 enim
1200 1710 1377 1765 Domitianus
1395 1712 1572 1782 tyrannidem
1592 1728 1670 1766 suam
1691 1728 1885 1766 amuscarum

192 1810 254 1848 cnm
273 1811 305 1847 ac
322 1794 410 1866 lyram
430 1797 604 1867 remittimus,
623 1815 677 1867 quo
694 1799 791 1853 melius
808 1798 885 1853 tendi
904 1798 1024 1868 possint3
1049 1795 1226 1852 transfixione
1243 1797 1455 1868 auspicabatur;
1471 1798 1511 1851 sic
1534 1798 1581 1868 qui
1599 1797 1719 1852 ferarum
1746 1797 1885 1867 sanguine

191 1880 231 1935 sic
255 1882 362 1935 animus
385 1882 546 1938 liberalibus
569 1885 705 1939 exercitiis
731 1885 910 1952 recreandus,
935 1892 968 1938 nt
987 1883 1023 1937 ad
1049 1881 1188 1953 gaudent,
1216 1881 1336 1937 humano
1361 1884 1443 1938 etiam
1472 1882 1603 1939 delectari
1633 1883 1779 1954 incipiunt.
1826 1886 1886 1937 Per

190 1966 298 2023 labores
317 1970 491 2037 postmodum
521 1970 557 2026 sit
576 1972 709 2043 vegetior.
744 1970 827 2026 Tales
841 1969 1024 2025 recreationes
1048 1968 1206 2022 eeuetioues
1225 1970 1319 2022 auimo
1339 1971 1369 2022 iu
1386 1970 1535 2023 socaitiam
1551 1969 1588 2022 ab
1609 1970 1784 2022 humectate
1802 1971 1884 2038 dege-

191 2060 257 2107 runt
274 2054 437 2125 complures,
456 2063 551 2127 utpote
573 2063 593 2111 1.
611 2057 805 2112 Historiarum
825 2058 915 2112 lectio.
943 2055 1021 2110 Esth.
1048 2061 1164 2107 uereute
1187 2054 1309 2108 homiues
1340 2073 1359 2107 c
1383 2057 1512 2116 ferorum
1539 2062 1627 2109 morte
1658 2056 1831 2124 quotidiana
1855 2057 1886 2106 in

192 2144 217 2207 6,
236 2156 262 2192 v.
285 2146 312 2194 l:
331 2141 448 2195 Noctem
462 2142 542 2195 illam
559 2144 701 2196 ducitres
720 2145 869 2197 insomnem
887 2143 1023 2210 isesitque
1049 2140 1126 2207 ipsos
1145 2157 1253 2209 quoque
1271 2141 1395 2194 homiues
1412 2142 1521 2194 saeuire
1545 2144 1668 2208 audent,
1694 2141 1757 2202 Pet.
1776 2141 1886 2212 Grego-

190 2226 246 2279 sihi
257 2228 374 2291 adferri
392 2228 565 2282 hasterioset
583 2230 701 2283 emmeles
712 2231 844 2299 priorum
863 2237 1024 2298 temporum,
1048 2225 1104 2278 rius
1129 2226 1157 2280 in
1179 2233 1290 2297 syntag.
1313 2235 1363 2280 art.
1388 2225 1484 2282 mirab.
1510 2227 1571 2282 libr.
1595 2233 1635 2282 29.
1661 2227 1745 2298 capit
1775 2235 1797 2282 l.
1820 2226 1887 2281 inde

193 2312 243 2381 gui
259 2312 322 2381 ipso
335 2323 483 2380 praesente
501 2316 665 2381 legerentur.
695 2315 737 2369 Ex
755 2314 803 2370 illa
818 2315 936 2370 lectione
949 2315 1023 2385 prin·
1046 2312 1208 2367 Aristoteles
1219 2311 1265 2368 lib.
1278 2319 1300 2368 l.
1313 2312 1366 2382 pol.
1385 2329 1446 2382 cap.
1459 2319 1483 2369 8.
1496 2314 1552 2368 (166
1564 2312 1669 2368 isthaec
1684 2314 1788 2383 studia,
1801 2333 1885 2368 sessa

191 2413 257 2467 ceps
286 2415 341 2452 non
368 2399 454 2453 solum
483 2400 625 2455 honestam
653 2401 836 2471 voluptatem,
864 2401 913 2456 sed
939 2402 1022 2456 etiam
1048 2400 1132 2452 licem
1154 2408 1180 2452 et
1199 2402 1429 2468 procerrimum,
1453 2400 1605 2471 conjungit.
1651 2401 1814 2467 chatores,
1844 2402 1885 2455 in·

191 2483 338 2538 maximam
351 2486 498 2541 utilitatem
510 2488 651 2558 percipere
663 2488 772 2557 poterit,
791 2489 854 2542 hinc
866 2487 1023 2543 Demetrius
1049 2484 1110 2555 quit
1127 2484 1256 2556 Agrippa
1273 2486 1309 2540 de
1326 2485 1407 2541 vanit
1420 2487 1518 2541 scient.
1538 2503 1561 2540 c.
1575 2492 1614 2541 76.
1628 2487 1739 2554 abjecte
1756 2487 1886 2540 humaui·

191 2568 344 2625 Phalereus
361 2578 432 2626 teste
449 2572 594 2627 Plutarcho
612 2573 641 2627 in
659 2573 789 2644 apophth.
809 2575 915 2630 monuit
931 2573 1023 2629 Ptole-
1049 2579 1104 2624 tete
1137 2573 1194 2641 ipsi
1220 2576 1304 2638 teres
1335 2573 1498 2637 efficiuntur
1527 2590 1688 2641 meumque
1712 2574 1887 2642 predieiosa

192 2672 301 2711 meeum
317 2674 426 2727 regem,
452 2667 482 2711 at
505 2660 717 2713 commentarios
745 2661 780 2714 de
796 2677 883 2729 repuo
901 2678 936 2714 ec
954 2662 1023 2714 scri·
1044 2659 1231 2727 peroersitete
1254 2667 1388 2729 teuqrsam
1411 2660 1537 2713 Actaeon
1562 2666 1706 2712 mittantur
1725 2660 1756 2712 iu
1776 2660 1885 2727 beluas,

187 2750 286 2811 ptores
309 2744 459 2799 historicos
484 2746 539 2798 sili
564 2754 742 2816 recuperaret
771 2754 853 2815 atqsae
879 2747 1023 2815 evolveret,
1049 2761 1105 2814 quo
1122 2745 1242 2816 pertinet
1258 2744 1404 2816 rhythmus
1424 2751 1549 2800 vetustus
1568 2745 1767 2801 Germanicus:

190 2846 256 2882 uem
275 2847 346 2898 quoe
372 2831 458 2884 amici
478 2829 589 2900 regibus
611 2833 748 2901 eiljiceu
770 2850 826 2887 ueu
849 2834 964 2900 eudem,
989 2849 1023 2886 oe
1186 2865 1247 2922 pge,
1267 2865 1311 2936 yffi
1330 2869 1385 2923 bem
1404 2869 1493 2935 gagen
1511 2881 1559 2934 ger
1579 2867 1666 2934 crgcit,

190 2915 222 2968 iu
239 2917 447 2970 commentariis
479 2918 609 2972 doessribt'·
653 2917 813 2989 Alph⁰¹¹¹¹¹⁸
838 2917 931 2973 diem
954 2918 1023 2974 ⁸⁰¹⁶*
1186 2951 1766 3022 6616661616666666666616663616

191 2999 249 3070 hrt,
267 3004 384 3073 optimos
403 3005 585 3058 cenadierios
602 3021 662 3059 esse
680 3013 818 3074 semesos,
837 3003 923 3060 libros
942 3005 1022 3060 intel·

159 3097 162 3101 ’
191 3086 297 3159 ligem,
324 3089 372 3161 qni
398 3105 505 3161 semper
529 3090 621 3144 adsint
646 3090 751 3159 vocati,
780 3089 849 3145 nihil
874 3091 1022 3160 occultent,
1050 3088 1082 3141 ln
1103 3089 1234 3144 daemorm
1264 3093 1354 3144 renat.
1385 3088 1596 3160 spangenberg.
1625 3095 1737 3145 venator
1763 3091 1803 3142 sic
1836 3091 1883 3145 de-

190 3174 258 3229 nihil
270 3176 424 3230 adulentur.
463 3176 537 3239 thid
554 3178 645 3247 scopis
662 3178 775 3231 salrilre
792 3195 828 3231 ac
838 3178 1022 3246 furciferum,
1048 3173 1185 3243 scribitur,
1207 3175 1281 3245 quod
1293 3176 1330 3228 sit
1344 3176 1543 3228 bestiass'deus
1555 3175 1776 3245 superductam,
1795 3194 1884 3229 meua

191 3260 281 3331 inquit
298 3262 394 3316 livius
412 3263 441 3316 in
461 3262 549 3333 praei.
566 3280 641 3331 oper.
660 3281 742 3331 66666
755 3264 845 3316 omum
863 3271 890 3317 te
904 3265 1024 3334 ascripti
1049 3269 1141 3313 666666
1167 3261 1296 3330 bestiam,
1319 3278 1410 3314 sceau
1436 3263 1539 3315 doceas
1558 3262 1671 3315 bestiam
1689 3270 1714 3313 st
1734 3263 1884 3330 insequens

191 3349 357 3402 (1666666666
378 3350 408 3400 iu
432 3349 540 3402 illustri
561 3349 681 3418 posituim
700 3349 814 3413 intueri,
836 3357 866 3403 ut
886 3351 953 3403 iude
971 3352 1024 3402 tibi
1048 3348 1171 3403 bestiam.
1217 3352 1241 3402 2.
1262 3345 1430 3402 Venationes
1455 3349 1555 3400 docem
1573 3348 1760 3401 calliditatem
1778 3348 1884 3418 igenno

190 3439 307 3502 maeque
325 3435 498 3502 reipublicae
516 3436 593 3504 maort
610 3435 725 3498 imitere,
741 3435 858 3504 copies,
877 3436 944 3490 iude
955 3438 1021 3504 soe·
1048 3440 1077 3488 et
1095 3432 1203 3487 liberali
1220 3423 1313 3486 animo
1330 3431 1481 3503 indiguam.
1516 3433 1618 3488 Multas
1637 3433 1800 3487 insidiarum
1820 3450 1883 3503 spe-

191 3520 257 3572 dem
276 3521 392 3589 incepto,
409 3523 525 3584 foedam
545 3522 627 3586 scitu,
645 3524 814 3591 6666161666.
852 3526 877 3578 2.
900 3523 1022 3595 Operum
1048 3521 1104 3574 cies
1123 3524 1281 3574 venatorem
1300 3535 1381 3574 nosse
1400 3525 1524 3588 oportet,
1544 3519 1591 3590 qui
1610 3517 1683 3574 feras
1699 3519 1884 3591 persequitur,

192 3613 312 3660 saturae
338 3607 521 3675 ἐπι-66619666.
563 3607 606 3661 De
632 3607 777 3663 Salomone
799 3614 919 3672 constat,
946 3611 1022 3680 quod
1049 3605 1150 3676 quibus
1170 3604 1277 3659 animus
1297 3606 1382 3659 semel
1399 3605 1522 3660 imbutus
1540 3605 1585 3658 vix
1611 3605 1646 3659 ab
1665 3604 1772 3659 insidiis
1790 3605 1882 3675 proxi-

192 3693 262 3764 regii
281 3693 401 3748 muneris
419 3693 557 3749 molestias
576 3711 668 3749 rerum
687 3694 852 3748 naturalium
872 3695 1022 3767 investiga·
1049 3690 1221 3746 morumsibi
1238 3696 1380 3760 temperat.
1414 3690 1488 3745 Petr.
1498 3689 1650 3761 Gregorius
1669 3691 1694 3746 d
1713 3692 1731 3745 l.
1743 3696 1768 3746 3.
1789 3691 1883 3747 Vena·

190 3777 264 3833 tione
284 3779 444 3835 discusserit
463 3787 484 3835 1.
503 3780 573 3852 Reg.
593 3787 625 3848 t,
643 3797 667 3834 v,
688 3785 735 3834 33:
756 3781 918 3849 Disputeeit
936 3799 1022 3852 super
1049 3783 1122 3831 tores
1141 3777 1264 3844 intrariae
1279 3777 1408 3843 irrogant
1420 3793 1549 3848 agrorum
1561 3783 1589 3831 et
1602 3779 1741 3847 sylvarum
1755 3777 1883 3844 dominis,

191 3864 277 3934 liguis
291 3884 310 3916 u
324 3868 416 3933 cedro,
437 3883 508 3936 quae
520 3868 550 3919 iu
562 3868 680 3935 Libuuo,
699 3883 787 3935 argue
805 3869 846 3920 ed
865 3868 1022 3936 hyssopum,
1049 3864 1191 3917 vinearum
1209 3862 1355 3931 fructibus,
1374 3862 1442 3933 satis
1460 3880 1494 3917 ac
1505 3863 1621 3919 novellis
1639 3864 1748 3934 plantis.
1780 3869 1805 3919 t.
1827 3868 1883 3919 Es-

191 3966 262 4019 qtsos
281 3952 425 4016 egreditur
444 3955 480 4005 dc
494 3954 616 4021 pariete,
640 3961 666 4004 et
684 3953 819 4006 disseruit
838 3956 873 4006 de
886 3955 1023 4021 jumentis
1049 3950 1173 4003 66616666
1190 3957 1215 4001 et
1241 3966 1328 4001 ouere
1357 3949 1479 4001 marimo
1498 3950 1617 4003 motuis
1641 3951 1799 4020 impouuut,
1823 3950 1884 4005 sive

191 4045 218 4091 et
247 4037 404 4091 uelitaribus
432 4046 458 4092 et
488 4040 634 4107 reptilibus
666 4047 692 4092 et
720 4040 855 4109 piscibus.
903 4040 1022 4096 carebit
1048 4051 1130 4090 canes
1150 4035 1207 4088 sint
1223 4034 1329 4102 alendi,
1357 4034 1414 4088 sive
1438 4034 1572 4105 pabulum
1598 4033 1663 4089 feris
1681 4034 1883 4105 praebendum,

190 4128 283 4177 tamen
302 4122 439 4194 princeps,
456 4140 491 4178 ne
510 4125 612 4193 imponi
631 4123 685 4178 sibi
700 4125 821 4194 patiatur
833 4127 869 4180 ab
886 4126 941 4180 illis
955 4127 1022 4180 cini-
1049 4121 1107 4175 sive
1124 4120 1295 4191 vigilandum
1314 4121 1342 4173 in
1362 4120 1453 4173 media
1472 4119 1561 4174 hieme
1581 4120 1617 4173 ad
1629 4121 1707 4187 retia
1728 4121 1882 4192 sivepost·

191 4207 326 4276 flonibus,
355 4209 601 4280 pseudochymicis.
622 4210 669 4281 qui
687 4211 858 4266 metallorum
877 4211 905 4266 16
925 4230 1021 4266 aurum
1048 4207 1149 4262 habitis
1168 4207 1259 4276 operis
1274 4207 1384 4261 rusticis
1396 4205 1539 4261 venatoria
1547 4206 1732 4261 instrumenta
1747 4207 1776 4261 in
1794 4208 1882 4262 alium

192 4293 461 4351 mmomsuonem
480 4295 654 4366 pollicentur,
672 4314 735 4350 cum
747 4296 800 4365 ipsi
814 4306 934 4351 mtrema
950 4298 1022 4352 aeris
1048 4293 1138 4347 locum
1168 4292 1367 4347 manderenda
1418 4296 1442 4345 5.
1472 4291 1614 4345 Periculsh
1641 4291 1724 4361 longe
1750 4295 1882 4348 menimis

192 4385 221 4434 et
238 4381 346 4451 argenti
365 4382 461 4453 inopia
479 4383 617 4450 laborent,
638 4383 673 4436 de
693 4400 808 4453 quorum
828 4383 973 4437 fraudibus
992 4384 1022 4437 in
1048 4395 1107 4431 sese
1135 4387 1287 4447 eepouuut,
1314 4380 1379 4432 dum
1405 4394 1456 4448 per
1482 4383 1588 4433 montes
1612 4383 1640 4432 et
1663 4378 1748 4433 valles
1773 4397 1808 4434 ac
1832 4399 1882 4450 per

193 4466 315 4539 peculari
339 4474 459 4522 tractatu
489 4467 654 4524 Germanico
683 4468 797 4540 egimus.
846 4473 873 4524 3.
897 4471 1022 4523 llosices
1048 4471 1197 4535 praerupta
1219 4466 1325 4518 viarum
1351 4463 1507 4519 errabunda
1524 4462 1645 4519 feranim
1663 4473 1818 4534 sequuntur
1835 4483 1877 4522 ve·

129 4542 134 4551 ¹
193 4553 349 4610 6616666616.
386 4553 525 4624 Propheta
542 4555 634 4626 regius
652 4555 861 4626 gubernationis
879 4555 1021 4610 laboribus
1049 4551 1139 4621 stigio.
1175 4551 1323 4604 Autricum
1347 4553 1498 4620 irrepsi-utor
1524 4550 1596 4604 iuter
1619 4550 1776 4606 venandum
1796 4552 1882 4625 fregit

192 4637 361 4709 defatigatus
389 4641 521 4694 citharam
548 4642 645 4711 arripit
669 4659 702 4696 ac
731 4642 827 4697 laudes
853 4641 914 4697 Deo
937 4642 1021 4700 canit.
1048 4638 1191 4692 humerum
1211 4644 1239 4692 et
1258 4655 1321 4693 crus
1339 4654 1428 4709 paene
1445 4637 1581 4692 contrivit
1617 4638 1881 4710 Basiliusimpera-

192 4731 216 4779 l.
241 4726 366 4793 Venatio,
385 4726 420 4779 de
438 4744 495 4797 qua
510 4728 593 4797 paulo
611 4737 674 4797 post
694 4728 806 4783 uberius
824 4728 939 4798 dicetur,
959 4729 1024 4783 ledi
1049 4733 1127 4778 tora
1153 4741 1234 4779 cervo
1258 4725 1288 4777 in
1311 4740 1415 4778 cornua
1433 4724 1559 4778 sublatus
1579 4724 1615 4777 ad
1634 4731 1735 4778 terram
1753 4741 1810 4780 non
1827 4728 1880 4781 nisi

192 4813 347 4878 militares,
380 4815 512 4866 coercitio
537 4814 678 4883 equestria
700 4822 728 4868 et
751 4831 822 4884 quac
848 4821 914 4868 sunt
940 4816 1022 4885 hujus
1050 4817 1173 4865 mortuus
1201 4811 1340 4877 rediisset,
1374 4810 1425 4863 nisi
1454 4809 1570 4864 discisso
1596 4809 1688 4865 balteo
1715 4827 1731 4865 a
1759 4813 1880 4882 quodam

192 4898 300 4969 generis
328 4898 485 4967 complura,
519 4898 546 4952 in
574 4899 674 4970 quibus
700 4901 827 4954 omnibus
852 4906 881 4954 et
906 4901 1022 4973 singulis
1050 4898 1237 4968 apparitorum
1260 4896 1393 4952 liberatus
1425 4894 1530 4950 fuisset
1580 4896 1653 4962 Quid
1671 4898 1827 4952 Freucs'sco
1856 4899 1882 4954 1.

191 4984 303 5040 cavebit
323 4985 464 5056 princeps,
481 5002 516 5041 ne
533 4985 678 5058 ἡδύσματα
695 4986 764 5041 11666
785 4989 936 5060 ἐδέσματα,
954 5003 1024 5042 neve
1051 4981 1160 5037 Galliae
1185 4982 1260 5053 regi,
1288 4983 1488 5036 llecimilieuo
1511 4983 1553 5037 11.
1580 4982 1738 5052 imperatori
1767 4991 1796 5039 et
1820 4985 1883 5039 aliis

192 5071 375 5127 recreationes
389 5071 559 5143 degenerent
573 5073 601 5126 in
616 5074 928 5145 exercitiaquotidiana,
948 5090 1022 5127 cum-
1051 5069 1176 5138 dynastis
1203 5069 1231 5121 in
1258 5068 1403 5123 venatione
1431 5069 1575 5140 obtigerit,
1605 5070 1633 5122 in
1659 5069 1760 5140 vulgus
1785 5076 1883 5127 notum

192 5158 288 5226 primis
308 5174 388 5224 vcro,
416 5175 450 5213 ne
469 5159 707 5213 administratione
726 5160 857 5214 divinitus
879 5159 931 5214 sibi
950 5176 1023 5214 com·
1051 5160 1100 5209 est.
1139 5156 1289 5225 Exponunt
1306 5155 1389 5211 etiam
1408 5171 1467 5210 sese
1480 5155 1587 5210 insidiis
1601 5155 1729 5220 hostium,
1747 5157 1813 5211 dum
1826 5175 1882 5214 non

192 5243 275 5298 missa
294 5243 322 5296 in
340 5243 555 5298 consiliariorum
575 5244 703 5299 humeros
715 5245 824 5316 penitus
842 5247 946 5316 rejecta
964 5246 1024 5315 ipse
1036 5296 1039 5307 ,
1052 5242 1118 5295 satis
1138 5246 1278 5311 spectatae
1295 5240 1360 5295 fidei
1379 5241 1533 5296 hominibus
1552 5258 1581 5296 se
1600 5241 1764 5312 immiscent,
1782 5260 1815 5298 ac
1833 5262 1884 5315 per

192 5331 300 5386 interim
332 5331 519 5400 voluptatibus
549 5338 577 5386 et
604 5332 821 5387 recreationibus
847 5349 907 5387 sese
935 5337 1023 5386 totum
1051 5329 1144 5399 sylvas
1160 5327 1302 5398 saltusque
1319 5335 1349 5381 et
1369 5345 1418 5397 per
1436 5328 1544 5382 deserta
1562 5327 1682 5382 terarum
1695 5328 1746 5384 soli
1759 5332 1884 5398 quando·

192 5418 293 5473 66666,
1052 5431 1105 5486 que
1131 5419 1276 5484 vagantur.
1320 5414 1393 5470 Vide
1418 5414 1627 5486 Spengenherg.
1656 5417 1693 5471 im
1718 5418 1884 5487 3696666161.

69 5507 179 5562 outae
228 5507 287 5557 429.
324 5501 473 5567 Quaeritur
497 5501 549 5556 boc
571 5502 631 5558 loco
659 5510 680 5559 1.
721 5505 768 5557 Au
784 5503 944 5557 remtieues
967 5503 1022 5556 siut
1053 5505 1079 5557 6.
1097 5502 1182 5557 Boua
1201 5502 1268 5572 fisci
1286 5501 1459 5571 principalis
1476 5509 1502 5554 et
1525 5503 1699 5556 solidorum
1716 5505 1835 5557 ardue
1853 5507 1884 5558 iss
