4020 6014
205 385 266 443 aas
465 338 468 345 Δ
784 370 1328 438 nocusvrcasruusounnnus

204 532 363 599 adspectas
382 531 443 598 ejas
462 548 579 598 maanus
595 546 669 599 proc
687 530 772 582 sociis
794 527 861 582 sais.
899 527 938 581 At
960 527 1040 580 Anti·
1068 527 1149 580 modo
1168 527 1328 594 succedunt,
1351 535 1382 580 ut
1400 529 1481 583 duret
1497 536 1626 599 quartum
1646 545 1733 598 usque
1757 529 1793 582 ad
1812 529 1905 583 novis-

205 616 290 670 ochus
310 615 471 685 Epiphanes
489 624 548 670 erat
572 632 689 686 magnus
715 631 848 676 nascens,
876 613 941 683 quia
960 613 1039 666 Anti·
1067 614 1166 666 simum
1191 613 1278 677 diem,
1312 631 1366 684 quo
1388 632 1476 686 usque
1494 617 1577 671 etiam
1595 633 1626 668 se
1645 615 1768 669 extendit
1786 624 1906 686 utraque

205 700 267 755 ochi
287 701 380 772 Magni
399 700 471 754 iilius
492 702 553 760 fuit.
573 718 624 754 nec
639 702 728 770 major
741 699 853 770 reliquis
871 699 966 760 evasit,
987 699 1041 751 imo
1070 698 1139 752 visio
1160 704 1219 752 tum
1238 700 1400 769 prophetae,
1421 707 1479 754 turn
1498 703 1557 772 regi
1577 702 1686 763 oblata,
1705 701 1733 752 id
1752 701 1829 771 quod
1851 701 1906 756 evi·

206 802 240 840 ne
260 803 312 855 par
329 787 440 855 quidem
460 783 585 855 parenti}
610 786 699 857 qualis
727 792 876 856 antequam
900 801 917 838 a
942 785 1041 838 Roma·
1070 784 1167 837 denter
1186 785 1270 838 etiam
1288 786 1429 856 colligitur
1451 805 1482 842 ex
1508 787 1678 842 connexione
1700 804 1726 841 v.
1754 792 1795 841 34.
1814 792 1843 841 et
1864 793 1906 843 44.

206 871 249 924 nis
269 889 371 944 magna
389 872 466 943 regni
496 877 575 942 parte
599 878 759 939 exueretur,
788 870 902 926 exstitit.
941 875 966 926 5.
986 872 1043 923 Res
1070 885 1134 922 cum
1152 871 1279 938 praeced.
1301 891 1326 928 v.
1349 872 1420 926 Dan.
1440 879 1470 941 2,
1489 891 1514 924 v.
1535 882 1559 928 9.
1580 880 1608 927 et
1629 879 1670 928 22.
1693 890 1755 926 cum
1776 874 1906 942 praeced.

206 966 306 1026 pectas.
342 958 386 1015 De
403 959 543 1012 corniculo
561 960 608 1012 illo
629 960 738 1025 dicitur,
757 958 831 1028 quod
851 959 908 1010 tria
937 974 1043 1009 corana
1070 956 1142 1008 Dan.
1173 963 1197 1010 1.
1232 959 1259 1012 3.
1290 960 1335 1010 Ec
1359 960 1526 1030 prophetiae
1551 961 1686 1013 Danielis
1714 978 1776 1012 cnm
1803 977 1906 1028 apoca-

208 1062 241 1097 ec
268 1047 362 1098 decem
387 1045 514 1097 cornibus
534 1046 638 1098 bestiae
664 1045 701 1096 sit
726 1045 886 1096 eoalcarnm
904 1060 928 1095 v.
949 1047 973 1097 8.
991 1040 1043 1095 hoe
1071 1041 1146 1112 lypsi
1158 1041 1300 1095 lobannis
1318 1044 1476 1098 collatione.
1503 1044 1545 1099 Ea
1564 1044 1637 1098 enim
1656 1043 1799 1098 evidenter
1817 1050 1907 1099 osteu-

151 1188 154 1193 ,
208 1135 252 1185 est
270 1137 327 1183 trec
345 1147 423 1198 repes
441 1131 651 1183 humiliaturum
681 1147 707 1184 v.
738 1135 779 1184 24.
816 1128 854 1182 At
878 1144 929 1182 nec
948 1128 1043 1180 decem
1071 1125 1120 1194 dit,
1141 1143 1195 1180 non
1214 1143 1330 1198 regnum
1349 1146 1537 1184 successorum
1557 1130 1718 1197 Alexandri,
1739 1130 1788 1183 sed
1806 1130 1907 1185 Roma-

209 1233 312 1271 cornua
330 1215 359 1268 in
373 1215 525 1270 Alexandri
545 1215 766 1274 successoribus,
792 1231 843 1268 nee
869 1214 923 1268 tria
942 1228 1045 1266 cornua
1071 1227 1134 1265 nam
1153 1214 1338 1267 monarchiam
1350 1232 1400 1283 per
1420 1223 1547 1284 quartam
1566 1216 1683 1269 bestiam
1695 1215 1794 1270 notari.
1820 1216 1906 1286 Apud

208 1302 238 1356 in
264 1301 417 1356 Alexandri
446 1300 665 1365 successoribus,
698 1318 749 1355 nee
775 1301 829 1354 tria
856 1316 960 1353 cornua
987 1300 1045 1352 sive
1073 1296 1219 1352 Danielem
1233 1305 1334 1369 quarta
1350 1299 1440 1355 bestia
1453 1300 1494 1354 sic
1507 1300 1681 1367 describitur,
1702 1301 1777 1370 quod
1791 1303 1907 1355 adscen-

210 1405 297 1458 regna
315 1405 348 1441 ex
369 1388 423 1441 illis
445 1386 481 1440 ab
500 1385 647 1456 Epiphaue
668 1387 785 1440 decussa
809 1385 955 1440 monstrari
982 1400 1043 1454 pos·
1072 1383 1147 1434 derit
1173 1402 1187 1436 e
1213 1387 1289 1438 mari
1308 1384 1381 1443 Dan.
1402 1392 1432 1449 l,
1459 1403 1484 1438 v.
1512 1394 1535 1439 3,
1555 1387 1631 1456 quod
1650 1388 1739 1448 faerit
1763 1388 1908 1451 terribilia,

210 1479 282 1526 sunt.
321 1474 422 1529 lunius
445 1472 569 1527 nominat
598 1478 617 1526 l.
643 1473 832 1526 Ptolemaeum
857 1471 1045 1541 Philopatore,
1070 1470 1267 1532 formidabilia
1296 1489 1330 1524 oc
1356 1472 1456 1539 sortis,
1483 1474 1642 1535 comedens,
1673 1474 1860 1527 comminuens
1883 1481 1908 1526 et

194 1565 234 1614 ·2.
255 1559 403 1614 Seleucum
421 1558 610 1627 Philopatore,
627 1564 650 1613 3.
670 1558 841 1613 Demetrium
858 1557 956 1611 filium.
995 1557 1044 1610 At·
1072 1557 1240 1610 conculcem
1259 1575 1283 1610 v.
1304 1564 1328 1613 7.
1349 1559 1453 1611 labens
1471 1576 1577 1611 cornea
1596 1560 1690 1612 decem
1711 1579 1736 1615 v.
1762 1560 1823 1616 eod.
1842 1562 1908 1612 den·

211 1645 259 1716 qui
278 1645 436 1700 Demetrius
453 1652 516 1715 post
528 1645 703 1716 Epiphanem
720 1645 855 1716 regnavit,
874 1662 941 1715 ergo
960 1661 1044 1699 cornu
1072 1649 1113 1694 tea
1130 1643 1243 1706 ferreos
1261 1651 1287 1696 et
1304 1660 1409 1711 unques
1427 1660 1528 1696 aeneos
1547 1662 1572 1696 v.
1596 1648 1635 1699 19.
1656 1644 1697 1698 23.
1724 1645 1805 1700 simili
1825 1647 1907 1702 modo

210 1733 262 1786 boc
280 1748 336 1785 non
353 1731 409 1785 fuit
428 1731 463 1784 ab
481 1732 629 1801 Epiphaue
650 1731 799 1800 dejectum.
824 1731 970 1786 Praeterea
988 1747 1045 1783 cor·
1073 1726 1239 1782 describitur
1265 1729 1355 1784 bestia
1381 1731 1539 1783 decicornis
1558 1730 1647 1799 Apoe.
1674 1738 1718 1799 13,
1743 1750 1769 1788 v.
1790 1739 1814 1788 2.
1835 1733 1908 1803 quod

210 1832 267 1872 nna
285 1818 394 1886 deJ‘ecta
414 1818 537 1887 oportuit
556 1826 621 1871 ante
640 1833 758 1890 regnare
772 1822 800 1872 et
819 1817 848 1870 in
867 1834 980 1871 numero
999 1816 1045 1869 de·
1057 1822 1060 1879 Ι
1072 1814 1161 1876 fucrit
1179 1815 1280 1867 sirudis
1296 1817 1400 1884 pardo,
1419 1817 1494 1886 quod
1517 1819 1626 1880 fuerint
1648 1820 1736 1884 redte
1756 1819 1818 1886 tjw
1838 1820 1910 1872 ticet

210 1921 269 1958 cem
289 1919 423 1957 cornuum
439 1903 546 1958 bestiae
559 1905 649 1957 locum
668 1904 744 1975 prius
757 1904 867 1958 habere.
903 1903 968 1958 lam
981 1919 1045 1956 vero
1069 1900 1159 1966 pedes
1175 1900 1236 1951 ursi
1261 1908 1287 1952 ct
1314 1917 1345 1953 os
1368 1902 1431 1968 circs
1454 1902 1525 1954 cion
1545 1921 1575 1955 oc
1594 1903 1683 1956 bonis
1709 1921 1735 1957 v.
1753 1911 1777 1960 2.
1796 1905 1849 1959 hoc
1868 1912 1909 1960 est

210 1989 368 2043 Demetrius
390 1995 453 2043 ante
473 1989 642 2043 Antiochum
664 1988 839 2060 Epiphanem
866 2006 921 2043 non
947 2005 1046 2058 regna·
1073 1982 1147 2052 quod
1165 1985 1251 2038 instar
1268 1986 1355 2040 leonis
1373 1988 1576 2057 comminuerit,
1601 1990 1687 2043 instar
1711 1991 1768 2044 ursi
1795 1992 1909 2046 devora·

210 2075 264 2140 vit,
295 2080 365 2128 team
388 2074 510 2145 Josepho
534 2075 595 2128 libr,
625 2080 663 2129 12,
691 2075 820 2145 antiquit,
847 2092 908 2144 cap,
938 2080 976 2129 15,
995 2090 1046 2127 nea
1074 2068 1158 2137 verit,
1192 2070 1280 2125 instar
1304 2074 1385 2141 pardi
1411 2074 1593 2137 conculcarit,
1621 2075 1693 2128 siout
1719 2077 1802 2129 etiam
1833 2079 1907 2146 apud

211 2161 271 2232 ipse
295 2160 396 2221 lunius
422 2158 594 2215 Demetrium
623 2162 696 2215 inter
716 2161 811 2216 decem
839 2177 944 2215 cornua
961 2160 1046 2228 ponit.
1074 2155 1218 2210 Danielem
1237 2175 1262 2210 v.
1287 2163 1326 2212 12.
1344 2160 1482 2229 reliquum
1507 2162 1664 2221 bauionem,
1692 2162 1779 2215 leonis
1805 2163 1909 2218 scilicet

212 2247 334 2301 Polanus
367 2246 427 2300 loco
446 2247 580 2301 Demetrii
606 2247 685 2316 ponit
710 2247 880 2302 Antiochum
905 2246 1047 2316 Magnum,
1075 2241 1219 2309 violentia,
1250 2245 1306 2297 ursi
1339 2246 1508 2300 truculentia
1538 2253 1566 2301 et
1595 2248 1675 2317 pardi
1704 2249 1821 2302 saevitia
1845 2248 1908 2302 huic

212 2338 242 2386 at
262 2332 285 2386 is
302 2349 357 2386 non
376 2349 393 2385 a
412 2331 477 2399 filio,
499 2333 547 2386 sed
565 2350 583 2386 a
601 2332 733 2387 seditiosa
748 2333 831 2401 plebe
846 2333 901 2387 fuit
918 2333 1046 2387 interem-
1075 2334 1190 2396 quartae
1211 2330 1316 2383 bestiae
1335 2330 1503 2386 attribuitur.
1542 2332 1624 2395 Quod
1642 2340 1734 2387 autem
1754 2333 1908 2388 decicornis

212 2426 267 2486 tus,
286 2425 357 2473 teste
374 2418 487 2473 ,justino
506 2417 565 2473 libr.
585 2423 627 2473 32.
650 2418 809 2489 Brugtonur
822 2417 947 2471 nominat
968 2423 987 2471 ι,
1000 2417 1048 2471 se.
1074 2410 1122 2465 illa
1146 2411 1236 2468 bestia
1260 2416 1335 2484 apud
1356 2416 1512 2471 iohannem
1531 2417 1644 2472 denotet
1661 2418 1815 2473 Romanam
1832 2437 1908 2474 mon·

213 2507 322 2560 leucum
339 2502 524 2573 Philopatore,
539 2509 563 2558 2.
577 2502 665 2557 filium
681 2505 741 2574 ejus
752 2502 933 2570 Demetrium,
946 2510 970 2558 3.
984 2502 1048 2555 Phi·
1072 2497 1207 2567 archiam,
1245 2501 1386 2572 colligitur
1416 2519 1449 2555 ex
1479 2519 1524 2570 eo,
1553 2504 1626 2574 quod
1646 2505 1735 2574 Apoc.
1764 2511 1806 2574 l'l,
1839 2525 1864 2562 v.
1885 2513 1908 2562 9.

213 2592 372 2645 lometorem
390 2589 513 2660 Aegypti
539 2605 641 2659 regem.
676 2587 715 2641 At
741 2606 793 2643 nee
812 2588 978 2652 Demetrius,
998 2605 1048 2642 neo
1074 2593 1177 2652 septem
1195 2588 1301 2655 capita,
1326 2605 1398 2657 qnae
1418 2588 1456 2641 illi
1476 2589 1650 2653 tribuuntur,
1669 2592 1844 2660 explicantur
1861 2610 1911 2663 per

213 2676 383 2730 Philometor
401 2675 437 2730 ab
455 2675 603 2746 Epiphaue
622 2676 750 2744 evolans,
768 2691 832 2729 cum
851 2680 969 2744 uterque
987 2682 1049 2745 post
1075 2678 1179 2737 reptem
1198 2680 1310 2728 monta.
1352 2673 1439 2744 Atqui
1459 2675 1494 2728 de
1509 2675 1600 2729 Roma
1620 2683 1738 2746 constat,
1757 2679 1832 2750 qnod
1849 2695 1910 2748 sep-

213 2763 303 2833 ipsum
323 2760 458 2832 regnarit,
485 2760 656 2815 Philometor
680 2761 764 2815 etiam
788 2778 851 2814 cum
877 2777 910 2815 eo
933 2767 961 2815 et
984 2765 1049 2815 ante
1075 2763 1132 2811 tem
1151 2765 1258 2813 montes
1279 2759 1386 2815 ambitu
1406 2778 1456 2814 suo
1476 2761 1616 2826 includat,
1636 2765 1709 2817 unde
1727 2764 1807 2820 Maro
1826 2766 1860 2819 de
1878 2782 1910 2820 ea

214 2864 291 2916 eam,
330 2855 361 2902 ut
396 2864 428 2901 ex
467 2847 662 2919 chronologico
695 2847 802 2901 calculo
831 2846 994 2902 Helveticae
1020 2846 1050 2899 in
1077 2843 1167 2895 canit:

212 2933 327 3032 37⁰⁰P⁸i
347 2933 518 3031 defluam
537 2948 634 3030 ΨΜ·
654 2931 747 3002 imper·
770 2951 797 3003 p·
820 2938 845 2987 ‘¹'
862 2933 970 3002 ΨΜ·
1005 2931 1050 2985 De
1115 2962 1225 3032 Septem
1245 2982 1315 3032 queste
1332 2984 1390 3018 ana
1409 2967 1463 3018 cibi
1485 2985 1562 3020 cratero
1581 2961 1768 3023 circumdedit
1787 2988 1875 3025 arces.

215 3020 355 3076 eormculo
383 3019 431 3073 rllo
466 3019 636 3088 praedrcrtur
667 3037 691 3073 v.
728 3025 769 3074 25.
802 3020 877 3089 quod
909 3035 1050 3072 ammones

215 3114 313 3162 contra
333 3105 468 3159 eccelcrm
485 3106 616 3173 loquetur
639 3113 667 3158 et
694 3112 806 3158 sanctor
835 3103 970 3157 altissimi
988 3122 1050 3158 con·
1076 3105 1104 3155 et
1122 3101 1297 3170 Propertius:

215 3200 285 3246 mel
305 3201 330 3244 α
350 3191 482 3288 wilaf&
493 3199 602 3243 mutare
620 3197 748 3258 wmpm'a
764 3198 789 3243 a
807 3191 902 3259 lewa·
929 3190 970 3289 Al
981 3190 1049 3244 haec
1114 3221 1225 3290 Septem
1245 3223 1311 3274 urbs
1331 3223 1392 3275 citu
1404 3225 1493 3292 jopia,
1511 3225 1562 3278 toti
1579 3241 1649 3293 qaae
1664 3229 1812 3295 praecidet
1830 3231 1899 3283 orbi.

215 3294 270 3331 non
289 3282 346 3331 tam
363 3277 503 3330 Antrocho
515 3291 598 3347 quam
611 3275 719 3330 Turcae
734 3278 901 3346 competunt,
919 3293 967 3347 qur
981 3282 1050 3330 tem·

215 3380 283 3435 pora
312 3364 340 3416 in
367 3361 486 3433 algieras
514 3365 543 3416 et
568 3361 658 3431 legem
686 3361 715 3414 in
739 3363 896 3416 alcoranum
922 3362 1050 3416 mutavit.
1077 3361 1228 3414 Praeterea
1258 3360 1358 3412 rraalier
1391 3360 1517 3412 insidens
1548 3359 1651 3413 leniae
1680 3363 1720 3416 sic
1757 3365 1912 3435 explicatur

216 3452 241 3503 6.
260 3451 417 3518 Adjrmcta.
451 3448 625 3502 Tribuuntur
639 3449 778 3502 corniculo
791 3449 868 3501 oculi
881 3449 964 3517 mensi
977 3448 1053 3502 ccccli
1079 3446 1194 3516 Apocal.
1217 3451 1263 3509 17,
1291 3462 1317 3497 r.
1340 3449 1378 3499 18.
1405 3446 1479 3515 quod
1506 3446 1541 3497 eit
1570 3447 1668 3501 cicitm
1688 3467 1791 3516 mapna
1809 3453 1912 3506 habena

217 3537 344 3604 hominis,
361 3535 409 3604 qui
429 3534 602 3605 vigilantiam
620 3535 648 3588 in
670 3534 775 3604 imperii
795 3534 896 3588 finibus
917 3535 1051 3605 augendis
1077 3549 1194 3600 repnam
1217 3547 1304 3599 cuper
1328 3547 1406 3598 repen
1430 3539 1529 3587 temes.
1565 3534 1605 3586 At
1631 3540 1756 3604 tempore
1774 3538 1911 3594 iohannis

218 3628 246 3677 et
265 3620 468 3675 affectationem
489 3619 637 3690 singularis
655 3618 835 3673 humanitatis
848 3627 952 3687 notant,
974 3626 1003 3674 et
1020 3638 1051 3672 os
1078 3618 1155 3673 nulla
1172 3617 1238 3672 urbs
1256 3615 1312 3669 alia
1330 3632 1412 3686 qnam
1425 3616 1514 3670 Roma
1526 3619 1700 3674 monarchiae
1719 3629 1838 3692 quartae
1855 3641 1912 3680 me·

217 3709 334 3776 loquens
352 3706 485 3773 prandia,
505 3721 560 3775 quo
579 3711 710 3760 notantur
727 3706 915 3774 blasphemiae
933 3707 1051 3776 pseudo·
1079 3703 1193 3774 tropolis
1215 3702 1359 3771 imperium
1380 3702 1408 3755 in
1427 3719 1506 3772 reges
1530 3712 1620 3759 terrae
1639 3705 1745 3760 habuit.
1783 3710 1912 3782 Denique

218 3792 411 3864 propheticae,
435 3790 530 3861 qualia
552 3809 607 3845 non
631 3798 688 3845 tam
708 3791 736 3845 in
753 3792 916 3862 Epiphaue,
939 3797 1052 3862 proptor
1079 3791 1157 3845 color
1180 3790 1325 3842 coccineas
1349 3807 1374 3844 v.
1394 3796 1417 3845 3.
1439 3789 1503 3844 huic
1521 3791 1626 3845 bestiae
1652 3793 1815 3864 attributus,
1844 3798 1912 3869 qnid

219 3878 412 3934 crudelitatem
439 3875 573 3946 Epimane
598 3876 686 3939 dicto,
712 3895 796 3947 quam
823 3878 851 3931 in
878 3878 972 3932 'lurca
991 3895 1052 3949 reg·
1079 3875 1154 3930 aliud
1173 3881 1252 3929 notat
1270 3891 1353 3946 quam
1374 3875 1600 3946 sanguinolentas
1614 3879 1828 3949 persecutiones,
1842 3900 1912 3954 quas

219 3982 285 4020 uum
305 3963 432 4033 primitus
450 3961 600 4017 affectante
626 3969 654 4016 et
679 3963 707 4016 in
734 3963 863 4017 alcorano
891 3963 1052 4033 blasphema
1079 3969 1138 4015 tum
1157 3962 1193 4016 ab
1212 3962 1425 4031 imperatoribus
1442 3961 1574 4016 Romanis
1592 3962 1685 4017 adhue
1704 3965 1836 4037 ethnicis,
1853 3975 1912 4024 tum

220 4055 364 4106 eructante
387 4047 639 4119 deprehenduntur.
688 4050 711 4105 7.
737 4050 882 4102 interitus.
924 4049 1054 4104 Comicu·
1080 4065 1097 4101 a
1115 4047 1247 4101 Romanis
1261 4047 1442 4118 pontificibus
1457 4049 1575 4103 ecclesia
1589 4049 1643 4104 Dei
1657 4051 1809 4108 sustinuit?
1827 4060 1852 4112 4.
1868 4060 1914 4110 Ea

219 4137 276 4191 lum
297 4134 365 4189 illud
383 4133 477 4187 interit
495 4135 570 4187 cirea
588 4140 739 4189 emremum
755 4134 893 4204 judicium
911 4152 936 4188 v.
961 4141 1000 4190 11,
1020 4151 1053 4188 ac
1082 4135 1222 4187 communi
1239 4135 1384 4186 saniorum
1405 4137 1588 4203 interpretum
1606 4137 1806 4201 testificatione.
1855 4141 1915 4195 Pri·

221 4222 330 4276 deletur
353 4218 510 4275 immediate
527 4220 563 4275 ab
583 4219 643 4290 ipso
664 4220 787 4290 Judicio,
815 4222 856 4274 ita
882 4227 913 4274 ut
935 4237 998 4274 cnm
1021 4237 1054 4274 eo
1081 4238 1150 4288 mas,
1169 4221 1217 4291 qui
1235 4237 1253 4274 a
1270 4224 1384 4289 recepta
1401 4221 1528 4275 discessit
1546 4222 1690 4288 sententia,
1710 4224 1766 4278 fuit
1785 4227 1913 4296 Porphy-

220 4307 342 4362 totaliter
359 4306 485 4361 deleatur
503 4322 606 4374 corpas
632 4306 735 4359 tardae
761 4311 846 4376 atque
868 4323 948 4361 omne
971 4306 1054 4377 impe·
1080 4308 1154 4371 rien,
1185 4305 1334 4361 Christiani
1354 4307 1471 4361 nominis
1491 4306 1589 4376 hostis,
1619 4324 1701 4378 quem
1727 4308 1915 4382 Hieronymus

220 4394 291 4448 rium
319 4400 457 4447 terrenum
481 4409 506 4447 v.
534 4397 574 4446 12.
598 4398 663 4462 post
687 4392 830 4446 interitum
853 4391 928 4445 illins
946 4393 1054 4445 nullam
1082 4397 1110 4447 et
1126 4391 1319 4447 Theodoretus
1337 4392 1477 4459 refellunt,
1500 4393 1599 4463 reliqui
1618 4393 1782 4465 interpretes
1810 4403 1837 4451 et
1856 4399 1914 4469 qui-

222 4489 261 4534 est
290 4488 411 4548 tempus,
447 4479 496 4532 sed
528 4478 651 4533 succedit
681 4479 722 4532 illi
751 4496 867 4547 repnrcm
895 4487 1055 4533 sardorum
1083 4478 1144 4532 dem
1167 4477 1291 4549 plerique
1314 4495 1408 4533 omnes
1432 4486 1491 4533 tum
1515 4488 1633 4543 netues,
1659 4486 1720 4534 tum
1747 4483 1915 4537 recentiores

221 4575 363 4620 aeterrrnm
385 4583 410 4619 v.
434 4570 473 4619 21.
510 4565 550 4618 At
574 4564 629 4618 ista
650 4581 706 4618 non
727 4571 845 4633 possunt
869 4564 905 4619 ad
924 4565 1055 4620 Antiochi
1081 4564 1213 4619 visionem
1240 4563 1367 4619 Danielis
1393 4565 1427 4619 de
1453 4570 1572 4636 quatuor
1590 4566 1755 4620 monarchiis
1784 4572 1813 4621 et
1833 4584 1915 4639 quar·

221 4638 255 4706 ac
272 4651 352 4722 regni
372 4650 458 4721 ipsius
478 4650 620 4705 interitum
634 4649 777 4720 applicari,
797 4651 871 4720 quod
887 4651 1055 4722 jampridem
1081 4657 1139 4704 tam
1160 4651 1220 4721 ejus
1239 4657 1347 4720 partem
1373 4650 1407 4704 de
1430 4651 1556 4706 Romana
1579 4652 1738 4707 monarchia
1765 4661 1915 4724 exponunt,

223 4736 327 4791 interiit
345 4742 373 4791 et
393 4737 580 4791 Romanorum
598 4736 759 4791 monarchia
778 4738 867 4792 eidem
884 4738 1026 4793 successit.
1083 4737 1156 4791 unde
1175 4736 1306 4792 Calvinus
1326 4735 1386 4805 ipse
1405 4736 1435 4791 in
1451 4737 1524 4793 Dan.
1542 4756 1570 4807 p.
1591 4744 1631 4793 21.
1650 4737 1689 4793 sic
1712 4738 1825 4794 scribit:
1852 4742 1915 4794 Hoc

94 4833 152 4875 1111.
162 4832 207 4874 tta.
241 4826 316 4878 ‘raa
345 4827 371 4875 2.
392 4824 438 4875 Ee
450 4823 620 4893 prophetica
640 4824 772 4892 temporis
790 4825 942 4878 notatione.
972 4825 1056 4879 Prae·
1082 4823 1175 4894 ὅραμα
1192 4830 1303 4875 statuae
1320 4829 1400 4875 ostra
1418 4825 1632 4877 controversiam
1658 4824 1813 4894 momenque
1829 4843 1916 4894 prae·

222 4909 403 4980 supponimus
429 4925 572 4963 nnmerum
596 4909 816 4964 monarchiarum
841 4910 1056 4981 quaternarium,
1083 4909 1139 4962 diti
1165 4914 1231 4961 sant
1255 4924 1325 4960 sano
1350 4908 1465 4976 jndicio
1495 4917 1522 4962 et
1543 4910 1667 4963 candide
1693 4911 1777 4987 etiam
1801 4915 1916 4981 cupiunt

222 5002 282 5050 tum
311 5012 361 5065 per
388 5003 510 5063 qrcataor
527 5004 623 5065 partes
641 5004 768 5060 stataae,
805 5003 826 5050 1.
844 5001 930 5067 caput
949 4997 1057 5051 scilicet
1083 5001 1198 5047 mentem
1211 4992 1368 5062 prophetoe
1387 5011 1536 5062 seponere,
1561 4995 1720 5063 intellipant
1742 4998 1778 5049 de
1795 5005 1917 5066 quaeror

222 5099 354 5148 aureum,
375 5081 698 5152 apertissimarum
718 5087 868 5153 argentea,
889 5088 912 5137 3.
933 5079 1261 5169 ventrem'monarchiis.
1280 5096 1306 5148 p.
1326 5085 1380 5135 22:
1408 5082 1586 5149 interpretes,
1608 5081 1700 5149 quiet
1719 5084 1856 5136 mediocri
1868 5085 1916 5152 ja·

223 5173 251 5222 et
268 5166 373 5222 femora
391 5183 487 5235 aerea,
504 5173 528 5222 4.
548 5166 631 5221 tibias
648 5168 751 5223 ferreas
772 5173 800 5222 et
819 5169 904 5238 pedes
926 5185 958 5222 ex
977 5176 1056 5237 parte
1083 5166 1159 5219 dicio
1174 5165 1285 5234 pollent
1306 5174 1333 5219 et
1354 5170 1487 5231 candore,
1506 5171 1547 5221 ad
1564 5186 1650 5221 anam
1672 5184 1767 5223 omnes
1786 5170 1857 5224 tnnc
1877 5171 1917 5225 lo-

223 5253 341 5317 ferreos,
366 5270 399 5309 ex
419 5258 498 5322 parte
522 5252 622 5307 fictiles
643 5253 714 5308 Dan.
736 5261 759 5311 2,
788 5261 847 5308 tum
866 5270 916 5324 per
934 5264 1056 5323 quatrsor
1082 5270 1144 5306 cum
1170 5260 1309 5320 erponrsnt
1329 5255 1364 5306 de
1383 5254 1546 5308 monarchia
1565 5255 1758 5323 Babylonica,
1788 5256 1918 5327 Persica,

223 5339 352 5392 diversas
371 5340 473 5392 bestias
491 5338 562 5392 Dan.
584 5345 606 5392 1.
635 5339 743 5394 diverso
766 5339 831 5394 licet
855 5345 983 5409 respectu
1010 5340 1056 5393 de·
1086 5339 1200 5393 Graeca
1225 5345 1251 5390 et
1273 5340 1411 5395 Romana.
1459 5343 1498 5394 Et
1522 5341 1628 5395 Daniel
1656 5341 1716 5409 spes
1742 5342 1802 5394 surb
1828 5343 1918 5395 enlm

222 5412 320 5503 notari.
360 5425 447 5496 Atqui
466 5424 537 5479 Dan.
564 5429 588 5488 2,
607 5443 633 5479 v.
652 5429 693 5480 28.
711 5424 779 5478 dicit
796 5425 931 5495 propheta
957 5426 993 5478 ad
1013 5443 1055 5480 re·
1083 5426 1154 5480 satis
1173 5428 1307 5483 ostendet.
1344 5426 1481 5482 Graserus
1505 5427 1534 5480 ia
1557 5426 1652 5481 histor.
1677 5426 1804 5484 Antichr.
1823 5429 1918 5500 magni

222 5526 301 5581 gem:
321 5510 402 5563 Deus
414 5511 649 5579 notificavitrepi,
669 5513 747 5578 qnod
762 5510 892 5575 fetarum
906 5519 947 5563 ert
964 5511 994 5564 in
1007 5530 1055 5566 no·
1083 5528 1172 5586 exerc.
1196 5512 1286 5584 prima
1311 5529 1339 5583 p.
1359 5517 1401 5568 45.
1422 5518 1450 5567 et
1467 5529 1543 5583 seqq.
1565 5528 1598 5568 cx
1625 5511 1750 5584 professo
1772 5513 1819 5570 Fr.
1839 5514 1919 5570 lunii

221 5595 334 5649 sisoim
361 5593 478 5649 dimum.
515 5594 591 5667 Ergo
617 5610 705 5666 regna
731 5594 780 5650 illa
806 5592 860 5652 sibi
879 5595 997 5653 invleem
1018 5613 1053 5655 eo
1068 5579 1248 5664 lssntsntiam
1266 5595 1376 5653 refellit
