4020 6014
635 342 687 397 DE
706 340 930 401 summo
946 340 1259 407 ΕΟΟΕΕΒῙΔΒΤΙΟΟΞ.
1728 358 1785 419 tit

79 513 137 567 que
147 494 294 565 judicari
313 501 461 564 osupum
480 504 679 565 eorumquae
691 499 732 550 eis
744 499 923 559 oblatorium,
951 507 1101 567 ponuntur,
1119 499 1171 551 boc
1190 501 1251 569 ipso
1264 510 1327 555 sunt
1345 503 1381 555 ab
1394 504 1585 557 ecclesiastica
1596 504 1786 559 communione

79 581 191 650 lapibus
203 581 342 653 potestati
352 596 447 635 eorum
460 582 693 652 redinteprentur.
715 600 738 637 e.
751 583 924 639 Audivimus.
948 584 1083 652 pellendi,
1102 601 1156 653 quo
1174 601 1204 638 se
1221 587 1305 654 passi
1320 595 1384 641 sunt
1401 605 1575 642 ascensores
1591 589 1786 644 reremedio

80 682 158 723 ιω.
177 672 201 722 3.
221 683 248 738 q.
269 672 294 722 ².
316 683 349 721 ex
366 665 488 721 Ensristi
509 667 632 736 epistt:
650 668 828 736 Audivimus,
843 687 923 738 quos·
950 670 1019 721 siris
1037 670 1173 725 adhiberi.
1188 687 1211 726 o.
1240 671 1377 742 inprimis.
1396 689 1469 729 osas.
1483 679 1507 728 2.
1520 690 1547 744 q.
1566 680 1586 729 i.
1605 691 1637 729 ex
1649 674 1785 746 Gregorio

80 755 150 807 dam
174 753 253 807 robis
276 753 435 816 infamatos
453 761 480 805 et
498 753 671 807 ddacerams
687 755 835 826 episcopos
852 773 870 807 a
886 756 922 808 ci·
949 753 996 809 lib.
1020 760 1058 810 it.
1078 754 1157 824 epist.
1177 762 1225 810 so:
1246 757 1384 826 inprimis
1403 759 1705 826 requirendumsstdc
1717 774 1785 829 per·

78 838 213 893 sitatibus
229 839 359 908 propriis
375 840 506 910 eapulsos
532 840 615 909 (quia
632 840 704 893 alibi
718 842 850 894 ιοιιιιιιιιι·
865 842 922 910 epi-
949 857 1019 892 sona
1048 840 1206 908 presbyteri
1233 842 1412 895 dilectissimi
1435 844 1540 905 fratris
1567 853 1594 898 et
1625 844 1786 914 calpiscopi

78 925 163 994 scopi
183 941 240 977 non
265 932 396 993 possunt,
418 924 476 976 nisi
492 925 522 976 in
539 925 696 978 civitatibus
714 943 770 978 non
784 927 924 990 minimis)
948 925 1038 977 nostri
1062 925 1214 992 ianuarii,
1242 934 1269 978 et
1292 927 1318 978 si
1342 928 1386 979 ita
1410 928 1515 982 ueritas
1542 945 1571 982 se
1598 930 1687 996 ieter,
1713 930 1785 983 sicta

10 1017 62 1060 ,ιιι
78 1018 106 1065 et
126 1010 202 1065 alios
218 1010 290 1079 ipsis
307 1010 459 1063 &entibus
477 1011 654 1076 constitutos,
671 1012 737 1065 ideo
755 1012 808 1065 lsoc
824 1013 921 1066 scribi·
947 1010 1073 1077 ejsudem
1098 1011 1225 1083 episcopi
1237 1012 1340 1080 petitio
1364 1013 1498 1080 continet,
1518 1014 1548 1066 in
1564 1010 1682 1068 ecclesia
1700 1023 1784 1083 atque

79 1113 144 1150 mss
162 1097 254 1163 uobis,
271 1104 305 1149 ιιι
320 1096 426 1164 sciatis,
445 1096 496 1148 boc
507 1095 577 1163 Jicri
594 1113 649 1150 non
668 1097 768 1166 licere,
786 1100 839 1152 sod
852 1115 920 1167 pro·
947 1095 1009 1149 loco
1028 1112 1080 1148 suo
1097 1097 1173 1149 idem
1192 1098 1339 1164 presbyter
1364 1098 1456 1151 modis
1474 1100 1600 1152 omnibus
1622 1108 1782 1160 reuocetur:

76 1183 163 1251 prios
185 1182 318 1236 reuocari
341 1189 368 1234 et
386 1182 563 1248 inteperrime
580 1182 693 1235 restitui
707 1184 813 1236 debere.
847 1183 921 1237 Illos
946 1180 972 1231 si
989 1187 1079 1234 autem
1106 1183 1212 1235 dictum
1234 1183 1334 1247 snserit,
1360 1184 1428 1250 quia
1456 1192 1553 1236 contra
1576 1185 1668 1255 ipsum
1694 1202 1783 1240 causa

78 1284 160 1336 aero,
187 1269 238 1337 qui
264 1267 429 1320 adabarim
445 1266 591 1334 foeditate
615 1284 683 1321 suas
700 1285 819 1339 sponsas
838 1273 919 1338 (qrsas
946 1265 1045 1334 aliqua
1066 1274 1143 1319 mota
1166 1268 1222 1321 siue
1237 1268 1360 1336 probata
1378 1275 1432 1332 est,
1457 1270 1597 1322 sssbtiliter
1613 1271 1676 1339 ipso
1696 1287 1781 1339 pras·

77 1369 182 1408 uxores
208 1370 303 1407 eorum
323 1355 454 1424 praefluo
472 1360 567 1405 tenore
586 1369 646 1406 esse
664 1354 864 1423 intellipimus)
882 1363 918 1408 to.
944 1359 1019 1404 sente
1037 1359 1063 1404 st
1080 1353 1219 1406 rationem
1234 1371 1290 1423 pro
1315 1369 1345 1406 se
1366 1356 1501 1408 reddente
1524 1358 1715 1423 quaerendum
1733 1365 1780 1425 ost,

77 1447 145 1493 nent
169 1438 238 1505 ejici
261 1445 286 1489 et
305 1437 452 1490 αιιιιιιινοι
478 1445 563 1506 atqsss
587 1438 712 1503 infames
737 1439 802 1503 tisri
818 1457 917 1508 eosqrse
943 1444 969 1488 et
995 1453 1082 1506 penus
1105 1454 1207 1492 causae
1231 1446 1257 1491 et
1275 1439 1375 1492 modus
1393 1439 1589 1508 probationis,
1614 1448 1644 1493 ut
1671 1457 1701 1493 er
1729 1442 1789 1494 lsoc·

77 1525 116 1578 ab
141 1523 340 1578 welesiastiois
361 1522 513 1576 honoribus
534 1526 628 1578 arceri
641 1526 780 1592 jubemus.
816 1525 850 1579 si
867 1544 917 1578 au·
944 1522 1078 1590 collipcre
1094 1523 1205 1591 salsae,
1233 1530 1326 1575 utrum
1344 1524 1437 1576 adbuc
1460 1525 1491 1577 in
1509 1524 1594 1578 euilio
1617 1526 1662 1579 rel
1680 1527 1780 1595 ‹lepor-

77 1620 132 1664 tem
150 1612 290 1663 adoerssss
311 1626 357 1663 eos
375 1610 501 1678 aliquam
519 1612 663 1679 querelmn
681 1613 849 1681 habueritis,
874 1613 917 1665 liis
943 1609 1049 1662 tatione
1067 1609 1219 1676 demorari,
1239 1626 1276 1661 an
1296 1617 1370 1662 certe
1389 1609 1419 1661 in
1438 1611 1557 1663 tecleda
1576 1619 1602 1664 et
1619 1612 1716 1675 officio
1728 1627 1779 1664 suo

73 1698 203 1766 peractis
223 1695 423 1764 inquirendum
441 1697 495 1748 erit
513 1703 539 1748 et
558 1698 729 1751 auctoritate
749 1700 834 1767 brojas
852 1715 917 1750 san·
944 1696 1043 1748 debeat
1065 1695 1201 1749 reuocari.
1236 1696 1284 1749 De
1309 1696 1438 1765 episcopi
1448 1712 1575 1765 persona
1601 1698 1652 1752 lios
1669 1698 1779 1763 sacien-

77 1791 141 1835 ctae
159 1782 239 1834 sedis
257 1781 472 1835 terminandum.
504 1799 529 1838 c.
549 1782 627 1838 Sient
643 1783 692 1840 vir.
713 1800 797 1839 causa
813 1790 836 1841 7.
852 1801 879 1854 q.
894 1790 915 1840 1.
944 1783 1011 1833 dum
1028 1788 1081 1845 est,
1106 1788 1136 1833 ut
1159 1782 1186 1833 si
1201 1781 1281 1835 nulla
1307 1789 1407 1834 contra
1425 1798 1486 1834 cum
1506 1783 1666 1836 criminalis
1682 1799 1780 1846 causa.

78 1886 111 1923 ει
133 1867 247 1922 mrem:
275 1866 353 1920 Sicut
375 1868 420 1920 rir
446 1885 502 1921 non
522 1869 600 1921 debet
618 1871 784 1923 adulterare
803 1886 915 1925 acorem
944 1882 1016 1934 quae
1045 1867 1129 1920 csilio
1157 1867 1201 1920 uel
1227 1868 1403 1935 depositione
1428 1868 1516 1937 dipna
1541 1876 1595 1935 est,
1621 1877 1697 1922 mota
1723 1868 1781 1922 siue

76 1972 169 2016 mm,
194 1953 236 2004 im
254 1967 304 2004 mc
324 1952 471 2021 spasmus
489 1954 634 2007 sostenen
653 1972 742 2025 mam,
762 1957 812 2009 too
830 1963 870 2009 est
887 1964 917 2008 m
940 1952 1064 2020 probata
1083 1959 1138 2014 ιιι.
1164 1952 1189 2026 is
1212 1952 1374 2022 episcopm,
1407 1954 1457 2022 qm·
1486 1969 1519 2007 so
1544 1954 1694 2023 superaus
1715 1970 1782 2022 per·

76 2039 161 2093 ιἰἰαιιι
181 2038 315 2105 dimittat,
334 2039 375 2090 ad
394 2054 476 2107 quam
494 2040 553 2104 fuit
572 2047 700 2094 sommus
718 2041 917 2109 absqueineri·
944 2054 1020 2090 uerso
1050 2045 1076 2090 et
1105 2045 1202 2090 contra
1229 2055 1350 2091 cananea
1370 2038 1400 2090 in
1424 2038 1542 2092 ecclesia
1566 2039 1629 2107 ejus
1650 2039 1784 2093 ordinari

77 2123 164 2176 tabiii
189 2123 351 2176 sesamae
368 2130 419 2176 orit
436 2125 597 2191 apostoliea
624 2125 668 2179 oei
685 2126 813 2195 repulari
830 2133 916 2179 muta-
942 2122 1157 2191 praesumserit,
1174 2124 1336 2177 sacerdotio
1349 2123 1482 2193 priuatus
1507 2124 1544 2177 ab
1561 2125 1638 2177 omni
1653 2124 1781 2178 occimia-

77 2213 166 2277 tione,
194 2218 225 2262 ut
251 2210 336 2262 alteri
357 2225 388 2262 se
415 2210 535 2263 απιὸὶιιιι
559 2229 645 2265 causa
672 2213 834 2282 conjunpat.
880 2215 918 2266 Et
943 2210 1013 2263 stica
1041 2209 1195 2263 ministerio
1226 2208 1385 2277 repellatur
1413 2216 1465 2263 etc·
1517 2209 1551 2263 Si
1579 2218 1670 2262 autem
1697 2209 1782 2264 aliter

77 2297 153 2349 sicia
170 2297 254 2348 uxori
269 2312 325 2348 non
343 2296 407 2349 licet
419 2297 561 2350 dimittere
579 2298 670 2352 uirum
681 2316 769 2365 mum,
788 2307 818 2352 ut
832 2301 920 2353 alteri
944 2313 1028 2364 piam
1046 2295 1170 2358 causati
1195 2295 1323 2363 mmcopi
1341 2294 1442 2363 petitio
1461 2295 1593 2362 continet,
1611 2303 1703 2348 actum
1722 2311 1781 2350 esss

77 2400 109 2435 se
128 2381 235 2434 memte
251 2397 282 2434 eo
301 2383 480 2436 matrimonio
498 2383 597 2452 societ,
623 2391 672 2437 aut
689 2401 750 2438 eum
769 2385 917 2452 adulteret,
943 2381 1068 2445 sorsiwn
1088 2381 1264 2450 perbihetur,
1287 2380 1429 2433 subtiliter
1456 2383 1647 2449 quaerendum
1671 2390 1724 2444 est,
1754 2390 1780 2434 α

77 2468 147 2520 licet
157 2466 323 2533 fornicatus
349 2469 387 2520 sit
412 2469 458 2521 uir
477 2471 554 2538 ejsss,
583 2473 635 2524 sed
656 2472 737 2538 iusta
760 2472 917 2540 apostolum
945 2467 1058 2533 capnita
1073 2467 1264 2520 venareum
1278 2467 1338 2519 Dei
1354 2467 1461 2531 timore,
1481 2467 1695 2536 quodjustitiae
1708 2468 1780 2520 ordo

77 2560 129 2606 ant
144 2554 268 2606 sirosuo
282 2553 362 2607 debet
381 2556 574 2624 reconciliari,
592 2564 641 2610 aut
650 2573 762 2611 manere
779 2558 899 2626 innupta
905 2578 918 2626 ,-
944 2554 1078 2622 macerit,
1103 2553 1293 2620 iudicandum
1319 2561 1359 2607 est
1383 2557 1436 2607 ete.
1474 2551 1548 2608 Vide
1574 2552 1641 2609 ibid.
1663 2552 1780 2607 formum

76 2640 120 2691 ita
145 2638 279 2692 eccleciae
309 2657 365 2691 non
388 2640 454 2693 lieet
478 2641 619 2695 dimittere
645 2644 805 2712 episcopum
838 2660 917 2696 suum
943 2654 1089 2708 processus
1111 2638 1141 2692 in
1164 2638 1216 2693 hoe
1240 2638 1353 2709 negotio
1378 2638 1544 2694 observandi
1572 2637 1780 2708 praesumptum.

78 2731 132 2777 aut
150 2741 181 2777 ss
201 2724 238 2778 ab
256 2740 288 2776 eo
306 2741 466 2795 semare,
492 2735 523 2780 ut
548 2727 668 2781 alterum
693 2730 798 2782 uiuente
820 2745 852 2782 co
872 2746 917 2781 ac·
944 2741 967 2779 o.
992 2724 1064 2778 Eum
1089 2724 1145 2794 qui.
1172 2739 1256 2778 conss
1285 2730 1307 2778 7.
1333 2742 1358 2795 q.
1386 2731 1408 2781 l.
1431 2741 1465 2779 ex
1489 2723 1548 2779 eod.
1574 2721 1778 2794 Gregoriolib.

79 2810 186 2879 cipiet,
211 2811 264 2862 sed
286 2818 335 2863 aut
352 2810 442 2880 ipsum
462 2810 571 2883 lrabeat,
590 2821 641 2866 aut
659 2815 778 2883 innupta
797 2822 918 2877 maneat,
944 2816 967 2865 2.
994 2826 1038 2880 ep.
1071 2814 1115 2864 14:
1140 2809 1216 2861 Eum
1245 2810 1297 2877 qui
1318 2817 1418 2862 contra
1440 2808 1568 2876 iustitiae
1591 2807 1719 2877 rapulam
1749 2805 1780 2860 in

81 2898 137 2949 laos
156 2903 196 2947 cst
214 2896 336 2949 alterum
356 2898 515 2965 episcopum
532 2915 584 2952 suo
601 2899 707 2952 uiuente
718 2915 774 2953 non
787 2901 920 2969 accipiat,
945 2895 1207 2949 archidiaconatum
1224 2895 1343 2948 aiterim
1366 2911 1396 2948 se
1412 2895 1577 2964 promoueri
1600 2893 1780 2961 consenserit,

77 2975 114 3036 ne
133 2991 182 3034 aut
199 2982 406 3046 fornicationis,
429 2990 478 3036 aut
496 2984 634 3037 adulterii
654 2985 758 3039 crimen
781 2986 917 3042 incurrat.
943 2983 980 3035 ab
996 2982 1122 3049 ejusdem
1140 2980 1387 3034 archidiaconatus
1408 2981 1514 3034 bonore
1532 2980 1712 3050 deponimus,
1730 2978 1781 3048 qui

76 3067 289 3124 alieniorem.
309 3082 385 3123 cens.
404 3073 433 3122 et
444 3074 552 3140 quaest.
564 3068 625 3122 iisd.
647 3087 679 3124 ex
692 3070 787 3128 Leone
798 3072 835 3125 ed
848 3071 916 3128 Ver·
943 3069 970 3121 si
992 3067 1111 3120 utlaius
1134 3066 1163 3119 io
1189 3067 1252 3121 loco
1276 3069 1372 3121 eodem
1390 3068 1553 3120 ministrare
1566 3066 1778 3136 promtam&

75 3170 178 3209 nonem
188 3151 468 3208 Britanniseducem:
482 3155 548 3208 Non
557 3156 915 3226 fursrnetlatronem,qua·
943 3170 973 3207 se
992 3153 1215 3221 participatione
1241 3170 1342 3208 samoe
1366 3155 1567 3208 communionis
1588 3154 1695 3207 nouerit
1718 3167 1778 3207 esss
1791 3176 1917 3222 mm,

76 3241 135 3293 lem
149 3236 320 3292 Gillandum
328 3238 916 3313 esscsentimusinNanneticosede,puisi·
938 3241 1091 3309 priuatum.
1129 3238 1207 3294 Glos.
1230 3239 1258 3293 in
1282 3256 1305 3294 c.
1324 3239 1565 3296 consideravimus
1591 3241 1625 3294 de
1651 3239 1730 3294 elect.
1749 3243 1778 3293 et

75 3325 176 3388 remu,
188 3326 265 3393 meod
274 3341 330 3378 son
340 3324 528 3394 luititiorum
543 3344 598 3380 non
610 3328 699 3381 ιιιιιιιιι
705 3344 852 3397 unapars,
859 3347 915 3398 pro
942 3326 1022 3382 elect.
1042 3331 1147 3395 potest:
1167 3328 1232 3381 Non
1252 3328 1332 3380 debet
1350 3329 1414 3392 fieri
1431 3329 1554 3380 secunda
1567 3327 1665 3380 electio
1678 3326 1777 3392 prima

75 3413 270 3481 cujuscunque
293 3412 417 3465 muneris
442 3412 527 3465 donis
550 3413 629 3466 altra
655 3415 736 3467 debes
754 3416 915 3479 defensare.
942 3430 998 3466 non
1014 3420 1135 3466 cassata.
1173 3412 1318 3484 Conjunge
1342 3429 1363 3467 r.
1385 3412 1496 3468 Notum.
1515 3427 1600 3465 sauss
1617 3417 1639 3465 2.
1659 3428 1685 3480 q.
1708 3416 1730 3464 1.
1750 3425 1775 3464 a.

76 3516 105 3556 c.
116 3497 198 3562 Quod
207 3504 309 3551 sutem.
318 3513 393 3554 caus.
411 3503 554 3569 etqnsest.
565 3498 915 3571 iisdemexseneilioepnd
942 3498 1049 3555 Nullus.
1083 3514 1158 3553 caus.
1189 3497 1249 3551 esd.
1287 3515 1312 3567 q.
1352 3504 1375 3552 2.
1408 3515 1431 3551 a.
1465 3496 1619 3567 Episcopis.
1654 3511 1728 3550 osus.
1760 3500 1774 3549 t

76 3583 244 3640 Arvernism
273 3583 426 3639 oelebrsto:
453 3583 537 3647 Quod
561 3587 666 3640 emente
689 3587 819 3656 episcopo
839 3589 915 3640 alius
943 3603 967 3655 q.
989 3591 1010 3639 1.
1029 3590 1081 3640 ets.

75 3670 236 3740 superponi
252 3677 303 3722 erut
327 3671 545 3739 superordinari
560 3689 616 3724 non
635 3673 727 3739 possit
744 3688 777 3725 ee
795 3674 915 3726 concilio
980 3677 1035 3726 177.
1071 3669 1193 3726 Possunt
1211 3669 1294 3724 etiam
1314 3685 1347 3723 ex
1360 3669 1546 3724 ecclesiastiea
1563 3668 1678 3723 historia
1692 3685 1775 3740 quse·
1788 3689 1821 3732 s,
1834 3691 1903 3732 ιω..

76 3759 162 3827 apud
185 3757 356 3809 Aeserniam
381 3744 522 3811 σιιιόιαιο
548 3759 692 3833 definitum
721 3767 774 3826 est,
801 3760 830 3811 in
860 3777 914 3828 quo
942 3758 1005 3812 dam
1034 3755 1087 3810 huc
1115 3755 1219 3810 referri.
1256 3755 1446 3810 Theodoretus
1471 3756 1519 3812 lib.
1545 3760 1569 3810 2.
1596 3756 1659 3810 hist.
1678 3739 1902 3835 curiosam·

75 3844 192 3911 beqitor,
211 3851 241 3896 ut
258 3843 354 3896 suum
370 3845 479 3898 moeste
497 3845 628 3914 episeopo
649 3845 725 3898 alius
742 3860 914 3914 superpono·
941 3862 963 3898 c.
994 3848 1033 3898 ιι.
1060 3848 1088 3895 et
1112 3840 1285 3911 Nicephorus
1305 3841 1354 3897 lib.
1372 3848 1397 3898 9.
1422 3858 1445 3896 c.
1469 3849 1511 3899 tb.
1534 3842 1670 3906 referunt,
1699 3845 1777 3912 quod

77 3939 128 3985 tur
142 3937 191 3983 aut
214 3931 449 4000 superordinetur
472 3932 627 4001 episcopus,
653 3931 712 3984 nisi
733 3932 859 3996 forsitan
885 3933 915 3984 in
942 3931 1032 3998 Folia,
1050 3928 1146 3997 quiin
1166 3927 1257 3980 locum
1274 3928 1384 3981 Liberii
1398 3929 1525 4000 episcopi
1534 3930 1660 3983 Romani
1671 3929 1776 3996 iniusta

78 4017 144 4085 ejus
160 4017 261 4080 lorum,
280 4033 359 4084 quem
379 4017 512 4087 capitalis
530 4018 616 4086 culpm
633 4018 776 4086 dejecerit.
794 4035 817 4072 c.
840 4017 914 4072 Peii·
941 4017 977 4067 ab
989 4016 1158 4083 imperatore
1173 4012 1335 4067 Constantio
1344 4014 1375 4066 in
1384 4014 1496 4067 esiliam
1506 4015 1588 4083 pulsi
1596 4022 1775 4083 successerat,

78 4119 152 4158 mus.
179 4117 253 4157 cens.
281 4108 320 4157 ll.
345 4120 373 4172 q.
402 4109 424 4157 1.
449 4119 483 4157 ex
503 4103 601 4158 concii.
618 4101 750 4174 carthag.
776 4094 846 4158 ιιι.
868 4109 914 4159 38:
941 4103 1006 4155 licet
1023 4102 1200 4170 incoruptam
1216 4101 1304 4168 fidem
1329 4100 1454 4153 Nicaeae
1472 4101 1626 4169 sepositam
1643 4108 1776 4168 seruaret,

82 4188 218 4254 Petimus,
238 4196 268 4240 ut
289 4188 444 4255 dipncmini
461 4190 532 4242 dare
550 4189 696 4256 fiduciam,
724 4205 781 4257 qua
799 4191 913 4243 nmessi-
939 4187 1046 4259 populo
1064 4194 1155 4239 tamen
1174 4194 1232 4238 tam
1250 4202 1346 4238 exosus
1372 4186 1478 4255 suerit,
1505 4195 1537 4239 ut
1551 4203 1631 4240 eremo
1656 4187 1777 4239 omniurn

78 4282 135 4326 tate
153 4274 217 4346 ipsa
236 4281 349 4340 copente
366 4273 485 4327 liborum
501 4275 581 4328 nobis
597 4275 635 4327 eit
652 4282 785 4328 rectorem
800 4276 913 4344 provin
942 4275 1041 4328 avium
1060 4275 1251 4326 Romanorum
1269 4272 1298 4323 in
1313 4273 1411 4324 aedem
1427 4273 1564 4327 orationis
1579 4273 1615 4325 sit
1627 4274 1776 4340 inpressos.

77 4360 139 4413 ciac
161 4361 313 4413 remensium
334 4367 441 4414 statuta
466 4362 732 4429 pioriosissimorum
751 4361 915 4430 principum
942 4379 1004 4414 essm
1020 4360 1083 4428 ipse
1102 4359 1177 4411 intus
1194 4360 1280 4422 foret.
1319 4356 1390 4411 Ibid.
1411 4357 1502 4421 refert,
1522 4361 1599 4427 quod
1616 4377 1678 4411 rum
1700 4357 1776 4412 Libe·

78 4448 217 4500 adsersus
235 4446 316 4500 illum
335 4446 432 4515 adire,
454 4447 505 4515 qui
517 4448 641 4518 plebem.
660 4465 745 4517 qssam
762 4449 915 4514 inuaserat,
941 4448 1002 4499 rius
1031 4445 1171 4498 biennium
1200 4444 1229 4495 in
1258 4442 1343 4497 cnsilio
1370 4444 1482 4512 episist,
1507 4453 1651 4498 matronae
1672 4442 1777 4497 nobiles

77 4549 165 4602 usqsss
183 4532 268 4586 leodis
291 4533 475 4586 ceramonitus
493 4534 663 4602 (secsmdnm
688 4535 765 4603 quod
781 4541 915 4587 statutum
942 4536 1087 4588 limnaeus
1102 4529 1323 4602 preciosissimis
1340 4530 1458 4582 eicotibus
1479 4539 1604 4596 ornatae,
1622 4546 1675 4597 quo
1687 4528 1778 4597 mapis

74 4620 187 4683 susat)
213 4616 372 4685 relinquere
396 4619 558 4683 conternati,
582 4628 613 4674 ui
637 4621 686 4690 qui
708 4621 772 4673 miti
787 4619 914 4673 admoni-
942 4621 1094 4690 imperator
1106 4615 1213 4668 nobiles
1225 4623 1304 4668 ratus
1309 4618 1443 4684 precibus
1451 4615 1642 4683 voluntatique
1650 4615 1777 4682 ipsarum

77 4704 149 4759 tioni
167 4688 326 4756 sanctitatis
342 4711 450 4757 satras
464 4706 639 4773 acquiescere
651 4707 773 4761 noluerit
788 4713 814 4759 et
828 4721 914 4759 emes·
941 4712 1049 4775 peroret
1067 4718 1182 4765 morem
1208 4701 1406 4770 imperatorem
1425 4701 1550 4754 odierint
1568 4703 1711 4769 ipsumque
1729 4700 1776 4752 ds·

78 4792 151 4844 dare
167 4789 309 4850 illicitum,
328 4790 496 4844 acetositate
509 4791 672 4858 jssdicimia
680 4792 811 4861 ρνοιιιιιιι
826 4792 914 4844 seclo
940 4787 1074 4861 moratae
1088 4788 1215 4856 fuerint,
1238 4796 1268 4841 ut
1293 4789 1421 4843 moereri
1436 4787 1519 4840 uellet
1542 4794 1637 4838 tantae
1654 4783 1777 4839 cintatis

77 4877 173 4930 datm
218 4875 352 4929 Aurelius
378 4875 525 4944 episcopus
549 4876 638 4930 aaa:
670 4877 791 4931 Servata
816 4880 914 4943 forma
941 4877 1083 4946 spoliatae
1098 4881 1213 4944 pastore
1233 4892 1285 4927 suo
1304 4882 1330 4928 et
1347 4873 1486 4946 sepositae
1503 4871 1635 4940 luporum
1653 4870 1776 4927 insidiis.

78 4962 251 5032 disciplinae
282 4978 338 5014 non
361 4960 566 5014 esistimabitur
588 4964 741 5032 appsts'tus,
772 4963 800 5016 si
820 4971 914 5017 amaa
941 4961 1066 5032 Cumque
1093 4960 1242 5030 imperator
1268 4958 1460 5028 responderet,
1483 4974 1540 5009 non
1564 4957 1691 5024 indipcrc
1715 4974 1777 5009 eam

77 5048 197 5102 caritate
223 5048 346 5100 modeste
377 5053 526 5101 comestus
554 5048 684 5101 recedere
712 5049 913 5116 detrectasse-d,
937 5055 1056 5117 pastore
1082 5046 1153 5111 alio,
1187 5061 1259 5117 quae
1282 5045 1450 5114 prudentem
1478 5042 1631 5111 bonrsmquc
1655 5043 1776 5104 tahan,

77 5152 139 5187 eum
158 5134 255 5201 suerit
285 5150 336 5186 suo
366 5141 503 5187 contemtu
532 5139 558 5184 et
585 5135 759 5186 oontmsacia
790 5135 914 5199 faciente
938 5141 1010 5203 puta
1038 5133 1160 5186 Felicem
1187 5148 1270 5183 sinum
1304 5146 1336 5182 es
1363 5127 1494 5182 diaconis
1521 5129 1549 5180 in
1577 5128 1656 5181 illius
1683 5128 1776 5181 locum

74 5220 237 5289 iudiciaria
256 5226 397 5288 potestate
421 5226 576 5274 correano.
622 5218 798 5274 Honoratius
816 5229 842 5274 st
864 5223 913 5276 Ur·
940 5220 1096 5289 suffectum,
1120 5222 1263 5272 mutronse
1288 5216 1340 5286 ipsi
1371 5212 1578 5286 significarunt,
1606 5232 1690 5284 quam
1713 5230 1774 5266 cco·

76 5308 167 5360 ὂαιιιιι
181 5305 308 5375 episcopi
319 5306 465 5359 diemout:
484 5307 548 5360 Hoc
561 5302 913 5375 erpoonsttmptaeme.
939 5322 987 5358 sies
1014 5306 1050 5358 sii
1079 5304 1155 5357 omni
1176 5302 1306 5371 populo;
1332 5301 1428 5370 itaque
1456 5302 1611 5370 imperator
1637 5299 1718 5368 flecti
1745 5312 1775 5351 se

77 5390 132 5457 Qui
150 5392 180 5446 in
199 5391 325 5446 virorum
338 5406 371 5444 ex
390 5390 424 5443 ds
442 5407 566 5447 concess.
584 5387 734 5461 praebend.
755 5406 788 5444 ex
801 5388 913 5447 Gelasio
937 5409 1043 5461 possus
1054 5391 1144 5458 jussit
1163 5388 1307 5442 Liberium
1328 5388 1364 5440 de
1384 5385 1468 5440 exilio
1490 5386 1628 5451 reuocari,
1647 5385 1698 5437 sed
1714 5399 1776 5436 ari-

76 5478 113 5532 sd
144 5477 297 5533 Romanos:
337 5474 391 5535 Qui
426 5475 455 5526 in
486 5478 610 5531 oisonem
641 5476 819 5528 mumius»
852 5476 914 5530 loco
941 5478 1040 5530 summ
1068 5492 1128 5529 esse
1147 5490 1315 5529 comosuncm
1342 5472 1474 5525 reciaiae
1494 5470 1773 5525 administrationem.
