4020 6014
215 186 273 245 152
791 173 914 233 cocus
932 169 1137 230 moss1uus
1157 171 1322 229 memus

213 336 293 404 apud
305 333 470 402 praedictos
482 331 605 384 ethnicos
620 337 701 384 erant
720 346 816 383 eornm
831 326 1049 397 archiflamines,
1077 330 1169 381 cesset
1186 326 1340 390 adstrictos,
1358 325 1442 380 talem
1461 323 1605 394 apostolici
1620 324 1687 379 dicti
1700 302 1912 394 eiplicatiouem

213 437 282 488 qnos
307 427 399 472 tomen
415 419 538 471 minores
559 433 616 470 ase
635 416 763 469 tenebant
781 432 865 482 pern
882 420 1049 467 memoratos
1076 409 1294 482 haudquaquam
1310 411 1478 481 protulisset.
1515 410 1656 482 Ignatinm
1676 415 1704 465 et
1722 409 1912 480 Epiphaniam

208 505 359 573 primates,
383 504 609 572 archiepiscopos
633 502 754 555 instituti
771 501 926 569 proecepit.
971 499 1048 552 Idem
1076 496 1143 551 dicit
1173 513 1320 551 numerare
1345 514 1400 549 non
1422 498 1513 550 solum
1537 497 1651 549 ordines
1675 497 1794 564 proprie
1814 498 1913 566 dictos,

212 591 354 659 repetitur.
387 607 411 645 c.
429 574 615 645 ‘Provinciae
656 587 718 641 dist.
755 591 797 642 99.
834 603 868 640 ex
902 584 1125 639 Anacleto.2sed
1148 591 1174 635 et
1204 583 1278 652 otios
1305 584 1550 650 quomodocunque
1572 581 1677 634 divinis
1702 582 1842 650 obsequias
1866 582 1912 634 de·

83 686 103 726 s.
118 688 152 727 ns
214 683 238 730 5.
250 675 331 739 Quod
341 675 693 745 antiquitatisternporibns
702 672 894 741 apostoloram
899 671 1048 741 preciosae
1060 702 1062 749 Ι
1075 668 1203 735 dicatos,
1221 668 1293 722 inter
1313 684 1382 738 quos
1400 666 1558 721 laborantes
1573 666 1609 720 ‘in
1627 666 1770 736 sepultura
1790 672 1911 722 mortuo·

84 739 185 829 ffiiqffis.
213 761 347 832 suffragio
378 760 488 815 ordines
523 759 585 812 illos
621 775 715 813 omnes
750 757 867 827 probare
903 762 1135 833 conantur.,rum
1156 758 1358 808 recenseantur.
1393 754 1480 823 Atqui
1495 753 1569 807 idem
1587 771 1637 807 nos
1656 752 1747 808 dicere
1764 771 1911 824 possumus

84 842 158 888 ⁸⁸0⁰·
212 846 397 902 Bellarminns
423 846 457 900 de
483 845 587 901 cleric..
603 861 627 898 c.
648 849 688 898 12.
713 842 883 896 Clementem
902 840 920 895 l.
942 847 965 896 8.
983 839 1108 894 con-'de
1132 839 1186 894 illis
1214 857 1324 911 quoque
1353 839 1505 903 veteribus,
1534 839 1582 908 qui
1605 839 1755 909 janitores,
1784 838 1910 905 lectores,

83 901 142 933 nam.
211 933 299 989 stitut.
315 937 343 985 et
356 931 497 1002 Ignatium
509 931 538 984 in
553 930 632 1000 epist.
652 929 689 983 ad
702 927 902 984 Antiochenses
921 928 1046 982 ordinum
1058 876 1061 959 i
1072 926 1224 990 acoluthos,
1246 926 1432 981 subdiaconos
1450 927 1522 979 inter
1534 925 1645 980 ordines
1659 931 1813 994 numerant,
1834 925 1910 996 quod

211 1035 305 1073 corum
333 1018 454 1072 omnium
475 1016 640 1071 mentionem
664 1015 756 1069 facere
773 1013 881 1076 scribit,
907 1013 955 1084 qui
982 1029 1045 1066 cum
1072 1012 1201 1067 videlicet
1224 1030 1279 1066 non
1298 1012 1414 1066 ordines
1429 1013 1549 1081 proprie
1565 1012 1607 1065 sic
1625 1012 1729 1080 dictos,
1755 1014 1808 1064 scd
1828 1012 1909 1065 mini-

113 1132 116 1136 ·
210 1103 397 1174 apostolorum
426 1101 554 1171 discipuli
586 1100 703 1168 fuerint,
732 1116 765 1153 ex
797 1116 829 1153 eo
858 1097 1045 1169 colligendum
1071 1100 1159 1152 steria
1180 1116 1290 1166 eorum,
1315 1099 1365 1167 qni
1384 1099 1628 1166 quomodocunque
1648 1097 1753 1150 divinis
1769 1098 1909 1165 obsequiis

209 1187 354 1257 relinquit,
381 1205 464 1258 quam
495 1186 611 1256 antiqua
637 1186 673 1240 sit
698 1185 825 1239 ordinum
854 1184 940 1254 origo.
990 1182 1200 1239 Seddedicoti
1217 1192 1243 1237 et
1261 1183 1383 1236 adhibiti
1386 1184 1483 1251 fuere,
1501 1189 1670 1238 recenseant.
1701 1182 1909 1238 Dissensionem

212 1273 315 1343 Ignatii
330 1273 455 1344 epistolis
465 1272 589 1326 admixta
601 1276 666 1325 sunt
682 1271 771 1323 multa
782 1269 935 1340 peregrina.
959 1268 1045 1322 Euse—
1072 1268 1107 1322 ds
1124 1269 1252 1324 ordinum
1271 1285 1387 1324 numero
1405 1270 1476 1323 inter
1494 1269 1657 1324 Canonistas
1677 1275 1705 1322 et
1721 1268 1908 1323 Scholasticos

212 1357 274 1411 bins
294 1357 341 1413 lib.
362 1364 385 1413 3.
405 1356 467 1412 hist.
487 1375 512 1414 c.
527 1363 568 1411 31.
587 1355 718 1425 epistolas
736 1364 792 1408 tres
810 1355 920 1426 Ignatio
938 1352 1043 1421 tribuit,
1071 1354 1110 1408 sic
1128 1355 1265 1419 conciliat,
1284 1355 1359 1426 quod
1371 1354 1412 1409 illi
1425 1355 1600 1410 considerent
1614 1356 1738 1420 ordines,
1756 1364 1786 1407 nt
1798 1355 1908 1408 hierar-

209 1443 245 1496 ad
258 1442 411 1512 Ephesinos
424 1441 539 1509 scilicet,
556 1442 592 1494 ad
606 1440 808 1510 Magnesisnos,
826 1441 863 1494 ed
878 1439 1044 1506 Trallenses,
1071 1441 1162 1494 etiarn
1182 1443 1360 1509 constituant,
1380 1457 1434 1511 quo
1454 1441 1536 1494 modo
1549 1440 1695 1511 episcopus
1713 1457 1731 1494 a
1742 1439 1907 1511 presbytero

209 1544 278 1598 quas
298 1527 373 1598 ipsas
390 1544 445 1581 non
465 1542 558 1580 carere
572 1526 746 1595 corruptione
759 1531 835 1595 patet
857 1542 890 1579 ex
910 1543 951 1594 eo,
970 1524 1044 1595 quod
1072 1531 1099 1579 et
1123 1531 1220 1580 cantor
1246 1543 1263 1580 a
1287 1527 1388 1582 lectore
1411 1527 1597 1590 discernatur,
1622 1543 1655 1580 se
1672 1526 1788 1596 proinde
1808 1542 1908 1580 novem

209 1612 400 1667 Theodoretus
426 1611 492 1667 dial.
521 1617 541 1665 l.
567 1618 595 1666 et
621 1609 752 1666 Gelenius
775 1611 805 1663 in
826 1610 874 1667 lib.
899 1611 934 1664 de
959 1609 1042 1664 duab.
1071 1611 1179 1666 ordines
1207 1612 1425 1681 constituantur3
1452 1611 1480 1665 hi
1503 1629 1568 1667 vero
1594 1611 1704 1666 eosdem
1724 1612 1907 1667 considerent.

208 1704 299 1754 natur.
319 1714 353 1751 er
372 1696 452 1766 epist.
465 1696 501 1749 ad
518 1695 590 1766 Eph.
610 1697 696 1751 citant
713 1697 910 1765 testimonium,
929 1696 1003 1767 quod
1016 1695 1044 1748 in
1071 1705 1100 1748 ut
1118 1714 1147 1749 se
1165 1698 1266 1751 babent
1283 1699 1324 1751 od
1349 1696 1533 1766 sacrificium,
1558 1714 1612 1767 quo
1632 1697 1713 1750 modo
1732 1714 1784 1751 nec
1803 1697 1907 1766 episco·
1919 1704 1952 1747 ΧΠ

209 1783 413 1854 exemplaribus
433 1781 515 1835 editis
538 1798 594 1836 non
618 1782 745 1838 habetur.
784 1781 829 1836 De
848 1781 926 1836 libris
945 1781 1045 1835 consti-
1071 1799 1124 1852 pus
1142 1800 1159 1836 a
1175 1783 1348 1854 presbytero,
1368 1800 1420 1837 nec
1438 1788 1534 1838 mutor
1552 1800 1569 1836 a
1587 1782 1690 1838 lectore
1711 1781 1908 1852 distinguatur,

209 1870 347 1925 tutionum
367 1867 502 1923 Clementi
527 1868 652 1922 Romano
679 1868 821 1922 attributis
845 1867 913 1921 nihil
942 1867 1046 1923 habent
1071 1883 1104 1921 ac
1128 1867 1245 1937 proinde
1269 1872 1376 1938 septem
1401 1867 1537 1922 duntaxat
1567 1867 1677 1922 ordines
1699 1867 1909 1923 constituantur.

208 1955 361 2021 Eusebius,
379 1953 449 2007 nihil
467 1953 671 2024 Hieronymus,
695 1952 764 2007 nihil
780 1952 952 2009 Gennadius.
990 1951 1044 2009 Sed
1071 1952 1112 2006 At
1124 1952 1309 2007 Bellarminus
1326 1953 1380 2007 sibi
1397 1952 1451 2024 ipsi
1469 1961 1565 2024 aperte
1586 1953 1758 2008 contradicit
1788 1952 1819 2008 Si
1837 1952 1909 2008 enim

209 2041 245 2094 de
263 2039 306 2093 his
319 2055 368 2093 suo
386 2038 447 2094 loco
465 2039 553 2109 plura.
584 2038 757 2110 Opponimus
772 2038 859 2110 igitur
877 2037 1045 2093 Bellarmino
1072 2039 1186 2091 ordines
1206 2040 1358 2108 inferiores
1375 2039 1432 2092 sice
1445 2040 1566 2092 minores
1578 2058 1634 2092 non
1646 2048 1709 2091 sunt
1723 2039 1908 2105 hierarchiae,

209 2144 232 2181 c.
250 2124 359 2181 Nullus.
376 2125 439 2178 dist.
460 2133 502 2181 titt.
522 2143 554 2179 ex
568 2124 697 2181 Urbano:
717 2124 822 2177 Nultus
843 2125 1044 2192 inepiscopssm
1071 2129 1102 2177 ut
1128 2123 1157 2177 in
1182 2123 1234 2178 hoo
1260 2125 1320 2194 ipso
1346 2125 1437 2193 eapite
1460 2124 1489 2178 in
1514 2142 1585 2194 resp.
1613 2124 1649 2178 ad
1668 2124 1759 2178 locum
1779 2123 1907 2195 Dionysii

209 2211 345 2278 stipatur,
368 2211 426 2264 nisi
452 2213 482 2263 in
510 2211 601 2263 sacris
628 2211 774 2265 ordinibus
791 2210 923 2278 relipiose
952 2210 1045 2262 oivens
1072 2209 1181 2264 disertis
1206 2209 1297 2264 verbis
1317 2210 1449 2274 asseruit,
1470 2203 1680 2280 quomodo'dici
1700 2214 1807 2280 potest,
1833 2211 1909 2280 qaod

207 2299 298 2362 fecerit
312 2297 446 2365 inuentus,
464 2314 562 2350 sacros
579 2305 670 2350 antem
685 2297 799 2350 ordines
814 2295 934 2349 dicimus
948 2294 1045 2348 diaco·
1072 2297 1234 2348 carsortistae
1247 2296 1277 2348 in
1290 2314 1405 2350 numero
1419 2296 1550 2349 ordinum
1562 2297 1713 2351 novenario
1731 2297 1909 2349 considerent

208 2390 305 2435 notum
330 2391 356 2435 et
378 2383 616 2451 presbyteratum,
640 2382 690 2435 bos
717 2382 856 2453 siquidem
875 2381 950 2434 solos
969 2383 1046 2449 (nota
1072 2399 1127 2448 eos,
1145 2389 1175 2433 nt
1192 2382 1382 2435 hierarchiam
1401 2381 1591 2435 constituant!
1623 2381 1780 2436 Possuntne
1799 2379 1907 2436 inferio·

209 2467 387 2532 exclusivum)
415 2466 566 2535 primitiva
606 2467 708 2535 lepitur
748 2467 877 2520 labaim
918 2466 1044 2521 ecclesia.
1071 2483 1115 2521 res
1133 2466 1243 2521 ordines
1261 2483 1317 2520 una
1336 2484 1398 2521 cum
1416 2466 1505 2522 tribus
1529 2466 1715 2537 superioribus
1741 2467 1907 2523 constituere

209 2554 241 2588 **
255 2553 335 2608 Vetus
347 2555 419 2606 ordo
436 2553 467 2605 in
479 2552 586 2621 officiis
601 2568 798 2620 personarum,
816 2570 888 2621 qnae
898 2559 1045 2622 praesunt,
1070 2551 1261 2621 hierarchiam,
1274 2552 1296 2604 si
1309 2553 1338 2605 in
1351 2552 1405 2605 illis
1423 2552 1565 2606 constituti
1580 2570 1635 2606 non
1648 2559 1713 2607 sunt
1724 2551 1906 2608 hierarchae?

210 2639 332 2709 duplex:
351 2640 538 2708 temporarius
556 2647 582 2692 et
597 2648 758 2708 perpetuus.
795 2639 895 2693 Initio
914 2637 1045 2707 apostoli.
1070 2636 1206 2691 Jesuitica
1230 2636 1385 2691 subtilitate
1410 2637 1447 2691 ad
1473 2636 1541 2692 haec
1566 2636 1740 2691 concilianda
1757 2637 1810 2691 erit
1828 2656 1907 2710 opus,

205 2726 375 2794 prophetoe,
402 2725 606 2794 usupatione,-
625 2723 655 2777 in
672 2726 723 2778 hoc
744 2725 885 2794 doctores,
904 2732 1047 2794 pastores,
1072 2740 1144 2793 quae
1162 2722 1234 2776 enim
1254 2730 1348 2777 nosba
1372 2729 1415 2776 est
1434 2722 1608 2793 simplicitas,
1634 2722 1781 2778 conciliare
1799 2741 1833 2779 ea
1851 2742 1906 2780 non

211 2811 349 2880 episcopi,
377 2812 501 2865 seniores
527 2819 555 2865 et
578 2811 702 2865 diaconi.
746 2813 842 2865 Nouos
864 2818 986 2864 rectores
1004 2826 1045 2862 se·
1071 2826 1225 2878 possumus.
1264 2810 1412 2878 Exponant
1437 2809 1520 2864 etiam
1543 2808 1623 2863 nobis
1643 2809 1769 2879 modum,
1797 2827 1853 2880 quo
1877 2826 1908 2865 se

210 2898 324 2966 quentin
357 2905 483 2966 tempora
511 2896 712 2966 desipuerunt:
730 2910 840 2966 papas,
872 2895 1045 2959 cardinales,
1071 2893 1173 2948 habeat
1194 2893 1230 2948 ad
1256 2891 1420 2948 sacrificium
1439 2894 1582 2961 ostiarius,
1602 2894 1689 2949 lector
1708 2903 1737 2949 et
1754 2895 1908 2955 exorcista?

210 2983 451 3052 archiepiscopos,
475 2981 723 3053 metropolitanos,·
744 2982 896 3053 primates,
916 2983 1046 3045 decom
1072 2999 1137 3035 num
1157 2980 1223 3051 quia
1235 2979 1363 3036 ostiarius
1374 2981 1447 3035 fores
1461 2982 1558 3051 aperit,
1578 2989 1610 3035 ut
1621 2979 1792 3035 sacrificulus
1804 2982 1908 3037 intrare

211 3067 439 3136 archidiaconos,
465 3068 661 3137 praepositos,
691 3068 958 3136 archipresbyteros,
985 3068 1046 3119 sub
1072 3072 1100 3120 et
1117 3066 1230 3121 missam
1248 3065 1389 3121 celebrare
1412 3067 1514 3137 possit,
1540 3073 1567 3122 et
1586 3067 1652 3138 quia
1671 3066 1757 3122 lector
1774 3067 1827 3123 hoc
1847 3066 1908 3122 offi-

216 3153 361 3220 dioconos,
383 3154 525 3219 ostiarios,
538 3155 699 3219 exorcistas,
715 3154 886 3222 psalmistas,
896 3152 1048 3223 acoluthos,
1073 3152 1146 3206 cium
1166 3151 1256 3207 eidem
1274 3158 1406 3222 praestat,
1425 3160 1456 3207 ut
1469 3156 1592 3222 tempore
1604 3151 1732 3207 sacrificii
1750 3170 1767 3207 a
1782 3154 1907 3208 canendo

211 3239 331 3300 abbates,
351 3239 508 3306 monachos,
526 3239 654 3292 Jcsuitas
667 3246 694 3291 et
706 3239 830 3306 infinitos
848 3239 1047 3291 monachorum
1073 3244 1100 3291 et
1119 3237 1238 3308 legendo
1254 3237 1342 3303 sileat,
1361 3246 1390 3292 et
1408 3238 1552 3302 exorcista,
1572 3245 1602 3292 ut
1622 3255 1822 3309 energumenos
1841 3244 1907 3294 ante

211 3322 334 3378 ordirtes.
379 3323 503 3378 Pisecius
525 3324 553 3377 in
578 3341 642 3395 app.
670 3341 741 3395 resp.
762 3324 798 3377 ad
821 3330 858 3378 10.
875 3328 928 3377 rat.
947 3323 1043 3394 Camp.
1072 3323 1172 3377 missae
1189 3323 1400 3378 celebrationem
1419 3341 1453 3378 ex
1478 3323 1582 3393 templo
1601 3324 1714 3393 ejiciat?
1751 3325 1907 3379 Aeoluthus

80 3411 196 3504 2¹:23⁰·
210 3427 237 3479 p.
263 3411 363 3466 133.Η
400 3418 422 3466 e.
442 3410 523 3475 Quod
549 3413 589 3463 ad
607 3412 794 3481 septenarium
813 3427 956 3463 numerum
974 3409 1045 3464 ordi·
1072 3409 1208 3479 ampullas
1227 3417 1312 3480 atque
1330 3409 1454 3463 urceolos
1468 3410 1503 3464 ad
1522 3408 1688 3464 sacrificium
1705 3417 1856 3481 praeparat
1874 3428 1907 3465 ac

81 3520 190 3563 mm...
211 3511 260 3549 nes
284 3495 486 3550 ecclesiasticos
509 3495 631 3566 praecise
658 3495 843 3566 restringunt,
866 3511 928 3548 cum
953 3500 1045 3549 tamen
1071 3493 1241 3549 subdiacono
1269 3495 1401 3566 porrigit,
1429 3494 1617 3550 subdiaconus
1641 3495 1754 3549 calicem
1783 3503 1811 3551 et
1836 3498 1907 3566 pati·

81 3566 186 3658 ffissj
211 3579 389 3635 ecclesiastici
409 3581 554 3651 scriptores
574 3581 655 3634 modo
674 3581 783 3651 plures,
802 3580 883 3635 modo
901 3580 1044 3651 pauciores
1071 3597 1135 3634 nam
1161 3580 1198 3634 ad
1215 3581 1302 3635 altare
1321 3580 1425 3651 defert,
1452 3581 1584 3635 diaconus
1602 3580 1756 3635 oblationes
1777 3582 1862 3636 infert
1880 3588 1909 3637 ot

82 3679 141 3708 nem.
208 3672 356 3720 numerent
379 3666 497 3720 ordines.
545 3664 699 3736 Dionysius
725 3667 826 3736 Areop.
852 3665 887 3720 de
911 3664 1044 3720 hierarch.
1071 3665 1193 3736 disponit
1210 3666 1239 3720 in
1266 3666 1364 3736 altari,
1390 3666 1530 3736 componit
1553 3673 1581 3721 et
1604 3667 1687 3721 vestit
1710 3684 1831 3722 mensam
1849 3666 1907 3724 Do·

210 3750 307 3806 eccles.
335 3768 358 3805 c.
389 3757 412 3806 5.
439 3758 583 3807 enumerat
608 3751 787 3821 pontificum,
816 3753 994 3806 sacerdotum
1018 3760 1044 3806 et
1071 3751 1138 3806 mini
1159 3757 1212 3807 etc.
1233 3768 1299 3822 ergo
1319 3758 1475 3823 respectum
1491 3753 1630 3824 quendam
1648 3752 1753 3808 habent
1770 3755 1806 3808 ad
1824 3755 1907 3810 sacri·

209 3835 401 3889 otinistrorurn
437 3837 580 3905 ordinem,·
615 3837 645 3891 in
676 3838 829 3892 canonibus
856 3837 1044 3908 apostolorum
1070 3835 1172 3900 ficium,
1192 3838 1241 3892 sed
1259 3838 1288 3890 in
1306 3837 1426 3902 ostiario,
1443 3838 1546 3893 lectore
1564 3845 1592 3893 et
1609 3838 1745 3894 exorcista
1762 3839 1831 3894 nihil
1850 3841 1907 3897 tale

209 3928 389 3975 numerantur
415 3920 538 3993 quinque
556 3923 680 3993 ordines,
707 3925 915 3993 episcoporum,
931 3926 1044 3993 presip-
1070 3921 1199 3976 occurrit.
1236 3923 1385 3993 Exponant
1414 3923 1532 3995 denique
1555 3941 1683 3993 censam,
1707 3942 1792 3995 quare
1812 3944 1845 3980 ex
1864 3945 1907 3983 re·

208 4014 338 4070 tororum,
358 4009 551 4074 diaconorum,
563 4009 696 4061 tectorum
708 4017 734 4062 et
747 4017 907 4079 contorum,
925 4009 1043 4063 Ambro·
1070 4014 1167 4079 spectu
1202 4009 1237 4062 ad
1267 4008 1433 4063 sacrificium
1462 4014 1568 4080 septem
1598 4011 1708 4064 ordines
1739 4013 1905 4067 numerandi

208 4090 265 4144 sius
288 4091 316 4145 in
335 4108 358 4147 c.
379 4097 404 4146 4.
425 4090 496 4161 Eph.
515 4097 642 4147 numerat
661 4092 744 4147 otiam
762 4093 893 4165 quinque,
914 4094 963 4148 sed
982 4093 1043 4148 loco
1070 4093 1140 4158 sint,
1168 4111 1231 4148 cum
1254 4095 1326 4148 enim
1355 4094 1487 4148 distincta
1511 4095 1565 4147 sint
1584 4096 1712 4148 ordinum
1730 4096 1904 4168 singulorum

208 4185 352 4230 contonam
381 4177 461 4247 ponit
491 4178 656 4245 eaorcistos3
687 4176 814 4250 Ignatins
840 4180 868 4232 in
898 4179 977 4249 epist.
1007 4178 1043 4232 ad
1070 4178 1172 4247 officia,
1191 4179 1287 4249 utique
1300 4178 1455 4234 etiamsine
1469 4179 1525 4233 ullo
1547 4180 1583 4232 ad
1597 4180 1762 4236 sacrificium
1776 4189 1906 4253 respectu

207 4262 338 4318 Antioch.
374 4268 403 4316 et
435 4261 609 4333 Epiphanius
640 4263 670 4318 in
707 4263 762 4319 fine
793 4264 901 4335 panarii
936 4265 1044 4319 addunt
1069 4264 1175 4319 ratione
1201 4264 1394 4319 distinctorum
1422 4262 1574 4318 officiorum
1605 4268 1784 4322 enumerandi
1816 4274 1905 4334 amnt,

207 4351 373 4415 κοπιῶντας,
397 4349 557 4402 laborantes
575 4349 605 4402 in
624 4349 777 4417 sepultura.
814 4348 940 4420 ignatius
960 4351 1042 4405 etiam
1070 4367 1103 4405 ac
1120 4350 1234 4420 proinde
1253 4365 1315 4402 cum
1335 4348 1458 4404 officium
1483 4349 1605 4420 episcopi
1623 4352 1658 4405 ab
1678 4352 1769 4407 officio
1790 4355 1904 4424 presby-

206 4434 286 4489 sddit
309 4436 499 4502 confessores,
531 4435 690 4489 canonistas
716 4435 824 4491 addunt
849 4437 1040 4505 psalmistam.
1069 4437 1121 4491 teri
1152 4436 1187 4490 rit
1223 4434 1400 4499 distinctum,
1441 4435 1527 4490 stabit
1564 4436 1650 4491 thesis
1690 4438 1903 4513 canonistarum,

206 4517 390 4574 Bellarminus
428 4521 544 4592 regerit,
578 4520 749 4587 Dionysium
785 4521 907 4575 celuim
942 4523 1041 4576 saltem
1069 4521 1143 4594 qnod
1170 4519 1291 4590 dignitas
1318 4519 1481 4591 episcopalis
1510 4521 1546 4575 sit
1574 4522 1642 4577 ordo
1667 4540 1684 4576 a
1708 4524 1904 4595 presbyteratu

205 4605 463 4673 hierarchicam
481 4613 573 4659 autem
593 4607 708 4658 ordines
727 4623 899 4662 enumerare.
936 4608 976 4661 At
993 4608 1041 4662 ubi
1069 4606 1223 4660 distinctus.
1259 4612 1283 4663 7.
1310 4605 1391 4669 Quod
1415 4608 1527 4675 quaevis
1550 4608 1579 4660 in
1604 4609 1721 4662 ecclesia
1745 4611 1903 4664 ministeria

206 4689 373 4760 reliquorum
393 4691 535 4755 ordinum,
564 4689 612 4761 qui
629 4688 666 4744 ab
683 4688 838 4745 hierarchia
856 4692 1042 4747 ecclesiastica
1069 4693 1098 4745 in
1108 4690 1269 4761 peculiares
1281 4691 1395 4744 ordines
1407 4691 1615 4756 transforment.
1642 4692 1813 4748 Foresenim
1827 4695 1902 4749 clau·

206 4792 265 4829 sese
277 4775 386 4829 excludi
406 4792 490 4848 aegre
507 4776 605 4840 ferent,
623 4777 789 4832 mentionem
808 4776 896 4831 facit?
917 4777 1133 4833 Clemen--dere
1156 4792 1190 4830 ac
1217 4775 1337 4846 aperire,
1365 4791 1459 4831 cereos
1483 4779 1634 4834 accendere
1658 4796 1691 4833 ac
1718 4779 1901 4850 circumferre,

205 4867 260 4913 tem
279 4859 307 4912 in
327 4860 481 4915 canonibus
506 4860 600 4932 plures
627 4861 738 4916 ordines
756 4863 917 4933 agnovisse,
942 4820 1134 4955 probationes
1160 4878 1239 4916 sacra
1268 4861 1421 4932 custodire,
1452 4862 1600 4930 mundare,
1627 4864 1664 4918 ad
1695 4882 1761 4918 usus
1793 4866 1902 4920 divinos

206 4960 239 4998 ex
265 4960 325 4999 can.
356 4950 400 4998 15:
431 4946 548 5014 Siquis
562 4949 717 5017 praepter,
742 4955 791 5001 aut
816 4947 967 5009 diaconus,
992 4958 1055 5003 aut¹
1067 4965 1248 5019 praeparare,
1268 4964 1390 5003 mensam
1410 4949 1523 5004 Domini
1541 4951 1651 5017 vestire,
1671 4951 1777 5019 pastori
1798 4952 1834 5007 ad
1853 4952 1902 5006 mi-

205 5031 320 5099 qniiibet
347 5032 382 5082 de
411 5047 525 5086 numero
559 5035 725 5088 clericorum
751 5038 804 5089 etc.
850 5033 891 5086 At
916 5050 971 5088 non
998 4992 1238 5089 estinistrandnm
1260 5035 1385 5103 adstare,
1409 5053 1510 5108 aquam
1534 5036 1569 5092 ad
1589 5033 1774 5105 baptismum,
1800 5054 1901 5108 panem

148 5116 162 5131 ’·
205 5115 330 5185 quaestio
355 5114 391 5168 de
408 5116 535 5170 ordinum
552 5116 729 5188 pluralitate,
753 5119 802 5172 sed
821 5118 857 5171 de
878 5133 972 5171 eorum
993 5118 1039 5173 de·
1067 5127 1095 5175 et
1112 5121 1207 5175 vinum
1227 5120 1263 5174 ad
1288 5119 1472 5178 eucharistiae
1492 5120 1706 5178 celebrationem
1727 5123 1827 5179 afferre
1847 5129 1900 5181 etc.

203 5199 350 5253 terminato
383 5216 505 5258 numero.
556 5202 735 5259 Ambrosium
783 5202 850 5257 dicit
892 5219 1040 5258 censuere
1066 5223 1121 5261 non
1156 5204 1328 5261 constituunt
1362 5207 1517 5277 peculiares
1553 5210 1581 5261 et
1616 5205 1761 5262 distinctos
1792 5210 1901 5266 ordines

203 5285 325 5352 quinque
348 5286 464 5339 ordines
488 5302 521 5339 ea
539 5289 685 5341 occasione
709 5288 781 5343 dicti
796 5290 901 5358 ldpttes.
918 5292 944 5342 4.
965 5296 994 5343 at
1016 5224 1278 5357 siiecclesiasticos,
1305 5292 1356 5347 scd
1380 5301 1444 5348 sunt
1461 5290 1612 5347 ministeria
1638 5306 1670 5346 eo
1691 5294 1772 5349 modo
1790 5311 1902 5367 comps·

203 5368 241 5423 ad
259 5386 403 5426 nummum
423 5373 609 5444 septenarium
629 5374 740 5431 ordines
753 5374 954 5432 ecclesiasticos
963 5375 1038 5446 judi·
1050 5356 1054 5444 i
1068 5385 1143 5444 rate,
1165 5385 1198 5433 ut
1223 5377 1259 5432 ab
1281 5395 1338 5433 uno
1357 5379 1507 5448 eodemque
1532 5374 1642 5432 homins
1663 5378 1745 5435 facile
1764 5382 1900 5451 praestari

1915 4624 1952 4676 lt

1916 4681 1952 4718 vls

1915 4734 1950 4770 lit

1915 4782 1939 4820 lu
1948 4794 1952 4819 t

1915 4839 1950 4872 tra

1916 4895 1952 4924 m}
