4020 6014
235 133 294 191 116
818 119 942 178 Locus
957 117 1163 177 mutemus
1179 117 1344 178 TERTIUS

231 279 341 340 factum
353 294 475 346 prorem
492 277 523 331 in
546 277 660 332 irritum
681 279 803 332 Malus
823 283 849 329 et
867 275 1001 329 ecclesiae
1022 288 1065 325 re·
1092 273 1189 328 scitote
1201 274 1339 327 cormnuni
1349 272 1471 327 ιιιῶιαιο
1485 278 1570 342 atque
1581 271 1745 327 maritate
1755 269 1931 335 steriliter-e,

232 365 354 433 sdtotnr,
371 364 452 432 crpus
467 365 526 429 fuit
544 365 690 434 episcopus
709 371 759 417 out
771 362 919 431 presbyter
936 368 985 414 aut
1003 359 1064 412 dio-
1092 361 1144 412 sed
1161 377 1217 413 non
1232 360 1357 430 proprio
1381 360 1546 427 cujusquam
1568 359 1710 413 uoluntate
1731 363 1780 410 out
1799 356 1929 409 domino-

233 467 318 502 conus
345 450 503 504 ordinatus.
536 466 559 503 e.
590 448 620 504 Si
646 451 708 520 quis
741 448 895 519 presbyter.
931 463 1005 500 esus.
1037 450 1066 497 et
1091 446 1174 500 tione.
1212 448 1314 498 Petrus
1338 453 1451 498 sanctus
1475 445 1608 514 mapister
1631 452 1726 497 noster
1751 450 1777 495 et
1793 443 1929 511 princeps

233 539 340 605 quaest.
357 534 420 588 iisd.
441 552 473 591 ex
492 535 589 590 concil.
610 535 738 590 Antioeh.
756 553 779 590 e.
798 540 827 589 3:
856 533 890 587 st
906 533 968 602 puis
982 546 1062 600 pres·
1091 532 1284 600 apostolorum
1301 533 1336 584 de
1353 531 1529 585 Antiocheno
1554 531 1666 584 ciuitate
1684 528 1817 582 utilitatis
1838 544 1928 580 causo

232 620 309 688 eyter
329 622 371 674 uel
391 622 530 675 diaconus
546 622 590 675 uel
608 622 724 689 quil-ibet
742 621 862 674 clericus
882 621 993 672 deserta
1012 634 1065 669 sua
1091 626 1131 670 est
1148 617 1306 670 translatus
1332 619 1465 684 Romam,
1491 625 1521 669 ut
1546 617 1649 670 ibidem
1671 616 1766 685 potisss
1785 615 1928 682 proficere

223 688 351 760 'ecclesia
374 709 416 760 aol
443 707 532 761 alsam
554 710 754 761 transcundum
779 723 837 760 esse
861 703 1016 758 crediderit
1039 708 1066 754 et
1087 711 1183 772 posset
1188 724 1200 771 ,-
1229 703 1368 756 Eusebius
1386 720 1492 772 quoquc
1510 704 1546 755 de
1564 704 1689 770 quodam
1705 701 1928 770 paruaciuitate

231 790 273 842 ibi
282 793 426 859 paulatim
446 800 529 860 tenet,
547 809 602 861 quo
623 793 767 861 miprouil,
783 798 923 861 perpetuo
944 804 1065 855 monem,
1090 789 1249 858 apostolica
1266 790 1434 842 auctoritate
1454 795 1575 841 mutatus
1594 796 1634 840 cst
1655 788 1684 840 in
1698 787 1928 852 Alexandriam,-

232 876 352 930 ulterius
368 878 532 931 ministrare
550 879 710 947 non-debet,
726 878 898 947 praesertim
915 876 941 928 si
955 876 990 927 ab
1009 872 1064 944 cpi·
1090 876 1220 928 similiter
1240 876 1322 928 Fettn
1342 877 1378 928 dc
1402 875 1528 937 ciuitate,
1551 874 1581 927 in
1603 892 1661 943 pua
1688 874 1838 926 ordinatus
1856 879 1928 936 erat,

231 979 316 1030 scopo
334 982 385 1018 suo
403 966 445 1017 od
461 965 653 1018 reuertendum
664 965 755 1029 suerit
773 964 937 1017 exhortatus.
973 959 1066 1021 Quod·
1089 962 1222 1016 electione
1235 961 1336 1014 cisium
1350 968 1471 1032 propter
1484 961 1643 1013 doctrinam
1661 961 1799 1027 uitamque
1816 959 1926 1026 boisum,

230 1049 258 1099 si
281 1057 349 1115 post
382 1051 585 1103 revocationem
615 1050 662 1102 sui
688 1049 813 1119 episcopi
834 1065 891 1101 non
919 1045 1065 1108 obedierit,
1090 1065 1173 1116 onom
1202 1047 1333 1112 iubebat,
1357 1047 1526 1099 auctoritate
1552 1046 1637 1112 letius
1655 1053 1769 1098 sanctae
1795 1045 1872 1096 sedis
1900 1050 1927 1096 et

230 1135 282 1184 sed
304 1134 463 1188 inobediens
475 1135 709 1205 perseveraverit,
728 1135 804 1188 omni
815 1135 898 1187 modo
918 1132 954 1185 ab
967 1131 1064 1194 officio
1090 1133 1228 1187 communi
1260 1132 1454 1203 episcoporum
1491 1138 1517 1183 et
1542 1131 1716 1200 reliquorum
1746 1130 1926 1183 sacerdotum

230 1236 280 1272 suo
298 1220 527 1289 deposuissem,
546 1237 596 1274 nec
614 1221 862 1289 aliquandospem
879 1215 1062 1272 restitutionis
1090 1236 1124 1270 ac
1137 1218 1310 1287 populorum
1327 1217 1446 1270 consilio
1459 1217 1614 1269 translatus
1626 1224 1667 1269 est
1680 1216 1831 1287 Ephesum.
1858 1216 1925 1268 Non

230 1304 331 1357 tabere
351 1307 534 1360 decernimus.
573 1306 608 1359 Si
622 1322 688 1360 uero
711 1314 831 1375 propter
858 1307 930 1358 lanc
950 1303 1063 1371 csslpam
1089 1303 1160 1357 enim
1179 1304 1281 1357 transit
1300 1304 1335 1355 de
1356 1303 1466 1355 ciuitate
1485 1302 1695 1368 adsimulem,
1714 1318 1763 1354 nec
1783 1302 1925 1364 transser-

210 1374 383 1462 ‘depositum
416 1392 492 1445 alins
521 1392 668 1460 episcopus
698 1392 866 1463 susceperit,
902 1399 928 1444 et
957 1391 1018 1459 ipse
1044 1407 1062 1442 a
1088 1398 1135 1442 tur
1153 1392 1188 1442 sle
1204 1391 1310 1444 minore
1334 1390 1375 1441 od
1398 1391 1551 1458 mojorem,
1579 1389 1629 1457 qui
1652 1389 1704 1440 lsoc
1728 1406 1782 1440 stou
1808 1388 1924 1456 ambis,

229 1477 367 1530 communi
396 1479 503 1544 synodo
531 1494 654 1545 poenam
683 1479 833 1530 merebitur
860 1475 1062 1544 increpationis
1088 1493 1138 1529 nec
1152 1477 1276 1545 proprio
1293 1476 1436 1529 uoluntate
1453 1476 1553 1544 facit;
1578 1476 1629 1527 sed
1647 1482 1697 1526 aut
1714 1475 1743 1526 oi
1765 1492 1784 1525 a
1799 1474 1925 1543 proprio

228 1568 361 1629 tanquam
374 1562 562 1615 ecclesiastica
571 1562 646 1630 jura
659 1562 821 1616 dissolvens.
834 1578 858 1616 e.
881 1561 1059 1632 Episcopum.
1086 1562 1152 1614 sede
1167 1563 1317 1631 depulsus,
1336 1568 1385 1614 aut
1403 1562 1566 1614 necessitate
1586 1567 1712 1627 coactus,
1732 1568 1782 1612 aut
1801 1561 1924 1614 utilitate

228 1662 301 1700 esus.
319 1653 347 1701 et
366 1652 473 1718 quaest.
494 1645 555 1702 iisd.
583 1663 616 1701 ex
636 1646 734 1701 eodem
752 1646 869 1701 concilio
886 1645 1061 1702 Antiocheno
1086 1647 1145 1699 loci
1160 1647 1205 1701 uel
1218 1647 1323 1717 populi
1339 1665 1395 1700 non
1412 1648 1543 1715 superbe,
1570 1647 1622 1698 sed
1640 1645 1782 1698 bussilitcr
1801 1647 1836 1698 ab
1854 1647 1924 1700 aliis

227 1749 251 1786 c.
280 1737 326 1786 21:
359 1733 535 1802 Episcopum
564 1734 599 1786 de
626 1733 749 1786 dioecesi
775 1734 817 1785 ad
842 1733 981 1786 dioecesin
1006 1752 1060 1786 non
1085 1735 1243 1788 translatus
1261 1741 1364 1788 estete.
1378 1734 1440 1787 olio
1453 1734 1525 1785 enlm
1540 1741 1679 1786 ntcauso
1699 1732 1841 1796 utilitatis,
1860 1733 1923 1786 alia

229 1819 329 1871 debers
349 1819 480 1885 mandre,
499 1834 588 1886 neque
605 1819 633 1870 si
651 1835 680 1871 se
698 1819 790 1887 ipsum
802 1819 956 1888 inperserit‚
974 1836 1060 1888 neque
1086 1821 1226 1874 suarinas
1244 1828 1269 1874 et
1280 1820 1501 1888 praesumtionis
1519 1837 1553 1872 ac
1562 1819 1701 1889 propriae
1719 1818 1877 1874 uoluntatis.
1897 1836 1922 1873 e.

226 1905 252 1956 si
263 1921 281 1956 a
292 1904 408 1973 populis
417 1905 508 1968 fuerit
520 1904 654 1958 uiolenter
674 1912 819 1974 attractus,
837 1922 925 1974 neque
938 1905 965 1957 si
976 1906 1059 1958 etiam
1086 1905 1164 1959 Scies
1184 1922 1268 1961 cause
1286 1910 1314 1960 st
1332 1909 1439 1976 quaest.
1461 1903 1559 1958 iisdem
1577 1920 1611 1958 ex
1633 1902 1751 1973 epistola
1766 1903 1875 1974 Pelagii
1897 1909 1922 1958 2.

226 1991 278 2042 lsoc
296 1990 324 2043 ei
340 1990 376 2042 ab
393 1991 532 2060 episcopis
555 1993 736 2059 suaderetur,
759 2007 871 2045 munere
890 1999 981 2045 autem
998 2009 1059 2045 eum
1086 1992 1121 2047 sd
1145 1991 1303 2061 Benignum
1329 1989 1462 2060 archiep:
1493 1988 1591 2058 Seios,
1615 1991 1708 2053 frater
1732 1989 1921 2053 dilectissime,

226 2075 328 2130 debere
345 2076 376 2128 in
395 2077 514 2131 ecclesia
532 2078 598 2146 Dei,
615 2095 698 2146 quam
717 2078 752 2132 ab
776 2078 858 2134 initio
876 2079 992 2133 sorls'tus
1012 2087 1059 2148 est,
1086 2077 1169 2130 aliud
1196 2093 1254 2130 esse
1277 2094 1393 2130 causam
1417 2076 1590 2129 necessitatis
1616 2083 1642 2128 ct
1667 2075 1813 2142 utilitatis,
1837 2075 1923 2128 aliud

227 2170 253 2214 et
279 2179 335 2214 non
358 2162 393 2214 ab
417 2179 452 2216 ca
469 2163 541 2216 alibi
557 2164 731 2231 demiprare,
755 2165 907 2218 secundum
932 2165 1058 2233 repellam
1080 2163 1300 2232 praesumtionis
1322 2180 1357 2215 ac
1386 2163 1523 2231 propriae
1549 2161 1710 2216 uoluntatis.
1759 2163 1824 2215 Non
1854 2178 1919 2230 erpo

226 2263 313 2315 super
328 2248 381 2300 lsoc
399 2248 636 2319 olimapatrilus
649 2251 827 2305 constitutam
839 2251 1020 2306 decmimm.
1035 2268 1058 2306 c.
1085 2255 1174 2300 mutat
1197 2250 1305 2315 sedem,
1330 2248 1380 2316 qui
1403 2264 1458 2300 non
1482 2252 1571 2299 mutat
1595 2253 1725 2309 mentem,
1749 2247 1782 2299 id
1808 2255 1847 2300 est
1871 2247 1921 2315 qui

226 2330 255 2387 Si
274 2331 336 2403 quis
355 2333 510 2404 episeopus.
535 2352 610 2390 esus.
633 2341 662 2390 et
686 2341 792 2406 quaest.
815 2336 878 2391 iisd.
900 2353 933 2391 ex
959 2338 1059 2393 Leonis
1084 2352 1139 2388 non
1149 2334 1293 2388 onustius
1306 2350 1402 2400 causa,
1421 2341 1470 2386 aut
1492 2332 1699 2400 dominationis,
1720 2334 1919 2402 autproprioe

225 2418 341 2488 epistole
353 2420 388 2473 sd
400 2420 580 2475 Anestesium
595 2421 884 2476 Thessalonicensium
899 2423 1058 2494 episcopum
1084 2421 1236 2474 uoluntatis
1255 2420 1300 2473 uel
1320 2419 1516 2474 delectationis
1539 2435 1606 2472 suae
1629 2419 1733 2487 miqrat
1752 2420 1919 2473 decivitate

225 2512 296 2576 pert.
311 2511 332 2560 1.
344 2505 423 2575 epist.
437 2512 477 2562 82.
493 2525 517 2560 e.
531 2513 560 2562 ὃς
581 2508 615 2562 Si
632 2509 695 2576 quis
712 2509 858 2577 episcopus
876 2526 945 2562 suae
962 2510 1059 2563 ciuita-
1086 2508 1127 2559 asi
1145 2507 1289 2570 ciuitatem,
1308 2509 1360 2559 sed
1376 2525 1463 2559 cosma
1479 2505 1650 2558 necessitatis
1669 2511 1695 2556 et
1712 2505 1845 2559 utilitatis
1862 2525 1918 2559 mu·

225 2591 262 2642 tis
280 2590 474 2645 mediocritate
494 2595 626 2662 despecto
645 2592 918 2647 administrationem
928 2595 1058 2649 celebrio-
1086 2579 1188 2648 tatum*
1207 2594 1282 2647 Nam
1300 2592 1488 2662 plurimorum
1513 2591 1623 2644 utilitas
1641 2592 1723 2642 ussisse
1742 2591 1859 2644 istilitoti
1875 2593 1919 2646 uel

224 2676 265 2726 ris
286 2676 344 2729 loci
361 2677 491 2730 ambierit
507 2686 534 2731 et
551 2679 593 2730 ud
610 2677 747 2746 majorem
763 2678 872 2746 plebem
891 2697 920 2732 ss
938 2698 1059 2749 quacun-
1084 2677 1224 2731 uoluntati
1241 2678 1439 2745 pracferenda
1461 2684 1510 2729 est.
1547 2677 1640 2731 Aliud
1660 2676 1732 2729 enim
1752 2685 1791 2730 est
1810 2685 1920 2731 mutare
1951 2698 1954 2703 ·

224 2779 276 2830 que
292 2763 402 2817 ratione
414 2764 598 2827 transtulerit,
617 2763 785 2817 ocothedra
804 2766 917 2832 quidem
928 2767 1059 2834 pellatur
1086 2770 1112 2815 st
1137 2763 1222 2817 uliud
1244 2763 1356 2818 meaturi.
1400 2764 1475 2816 Nom
1498 2763 1581 2816 olisai
1605 2771 1645 2815 est
1668 2770 1766 2832 eporste
1787 2765 1920 2828 transire,

224 2849 328 2917 alieno,
348 2851 453 2904 carebit
467 2852 549 2904 etiam
559 2850 691 2919 propria,
709 2858 739 2903 ut
757 2867 806 2903 nec
819 2851 1059 2921 illispraesideot‚
1086 2849 1170 2902 aliud
1186 2857 1281 2903 coacte
1304 2857 1353 2903 aut
1373 2850 1535 2902 necessitate
1559 2850 1667 2917 tranire,
1693 2851 1769 2901 rende
1797 2867 1850 2903 non
1870 2851 1921 2905 isti

224 2953 294 3003 qssos
309 2952 364 3004 per
383 2937 536 2990 averniam
555 2937 727 3004 concupiuit,
754 2953 804 2990 nec
823 2938 897 3002 illus,
922 2957 991 3009 quos
1004 2957 1060 3010 per
1086 2943 1192 2988 mutant
1216 2935 1368 3002 ciuitatem,
1393 2937 1446 2988 ssd
1468 2942 1625 3004 mutantur,
1650 2935 1719 3003 quio
1741 2944 1919 3005 senopem,

224 3021 382 3089 supertiam
397 3022 510 3090 spons.
558 3020 625 3073 Suis
650 3022 736 3090 initur
765 3023 890 3077 terminis
916 3034 1059 3080 consensus
1085 3023 1137 3075 sed
1155 3028 1249 3075 coacte
1273 3021 1323 3074 loc
1350 3028 1445 3089 ayunt·
1490 3021 1555 3075 Non
1579 3037 1645 3090 troo
1668 3021 1734 3074 esne
1757 3022 1919 3090 incedisset

80 3111 211 3158 xltmlt
224 3107 339 3174 quisque
355 3105 404 3170 sit,
427 3123 477 3160 nec
504 3124 594 3175 stupra
621 3123 767 3159 mensuras
790 3108 866 3174 juris
884 3112 932 3163 sui
949 3115 1060 3182 affectet
1085 3107 1290 3160 ecclesiasticas
1309 3107 1437 3176 repulus,
1457 3107 1505 3174 qni
1524 3107 1574 3158 ltoc
1594 3115 1704 3175 nequet,
1722 3124 1810 3160 carssa
1827 3124 1918 3162 neces·

223 3193 332 3259 nuperi.
353 3209 376 3245 e
402 3192 431 3249 si
455 3192 526 3262 quis.
550 3191 585 3246 de
609 3191 705 3245 ordine
724 3208 800 3248 esus.
826 3199 855 3248 et
872 3204 978 3266 quaest.
997 3199 1058 3253 iisd.
1085 3193 1178 3247 sitatis
1204 3193 1247 3247 uel
1273 3192 1406 3245 utilitatis
1426 3193 1493 3255 ficri
1507 3209 1605 3260 posse,
1634 3194 1740 3261 quoties
1767 3197 1919 3248 communis

223 3295 257 3332 ex
274 3277 389 3332 consilio
406 3277 557 3335 Mettensi:
579 3278 614 3331 Si
630 3280 692 3346 quis
712 3281 747 3332 ds
765 3280 865 3333 ordine
884 3285 1061 3338 sacerdotate·
1084 3279 1235 3332 secuntus
1252 3285 1303 3350 *ant
1320 3278 1430 3330 utilitas
1446 3279 1631 3348 persuaseris.
1655 3294 1680 3334 c.
1711 3277 1813 3334 Omnis.
1833 3296 1919 3335 csuss

223 3373 358 3419 contemtu
377 3365 495 3419 minoris
513 3365 646 3418 ecclcsiae
669 3365 815 3419 ambitiose
833 3374 859 3419 et
879 3368 1002 3440 improbe
1019 3375 1059 3425 ad
1086 3369 1114 3418 et
1129 3369 1234 3434 quaest·
1253 3363 1351 3417 iisdem
1369 3379 1402 3417 01
1422 3363 1483 3418 eid·
1504 3362 1583 3433 epitt·
1601 3362 1723 3435 Pelagii:
1746 3367 1856 3432 Notaui
1867 3369 1917 3419 mi·

219 3451 359 3519 potiorem
382 3451 568 3520 aspiraverit,
594 3451 730 3504 canonico
755 3468 823 3520 erpo
847 3469 908 3506 eum
932 3457 1058 3520 definito
1084 3450 1285 3517 tericortlt'ant,
1303 3449 1494 3503 necessitatem
1513 3450 1699 3518 patientibus,
1728 3452 1778 3519 qui
1801 3454 1919 3521 populis

222 3543 409 3605 construetur,
428 3537 480 3591 lec
499 3544 539 3589 est
557 3544 587 3589 ut
607 3543 726 3606 utraque
743 3545 847 3591 careat.
882 3539 1058 3596 “Bemhan
1085 3535 1272 3604 indipentibus
1297 3536 1404 3589 diuinis
1429 3535 1592 3589 ministeriis
1622 3543 1647 3589 ct
1674 3553 1730 3589 non
1755 3538 1919 3593 labentibus

222 3620 275 3675 dus
298 3621 377 3691 epist.
405 3627 446 3677 87.
473 3621 583 3686 assuit,
611 3623 805 3677 indissolubile
828 3623 969 3680 uinculum
986 3629 1058 3682 inser
1079 3622 1231 3690 propitiam
1250 3622 1422 3692 episcopum,
1441 3621 1491 3690 qut
1508 3638 1553 3674 sos
1572 3622 1701 3685 inssi-ms,
1721 3640 1807 3675 causa
1825 3641 1917 3677 nsces-

222 3707 368 3760 scclssiam
389 3715 415 3759 st
432 3707 589 3760 ministrnm
608 3725 663 3761 non
682 3710 774 3762 minus
797 3727 882 3778 qnam
901 3712 972 3766 inser
995 3731 1057 3768 con·
1083 3707 1178 3759 sitatis
1206 3715 1289 3775 atque
1316 3707 1465 3775 utilitatis,
1495 3715 1525 3760 ut
1553 3725 1585 3760 ea
1608 3707 1670 3760 aiio
1699 3708 1824 3778 ciuitate,
1851 3711 1917 3764 licet

215 3792 301 3861 jupes
332 3807 397 3846 esse.
442 3791 537 3846 Simile
560 3792 627 3863 quid
654 3793 774 3849 hebetur
801 3813 824 3850 c.
850 3795 928 3853 Sicut
954 3799 997 3853 vir
1023 3817 1057 3855 ex
1083 3795 1176 3846 minor
1188 3793 1233 3863 sit,
1247 3793 1277 3846 in
1290 3809 1444 3862 somenae
1458 3810 1514 3847 non
1530 3793 1612 3846 labet
1625 3793 1792 3864 episcopum,
1811 3797 1915 3850 doctio-

221 3876 343 3932 Eueristi
368 3875 448 3947 epist.
468 3882 491 3932 2.
509 3893 584 3930 esus.
612 3883 634 3933 l.
655 3896 681 3949 q.
703 3886 724 3935 t.
741 3881 791 3935 sed
808 3881 877 3937 illud
896 3884 1057 3955 simpliciter
1083 3897 1142 3934 rem
1159 3880 1203 3933 uel
1219 3879 1358 3949 potiorem
1378 3888 1403 3933 st
1431 3880 1572 3934 utiliorem
1591 3880 1705 3933 meliori
1720 3882 1839 3936 connlio
1858 3900 1915 3937 non

221 3962 333 4033 probari
360 3961 504 4034 nequiit*
1082 3974 1179 4036 spem
1198 3974 1401 4035 transeuntem,
1420 3969 1472 4020 sed
1487 3968 1628 4034 maionem
1649 3967 1839 4022 exhortatione
1856 3987 1913 4022 mu·

93 4047 208 4142 Πιῗξιΰῡ·
259 4053 314 4104 173.
332 4048 554 4119 Atnequsqusm
565 4046 758 4104 translationes
766 4050 1055 4110 sivetrsnsloestiones
1082 4062 1143 4107 tare
1160 4060 1277 4122 nepam,
1301 4061 1351 4107 aut
1370 4054 1528 4121 episcopum
1547 4054 1683 4121 dejectum
1701 4062 1727 4107 et
1743 4057 1915 4122 persecutio·

92 4104 183 4202 im‘f'
221 4133 1053 4210 episcoporumsimplicitersuntprohibitse,sedsigrsvijtn·
1081 4156 1144 4193 nem
1157 4141 1310 4208 patientem
1327 4157 1415 4193 causo
1428 4139 1561 4193 utilitates
1571 4146 1621 4191 aut
1633 4142 1804 4195 neccessitatis
1816 4143 1914 4197 nolunt
1943 4190 1946 4194 ,

93 4202 183 4246 ⁶¹⁰⁶*
222 4220 294 4274 dicio
308 4219 542 4290 suscipienturob
555 4219 711 4274 evidentem
723 4220 1055 4290 sliqusmecclesieeuti·
1082 4225 1279 4279 instro-ninam.
1295 4241 1319 4278 c.
1356 4222 1520 4295 Episcopus.
1541 4241 1626 4278 eausa
1643 4230 1670 4279 et
1690 4233 1795 4295 quaest.
1816 4227 1914 4282 iisdem

218 4305 335 4375 litatem,
343 4305 454 4381 amnino
462 4304 621 4375 probsndse
631 4311 703 4365 sunt.
716 4304 981 4376 1.quisdedieeonis
988 4310 1055 4367 dicit
1081 4327 1115 4366 ex
1133 4310 1228 4366 concil.
1248 4309 1379 4382 Certheg.
1400 4317 1424 4366 3.
1445 4311 1489 4366 vel
1501 4309 1593 4382 potius
1606 4317 1629 4365 t.
1648 4327 1672 4367 c.
1687 4317 1733 4367 27:
1752 4314 1913 4383 Episcopus

183 4419 188 4430 ·
218 4391 358 4462 spostolus
379 4397 401 4447 1.
414 4390 483 4446 'lin
504 4395 529 4453 3,
547 4407 572 4446 v.
594 4395 639 4445 13:
671 4389 727 4453 Qui
745 4391 810 4444 bene
829 4394 1054 4461 ministraverint,
1081 4399 1116 4449 de
1144 4397 1205 4450 loco
1233 4397 1353 4464 ipnobili
1374 4400 1415 4452 ad
1436 4396 1557 4452 nobilem
1573 4414 1630 4465 per
1655 4399 1833 4453 unitionem
1856 4418 1913 4454 non

217 4478 449 4546 pradumbonum
467 4475 523 4529 sibi
533 4476 690 4543 acquirunt.
716 4475 838 4531 Possunt
849 4477 935 4548 igitur
946 4480 1053 4537 dissoni
1080 4490 1218 4550 masenot,
1243 4500 1292 4536 nec
1319 4485 1465 4553 quisquam
1488 4483 1637 4551 inferioris
1655 4485 1767 4538 ordinis
1786 4487 1912 4541 clericum.

216 4570 291 4617 recte
308 4568 337 4618 et
355 4561 474 4618 fideliter
498 4560 527 4614 in
552 4559 643 4614 officio
670 4577 731 4616 sese
749 4568 877 4632 gerentes
895 4566 932 4619 sd
954 4565 1054 4622 altiore
1081 4567 1157 4621 Sane
1180 4567 1208 4619 si
1234 4566 1343 4621 nenas
1370 4568 1504 4622 secunus
1523 4571 1699 4638 poposcerit,
1724 4574 1835 4625 decreto
1855 4591 1911 4642 pro

218 4648 299 4702 etiem
316 4648 359 4703 vel
377 4649 406 4702 in
424 4648 530 4717 iisdem,
551 4647 594 4701 vel
614 4647 642 4701 in
660 4647 721 4701 eliis
739 4648 862 4703 eeclesiis
881 4650 976 4705 munis
991 4669 1052 4723 pro·
1078 4669 1110 4707 eo
1137 4653 1303 4706 clericorum
1329 4662 1356 4706 st
1384 4654 1521 4708 laicorum
1555 4657 1694 4727 episcopis
1720 4666 1854 4726 porrecto
1881 4660 1912 4712 in

140 4806 148 4817 ι
186 4807 189 4813 A
217 4734 328 4788 moveri.
360 4740 383 4790 2.
400 4734 472 4798 Quis
487 4734 591 4788 Paulus
603 4733 779 4788 Timotheum
792 4735 926 4789 etTitum
939 4745 1052 4808 propter
1072 4739 1265 4810 praesentiam
1296 4740 1400 4808 synodi
1424 4742 1619 4804 transferatur
1644 4743 1825 4797 nibilominus
1852 4743 1911 4799 alio

217 4819 349 4873 eeclesiae
383 4819 532 4874 utilitatem
564 4820 599 4874 de
629 4819 690 4874 loeo
720 4819 749 4873 in
778 4819 869 4876 locum
900 4823 1106 4889 transtulitin
1128 4825 1219 4879 locum
1244 4824 1305 4892 ejus
1331 4833 1491 4893 surrepato.
1534 4827 1687 4894 Inferioris
1713 4844 1778 4879 sero
1803 4832 1969 4896 yredusm

217 4909 241 4959 3.
271 4904 406 4974 Nuspiem
436 4910 528 4960 exstet
556 4906 703 4976 peculiaris
735 4906 872 4976 quaedem
891 4907 1235 4977 prohibitio‚}saccrdotes
1253 4909 1298 4963 sel
1321 4910 1377 4963 olii
1402 4911 1501 4966 cleriei
1522 4915 1697 4968 corscessions
1721 4928 1835 4967 suorrm
1854 4918 1910 4986 cpi·

216 5006 272 5060 qus
289 4989 422 5044 ecelesiae
442 4991 636 5060 interdictum,
653 5007 688 5045 ne
708 5007 784 5060 eum,
804 4991 852 5061 qui
870 4991 899 5045 in
916 4993 970 5048 elio
989 4994 1050 5049 loeo
1075 5013 1223 5067 scaporum
1239 5002 1359 5065 pessunt
1382 4997 1423 5048 ad
1447 4997 1521 5051 alios
1539 4999 1673 5052 ecclesias
1696 5000 1909 5068 transmigrare.

213 5075 368 5130 ministrum
390 5075 464 5146 egit,
495 5077 531 5131 sd
554 5076 675 5132 officium
701 5075 918 5132 ecclesiasticum
944 5086 1047 5137 evocet.
1059 5144 1062 5153 ‚
1074 5098 1097 5136 c.
1121 5081 1207 5137 Sicut.
1219 5096 1293 5135 esus.
1304 5086 1332 5135 et
1344 5088 1449 5151 quaest.
1468 5082 1580 5139 iisdem:
1601 5082 1636 5135 ss·
1643 5091 1807 5149 persecutus
1818 5085 1909 5149 fuerit

213 5167 238 5215 4.
257 5160 322 5214 Huc
342 5161 426 5215 etism
444 5162 585 5231 pertinent
602 5167 749 5234 sequentes
767 5178 894 5218 senones.
913 5180 935 5219 c.
958 5156 1062 5219 ltlutu-¹
1075 5166 1246 5237 (episeopus)
1272 5168 1303 5220 in
1322 5184 1374 5219 sisa
1394 5168 1525 5231 ecclesia,
1552 5166 1723 5236 sapiendum
1747 5176 1788 5220 est
1804 5170 1851 5223 illi
1868 5173 1910 5224 ad

212 5245 300 5300 tiones
318 5262 405 5301 ceusu
425 5254 448 5302 t.
462 5264 489 5318 q.
505 5254 526 5302 ι.
547 5264 580 5302 ex
598 5248 716 5318 epistole
733 5248 868 5302 Anthenii
886 5249 923 5303 sd
943 5251 1048 5321 episeo-
1073 5253 1194 5306 alteram
1221 5253 1379 5320 ecclesiam,
1406 5254 1487 5322 eique
1512 5259 1554 5308 est
1570 5250 1740 5314 sociandum
1766 5255 1793 5307 si
1818 5262 1909 5310 autem

212 5347 262 5401 pos
281 5332 391 5389 Beticos
417 5340 445 5389 et
462 5332 627 5391 Toletsnos:
657 5336 830 5390 Mmmonss
849 5335 1046 5405 episcoporum
1072 5337 1202 5392 utilitatis
1228 5354 1316 5393 cause
1333 5338 1423 5401 fuerit
1445 5337 1616 5404 numam,
1644 5353 1700 5390 non
1724 5355 1778 5408 per
1801 5357 1830 5394 ss
1856 5341 1908 5396 lsoc
