4020 6014
704 130 757 187 DR
775 128 998 190 matusale
1017 126 1318 191 RCCIESIMICO.
1785 134 1850 195 255

155 283 251 339 aare
271 300 373 339 mares
394 286 522 340 oriminis
547 287 594 341 tie
617 287 756 355 usurpari
775 304 830 357 pro
857 287 941 355 prosi
963 294 989 340 et
1017 301 1072 340 non
1100 287 1304 357 eopcubiuatus
1329 293 1465 359 perpetuo
1490 284 1593 340 durans
1616 283 1729 356 majoris
1751 283 1849 338 intem·
1895 346 1899 367 f

153 368 239 441 letali
269 379 385 439 peccato
420 373 508 440 jacta
549 373 808 442 interpretationem
837 373 991 441 Aupmtirsi
1019 374 1161 439 perantiae
1180 383 1209 429 et
1225 371 1565 444 incontinentiaesignum
1578 387 1662 443 quam
1679 370 1850 440 interruptae

155 464 238 510 macr.
263 459 304 511 41.
331 459 362 511 irs
387 459 455 515 Joh.
481 468 510 512 et
533 459 581 512 lib.
600 462 625 512 1.
645 466 745 513 contra
762 462 837 513 daos
855 460 989 531 epistolas
1017 459 1154 529 nuptiae?
1170 477 1207 514 an
1224 478 1280 515 non
1298 459 1497 515 concubinatus
1518 465 1545 514 et
1563 458 1729 514 adulterium
1745 456 1849 512 directa

156 541 258 611 Peiup.
283 560 346 612 cap.
371 549 412 601 14.
433 547 566 614 repando
583 553 675 599 uatem
697 547 789 600 verbis
807 546 990 614 sequentibus,
1017 554 1143 615 pugnant
1169 562 1234 600 cum
1256 545 1320 618 lege
1338 546 1447 609 divina,
1471 545 1546 616 quod
1569 545 1603 599 de
1621 543 1726 599 iteratis
1743 540 1849 613 nuptiis

155 630 237 697 upari
252 629 379 682 Paulam
396 630 547 698 explicari,
575 633 652 700 qaod
677 633 714 685 eit
737 648 796 685 esse
816 633 989 703 irreprehen·
1017 630 1072 685 dici
1089 630 1208 702 nequit?
1224 632 1371 686 ostendant
1389 632 1471 700 euim,
1495 631 1646 702 digamiam
1665 627 1849 684 successivam

156 713 265 767 Abilam
294 722 321 768 et
348 715 409 767 sine
435 717 565 784 crimine,
593 719 645 769 sed
672 719 810 772 duntaxat
836 719 991 781 declarari,
1017 714 1118 770 alicubi
1137 733 1198 771 esse
1221 716 1404 786 prohibitam,
1436 717 1568 787 probent,
1597 717 1711 771 iteratas
1737 713 1849 784 nuptias

156 800 316 869 episcopam
334 800 435 854 debere
450 819 507 854 nors
526 802 618 855 solum
635 819 694 856 esse
713 804 773 857 sine
792 804 922 870 crimine,
939 805 990 855 sed
1018 816 1078 856 esse
1097 802 1206 872 siguum
1225 801 1337 872 majoris
1364 803 1593 873 intemperantiae
1618 818 1701 873 quam
1719 797 1849 854 concubi·

157 888 243 940 etium
254 886 474 941 maitiedotiias
488 896 625 956 ornatum,
643 891 868 957 atmoaopamia,
888 890 989 943 sobrie·
1017 897 1112 941 natum
1133 889 1179 942 vel
1206 888 1350 943 adulteria.
1392 889 1590 960 Deuterogami
1615 887 1765 960 aliquando
1792 900 1846 940 nou

156 979 222 1035 tate,
239 974 372 1026 doctrina
388 981 440 1028 etc.
474 972 700 1043 Respondemus:
721 975 875 1044 proprietas
892 991 989 1028 vocum
1016 980 1072 1027 tam
1092 974 1206 1028 ustionis
1225 976 1441 1046 restinguendae
1467 976 1558 1047 gratia
1581 992 1664 1046 quam
1689 975 1725 1029 ob
1749 971 1790 1026 rei
1807 969 1847 1026 ia·

157 1056 323 1127 ἀνίγκλητος
340 1065 385 1112 καὶ
404 1058 591 1126 ἀνεπίληπτος
602 1065 646 1114 est
659 1060 727 1115 satis
744 1061 898 1122 manifesta,
916 1061 989 1132 quod
1018 1060 1130 1114 miliaria
1148 1077 1243 1115 curam
1260 1062 1372 1131 nuptias
1391 1061 1504 1127 iterant,
1533 1061 1582 1116 sad
1605 1058 1794 1115 concubinarii
1820 1064 1848 1113 et

158 1143 265 1199 scilicet
282 1144 338 1200 illis
358 1147 504 1202 denotetur
522 1145 594 1215 talis,
615 1147 662 1217 qui
675 1146 851 1218 gravioribus
872 1154 990 1202 etnoto·
1017 1145 1135 1200 adulteri
1159 1146 1244 1200 solius
1267 1147 1390 1201 libidinis
1413 1163 1581 1202 causacum
1606 1145 1766 1201 mulieribus
1784 1158 1848 1198 con·

158 1229 206 1283 riis
224 1230 383 1285 criminibus
402 1248 457 1285 non
479 1238 522 1287 est
540 1232 689 1295 obnoxius,
715 1231 891 1288 cohaerentia
907 1233 990 1288 etiam
1018 1238 1156 1287 suescunt.
1178 1232 1376 1305 Deuterogami
1395 1234 1541 1289 honestum
1554 1251 1587 1288 ac
1605 1234 1712 1288 licitum
1732 1231 1848 1286 ustionis

158 1321 251 1372 textus
269 1315 337 1370 satis
355 1323 396 1371 est
412 1316 575 1387 perspicua,
603 1318 678 1388 quod
694 1319 789 1389 generi
806 1319 991 1388 subjiciantur
1018 1318 1168 1372 remedium
1186 1329 1336 1388 quaerunt,
1363 1320 1553 1374 concubinarii
1568 1327 1595 1374 et
1612 1318 1730 1373 adulteri
1749 1318 1785 1372 ad
1802 1333 1848 1372 ue·

160 1402 275 1471 specics.
301 1402 406 1457 Probet
421 1404 689 1469 veroBellarminus‚
708 1406 911 1476 monogamiam
931 1421 991 1459 esse
1018 1403 1089 1457 faria
1116 1413 1144 1458 et
1171 1405 1272 1459 divinis
1298 1406 1407 1476 legibus
1438 1406 1577 1460 contraria
1603 1404 1708 1460 scelera
1736 1403 1848 1459 abeunt.

159 1488 328 1558 peculiarem
344 1490 466 1561 aliquam
486 1489 615 1546 virtutem
632 1491 661 1545 in
681 1491 810 1562 episcopo
823 1492 990 1562 requisitam,
1018 1489 1193 1545 Vocabulum
1211 1494 1426 1545 incontinentiae
1444 1499 1486 1547 est
1507 1491 1684 1562 ambiguum,
1712 1489 1757 1544 rel
1775 1489 1848 1544 euim

159 1581 258 1630 contra
276 1592 342 1630 vero
357 1576 472 1631 iteratas
490 1577 602 1646 nuptias
621 1593 681 1632 csse
699 1578 810 1632 crimen.
1019 1574 1159 1646 significat
1176 1578 1330 1632 carentiam
1341 1576 1489 1648 peculiaris
1501 1578 1575 1631 illius
1593 1577 1657 1631 doni
1675 1582 1751 1630 caste
1770 1579 1849 1629 extra

195 1666 254 1719 359.
292 1669 317 1718 t.
344 1661 374 1718 Si
400 1662 546 1733 episcopus
577 1662 692 1718 deberet
718 1680 778 1719 esse
803 1679 991 1733 monogamus,
1019 1662 1179 1732 conjugium
1212 1662 1337 1727 vivendi,
1374 1663 1513 1734 quomodo
1537 1663 1673 1733 accipitur
1701 1671 1721 1718 1.
1740 1661 1803 1717 Cor.
1824 1667 1848 1726 7,

161 1753 212 1802 sut
230 1748 300 1803 ratio
318 1747 401 1818 hujus
420 1750 461 1804 rei
478 1756 552 1804 esset
563 1749 683 1818 moralis,
703 1750 834 1805 videlicet
850 1750 888 1804 ob
906 1750 991 1819 majo·
1019 1765 1044 1800 v.
1063 1754 1088 1803 5.
1106 1755 1136 1803 et
1153 1756 1177 1804 9.
1195 1748 1240 1803 vel
1257 1749 1396 1820 siguificat
1414 1751 1513 1804 vitium
1534 1750 1764 1821 intemperantias
1780 1746 1849 1802 diri·

160 1850 219 1888 rem
238 1834 448 1907 continentium,
465 1836 510 1890 vel
528 1844 603 1890 certe
619 1836 771 1906 spiritualis
789 1837 847 1891 sive
865 1837 992 1907 mystica,
1019 1833 1061 1886 nis
1083 1834 1192 1905 legibus
1215 1838 1382 1907 repughaus.
1416 1837 1445 1892 si
1468 1838 1559 1907 priore
1583 1853 1665 1891 sensu
1689 1852 1742 1891 vox
1766 1834 1848 1905 ispa·
1934 1845 1936 1848 ·

160 1919 291 1976 videlicet
313 1920 350 1975 ob
373 1919 602 1990 significationem
631 1922 754 1993 conjugii
782 1922 864 1976 unius
890 1920 991 1977 Christi
1020 1925 1081 1980 σίας
1106 1921 1151 1973 vel
1182 1922 1273 1992 potius
1300 1921 1497 1993 ἀνεγκρατιίας
1513 1929 1675 1993 usurpetur,
1706 1937 1849 1992 negamus,

162 2022 226 2061 cum
248 2023 303 2061 una
326 2007 451 2061 ecclesia
486 2009 526 2062 At
551 2013 681 2063 neutrum
707 2008 761 2062 dici
785 2015 884 2078 potest.
921 2007 992 2063 Nam
1019 2022 1079 2061 eam
1099 2023 1159 2061 esse
1176 2006 1205 2060 in
1222 2008 1289 2063 vitio
1309 2010 1480 2079 ponendam,
1506 2010 1551 2065 vel
1570 2026 1588 2063 a
1604 2009 1735 2080 conjugio
1756 2023 1849 2062 arcen-

161 2093 187 2148 si
205 2093 276 2147 ratio
295 2102 368 2149 esset
386 2093 513 2157 moralis,
536 2096 624 2148 multo
644 2095 733 2164 magis
759 2095 945 2165 requireretur
963 2093 992 2146 in
1019 2092 1069 2146 dos
1086 2109 1146 2148 esse
1163 2110 1219 2163 eos,
1238 2095 1333 2165 quise
1352 2112 1407 2149 nou
1419 2096 1569 2160 continent,
1589 2095 1656 2166 quin
1675 2094 1767 2165 potius
1785 2109 1850 2149 con·

161 2180 306 2249 episcopo,
324 2195 360 2233 ne
381 2185 454 2234 esset
471 2179 580 2234 adulter
597 2187 647 2235 aut
664 2179 892 2248 concubinarius,
910 2195 992 2250 quam
1016 2177 1125 2248 jugium
1144 2187 1278 2250 tanquam
1297 2181 1467 2236 ordinarium
1496 2188 1525 2237 et
1541 2181 1675 2235 divinitus
1693 2180 1849 2235 institutum
1872 2253 1873 2256 Ἴ
1965 2203 1968 2209 ·

161 2282 198 2321 ue
221 2275 294 2320 esset
317 2265 462 2336 digamus,
486 2274 515 2321 et
541 2273 635 2320 tamen
657 2266 783 2321 ridemus
808 2267 947 2322 adulteros
966 2272 994 2320 et
1019 2266 1170 2320 remedium
1202 2266 1257 2320 illis
1293 2274 1336 2321 cst
1363 2268 1585 2335 concedendum,
1615 2284 1651 2322 ne
1679 2266 1850 2321 inveniamur

162 2351 374 2406 concubinarios
405 2370 461 2406 uon
491 2352 588 2422 repelli
620 2369 638 2406 a
667 2352 839 2422 sacerdotio,
867 2354 993 2424 digamos
1022 2359 1188 2424 θεομαχεῖν,
1211 2362 1243 2407 ut
1260 2354 1406 2409 Duarenus
1431 2363 1506 2410 recte
1531 2354 1661 2425 loquitur.
1703 2352 1758 2407 Pro
1778 2368 1849 2408 asse

162 2445 253 2493 sutem
273 2438 380 2508 repelli.
418 2437 448 2493 Si
467 2454 532 2492 vero
550 2438 621 2492 ratio
639 2438 675 2492 sit
694 2439 824 2508 mystica,
847 2440 934 2493 multa
952 2455 992 2493 se·
1019 2439 1105 2492 reuda
1132 2440 1250 2509 mystica
1274 2440 1415 2510 digamiae
1441 2440 1596 2511 prohibitae
1620 2440 1727 2494 ratione
1745 2439 1785 2493 sic
1804 2454 1849 2494 ex·

161 2532 284 2595 quantur
307 2524 437 2580 absurda.
474 2523 547 2580 Nam
576 2536 599 2580 1.
625 2532 734 2579 ceterae
755 2524 833 2580 dotes
852 2525 993 2595 episcopo·
1018 2526 1087 2595 cipit
1108 2525 1291 2580 Bellarminus
1314 2534 1336 2582 1.
1354 2528 1437 2580 etiam
1455 2528 1660 2594 monopomicm
1680 2542 1738 2580 esse
1757 2526 1850 2579 dotem

161 2626 274 2681 porum,
305 2627 379 2681 quae
405 2627 424 2664 a
448 2610 537 2664 Paulo
563 2621 775 2680 enumerantur,
808 2628 903 2665 omnes
929 2619 994 2665 sunt
1020 2612 1162 2675 moralem,
1179 2629 1229 2665 aec
1248 2614 1564 2681 quidquamimpedire,
1593 2613 1738 2682 quominus
1757 2628 1850 2666 acme·

162 2697 295 2760 morales,
314 2703 347 2750 ut
363 2696 511 2763 sobrietas,
527 2697 710 2766 hospitalitas,
728 2698 856 2752 doctriua
876 2706 905 2753 et
922 2706 993 2752 cete
1019 2706 1097 2750 retur
1114 2701 1167 2752 cios
1183 2700 1300 2767 mystica
1318 2717 1377 2752 mm
1395 2699 1565 2766 moralibus,
1585 2700 1614 2752 si
1629 2700 1741 2767 quidem
1759 2714 1852 2752 omres

162 2798 217 2838 rae.
255 2781 311 2836 Cur
328 2800 383 2837 non
402 2782 486 2837 etiam
504 2784 558 2837 ista
575 2784 629 2838 erit
643 2784 768 2848 moralis,
796 2786 879 2837 anias
897 2786 993 2839 acoris
1020 2786 1150 2853 episcopo
1176 2786 1233 2838 siut
1260 2785 1428 2837 necesaria.
1474 2784 1697 2853 Respondemus:
1735 2784 1774 2836 At
1799 2781 1852 2837 hoc

161 2872 226 2924 oiri
254 2875 278 2924 2.
304 2869 334 2923 Si
356 2870 419 2924 ideo
443 2869 590 2940 episcopus
614 2870 698 2925 debet
720 2886 781 2925 csse
803 2888 991 2942 monogamus,
1020 2879 1062 2926 est
1077 2870 1242 2941 principium
1261 2878 1364 2937 petere,
1384 2871 1463 2925 deeo
1482 2871 1554 2925 enim
1572 2869 1721 2940 quaeritur,
1741 2884 1776 2923 an
1795 2885 1852 2924 mo·

162 2956 228 3027 quia
247 2957 308 3025 ejus
325 2955 487 3026 conjugium
505 2955 644 3026 significat
669 2958 873 3012 matrimonium
890 2958 990 3013 Christi
1020 2956 1148 3027 uogamia
1165 2956 1201 3009 sit
1221 2955 1270 3010 dos
1287 2955 1398 3010 moralis
1417 2963 1446 3010 et
1464 2956 1591 3025 mystica.
1629 2955 1710 3021 Quod
1728 2955 1804 3025 pium
1822 2959 1852 3008 et

162 3060 224 3099 cum
245 3041 370 3108 ecclesia,
387 3041 474 3113 igitur
492 3043 573 3096 etiam
587 3043 651 3095 laici
670 3042 811 3098 debebunt
824 3059 883 3099 esse
899 3059 992 3098 mono·
1020 3043 1164 3097 honestum
1189 3041 1392 3096 matrimonium
1421 3043 1458 3095 slt
1483 3042 1594 3096 moralis
1622 3042 1759 3114 quaedam
1789 3041 1849 3109 dos,

162 3128 254 3200 gami,
293 3128 359 3199 quia
391 3144 484 3181 eorum
523 3143 633 3198 quoque
663 3130 823 3200 conjugium
855 3131 992 3201 significat
1019 3135 1127 3183 constat
1151 3145 1184 3184 ex
1210 3127 1303 3181 divina
1329 3129 1391 3197 ejus
1413 3128 1602 3191 institutione,
1631 3129 1680 3182 sed
1705 3128 1739 3184 de
1757 3142 1850 3182 mono·

163 3215 264 3271 Christi
281 3213 451 3284 conjugium.
494 3220 517 3268 3.
537 3215 567 3270 Si
584 3214 632 3268 illa
651 3222 694 3270 est
712 3217 800 3280 ratio,
831 3218 918 3288 igitur
935 3218 991 3287 epi·
1019 3216 1111 3286 gamia
1127 3230 1210 3268 sensu
1225 3214 1386 3268 Bellurmini
1404 3224 1520 3284 accepta
1543 3215 1703 3269 indistincte
1722 3213 1849 3269 omuibus

162 3318 262 3371 scopus
282 3299 396 3355 debebit
415 3300 516 3355 ducere
533 3301 669 3370 virginem
692 3309 721 3359 et
738 3318 798 3357 eam
815 3320 923 3374 semper
940 3304 992 3357 vir·
1019 3301 1211 3356 ecclesiasticis
1250 3300 1375 3371 personis
1419 3301 1550 3372 imposita
1591 3302 1620 3355 id
1664 3319 1720 3356 non
1753 3301 1849 3372 liquet

162 3388 256 3459 ginem
273 3402 451 3452 conservare,
480 3386 522 3440 ita
537 3387 611 3440 enim
631 3386 757 3442 Christus
782 3389 857 3445 fecit.
895 3397 920 3445 4.
938 3389 992 3444 De·
1020 3392 1046 3441 2.
1064 3390 1130 3442 Noa
1150 3389 1259 3456 requiri
1276 3389 1306 3439 irs
1324 3387 1463 3441 laicorum
1485 3388 1618 3455 emjapio
1642 3394 1746 3440 tantam
1764 3387 1849 3455 sipisi-

162 3474 240 3532 bebit
256 3474 402 3544 episcopus
420 3473 539 3542 priorem
557 3489 670 3528 uxorem
692 3475 838 3544 repudiare
859 3484 887 3531 et
902 3485 992 3546 poste
1019 3474 1159 3536 tiootiorie
1172 3475 1388 3544 perfectionem,
1412 3476 1464 3527 sed
1479 3476 1624 3544 sufficere,
1649 3477 1726 3543 qaod
1743 3475 1849 3542 signiri·

161 3560 225 3616 riori
243 3559 405 3626 adhaerere,
432 3558 558 3614 Christus
581 3559 655 3613 euim
678 3577 824 3632 synagoga
847 3563 993 3631 repudiata
1020 3562 1302 3629 eetcory'amctionem
1322 3561 1508 3615 Christicam
1526 3560 1657 3623 ecclesia3
1686 3560 1850 3615 clericorum

162 3647 287 3702 adhaesit
311 3646 451 3701 ecclesiae.
492 3646 656 3701 sorbebit
679 3648 753 3702 idem
776 3649 922 3718 episcopus
945 3664 992 3703 ne·
1021 3665 1084 3702 asro
1114 3648 1275 3717 conjupiam
1302 3649 1401 3701 debere
1429 3649 1546 3715 insuper
1576 3647 1738 3714 siqnifirare
1767 3648 1851 3701 usius

163 3733 282 3788 cessario
297 3748 412 3806 uxorem
431 3733 532 3788 ducere
551 3750 639 3803 eaque
657 3751 693 3788 ne
719 3734 755 3787 ad
779 3742 913 3804 punctum
934 3735 993 3805 qui·
1020 3733 1126 3787 Christi
1149 3751 1211 3786 oum
1237 3750 1295 3786 aro
1311 3733 1430 3787 ecclesia
1449 3734 1681 3802 conjunctionem·
1724 3732 1850 3804 Respon-

162 3820 226 3875 dem
244 3819 375 3889 temporis
391 3808 500 3888 carere,
520 3818 646 3874 Christus
664 3820 737 3874 enim
756 3819 873 3874 ecclesia
892 3837 993 3889 sponsa
1019 3820 1129 3874 demus:
1148 3818 1248 3873 Denuo
1266 3818 1370 3888 petitur
1381 3819 1556 3889 principium,
1574 3819 1647 3874 unde
1664 3819 1736 3874 enim
1750 3817 1858 3890 probat

163 3923 214 3961 sua
232 3922 376 3976 uunquam
392 3915 476 3960 caret.
515 3905 701 3959 Bellarminus
719 3905 836 3975 regerit,
855 3907 992 3959 rationem
1019 3906 1218 3973 Bellarminus,
1243 3904 1272 3956 in
1287 3904 1418 3975 conjugio
1438 3905 1599 3960 clericorum
1616 3907 1748 3976 majorem
1766 3903 1851 3977 sigui·

163 4012 212 4047 car
242 3994 380 4062 episcopi,
408 3993 567 4060 presbyteri
594 4000 620 4044 et
648 3992 766 4044 (aaroni
789 3993 907 4044 debeant
933 4009 992 4045 esre
1020 3990 1155 4046 ficationis
1184 3991 1379 4060 perfectionem
1416 3993 1519 4063 requiri
1552 4009 1637 4063 quam
1663 3993 1691 4046 in
1719 3993 1851 4064 conjugio

162 4080 336 4147 monopoms‘,
351 4079 458 4147 purtim
475 4095 534 4132 esee
552 4078 701 4144 moralem,
717 4079 824 4145 partim
842 4079 992 4146 mysticam,
1020 4077 1172 4132 laicorum?
1189 4077 1226 4133 Et
1237 4079 1398 4133 clericorum
1413 4079 1583 4133 etlaicorum
1595 4080 1755 4151 conjugium
1767 4094 1850 4133 unam

163 4168 265 4236 excipit
283 4166 369 4238 igitur
387 4181 438 4235 pro
456 4164 604 4219 asserenda
629 4165 726 4218 morali
752 4165 871 4232 ratione,
896 4166 993 4234 proti·
1020 4165 1191 4235 eundemque
1221 4164 1306 4219 habet
1334 4165 1534 4220 institutionem
1565 4165 1703 4232 divinam,
1741 4166 1857 4221 eosdem'

163 4255 223 4307 beri
253 4252 365 4322 quidem
396 4252 426 4304 iu
452 4253 583 4320 episcopo
615 4252 699 4303 ctiam
729 4252 940 4323 concubinatum
966 4261 992 4305 et
1021 4251 1089 4304 fines
1107 4251 1161 4306 sibi
1179 4250 1263 4305 habet
1280 4253 1448 4322 propositos,
1479 4252 1575 4307 eodem
1598 4252 1680 4306 modo
1706 4252 1850 4322 mysticam

162 4339 322 4406 adulteria,
352 4339 403 4390 sed
433 4345 524 4390 tameo
552 4340 642 4405 mapis
667 4339 815 4409 prohiberi
842 4339 993 4405 biremium
1020 4336 1121 4392 Christi
1154 4353 1216 4390 cum
1254 4338 1388 4393 ecclesiae
1425 4339 1663 4408 desponsationem
1701 4337 1850 4409 significat.

162 4443 247 4494 quom
261 4426 321 4477 sata
335 4425 366 4476 ia
382 4424 530 4491 deligendo
547 4425 686 4493 episcopo.
724 4426 787 4478 Ista
805 4427 878 4477 esim
892 4427 992 4494 proli·
1020 4423 1090 4494 Eph.
1111 4431 1136 4492 5,
1152 4441 1178 4475 v.
1196 4430 1238 4481 32.
1256 4423 1304 4477 ubi
1323 4424 1427 4479 Paulus
1445 4425 1522 4492 dicit,
1540 4426 1704 4479 sacramenti
1717 4426 1851 4481 rationem

163 4514 224 4566 teri
245 4529 303 4564 aaa
327 4509 415 4562 solam
439 4511 552 4563 ratione
574 4526 660 4579 euque
686 4527 742 4563 ποι
765 4509 923 4580 primurm,
950 4505 1048 4578 eli-lin
1064 4525 1097 4563 es
1117 4510 1282 4578 consistere,
1313 4513 1390 4578 qaod
1415 4513 1472 4565 diso
1497 4513 1554 4565 sint
1576 4512 1607 4564 io
1627 4529 1739 4564 curnem
1756 4528 1851 4580 remam,

163 4600 286 4667 pamiam
305 4613 372 4651 vero
396 4598 506 4650 duobus
530 4597 687 4650 rationibus
701 4597 862 4665 prohiberi,
890 4598 994 4651 morali
1019 4596 1094 4667 quod
1118 4597 1202 4650 etiam
1226 4596 1255 4650 in
1281 4596 1429 4652 viduarum
1452 4597 1625 4652 matrimonio
1647 4597 1738 4650 locum
1757 4596 1850 4668 habet,

35 4689 94 4731 ¹1¹1·
103 4686 148 4730 222
162 4686 266 4739 scilicet
283 4702 318 4736 ao
338 4685 472 4752 mystico,-
485 4691 639 4751 prueterea
653 4682 766 4735 etiamsi
781 4684 862 4750 torpe
882 4686 993 4752 turpior
1019 4699 1051 4735 ac
1070 4682 1160 4752 major
1178 4682 1307 4737 habenda
1324 4682 1395 4738 ratio
1412 4683 1655 4752 conscientiarum,
1675 4701 1710 4739 ne
1727 4683 1782 4739 illis
1800 4700 1852 4756 per

161 4775 198 4826 sit
217 4770 414 4826 corseabiaatne
432 4786 516 4838 msam
534 4770 674 4837 digamia,
699 4778 790 4823 tamen
812 4770 939 4835 dipumia
960 4770 1115 4840 sejugum
1138 4769 1290 4823 coelibatus
1315 4769 1475 4840 injiciantur
1498 4769 1605 4840 laquei,
1638 4787 1721 4842 quam
1748 4771 1849 4844 qualis-

162 4866 265 4912 saturo
285 4875 337 4910 suo
364 4863 405 4910 est
433 4857 543 4925 siquam
570 4856 787 4925 inceptiaeatioe
813 4857 904 4925 magis
930 4858 993 4909 eiia-
1018 4872 1126 4926 cunque
1151 4855 1339 4925 hypocriticae
1367 4856 1568 4925 continentiae,
1598 4857 1643 4912 cui
1670 4858 1764 4913 nescio
1782 4859 1849 4931 quid

161 4954 260 4999 turrae
277 4944 444 5011 firmiusque
469 4943 658 4996 adhaerentis.
690 4943 917 5012 Respondemus:
937 4943 992 4997 Hic
1019 4942 1153 5010 mysticae
1173 4941 1384 5013 significationis
1404 4941 1543 4998 tribuitur.
1579 4946 1607 4995 3.
1627 4943 1663 4996 Ia
1686 4945 1748 4998 solo
1765 4945 1849 5016 spiri

163 5047 226 5085 rero
245 5037 361 5100 apparet
378 5027 481 5083 effrons
505 5027 677 5097 impudentia
701 5029 851 5083 meretricis
871 5028 1091 5100 Babylo-'tuuis'
1105 5030 1238 5097 coaimpio
1259 5027 1365 5081 Christi
1388 5045 1449 5081 cam
1472 5028 1591 5082 ecclesia
1616 5013 1850 5098 virginitatemet
1877 5026 1881 5033 ⁴

162 5117 250 5172 nicae.
285 5115 333 5170 An
350 5131 405 5170 non
424 5114 496 5169 enim
515 5113 672 5183 prodigiose
691 5114 841 5169 absurdum
861 5123 911 5184 est,
929 5133 993 5170 con·
1016 5115 1239 5177 foecunditatem
1257 5115 1407 5183 conjuncta
1428 5114 1562 5185 inveniri,
1590 5134 1639 5171 mee
1656 5134 1742 5186 posse
1765 5119 1848 5175 eimtti

162 5201 319 5257 cubiuarios
331 5210 360 5257 et
371 5201 511 5257 adulteros
523 5200 553 5253 iu
565 5199 737 5267 promotione
754 5201 791 5254 ad
809 5201 992 5257 ministerium
1018 5209 1163 5269 atrumque
1182 5202 1212 5253 irs
1230 5200 1361 5267 corispio
1379 5202 1500 5254 tamaro
1518 5205 1727 5271 repraesentari
1738 5214 1849 5276 excepto

163 5289 378 5345 ecclesiasticum
397 5285 528 5358 praeferri
547 5285 616 5351 illis,
644 5286 691 5354 qui
710 5286 862 5340 secundum
881 5287 1078 5357 aposto-uolo
1104 5287 1224 5356 Josepiri
1253 5296 1278 5340 et
1307 5288 1424 5342 Mariae
1449 5291 1588 5359 conjapio.
1624 5290 1849 5364 Respondemus:

161 5373 246 5427 licum
262 5390 295 5429 ac
314 5375 438 5430 divinum
455 5379 635 5443 praeceptum
653 5370 763 5440 nuptias
781 5371 935 5429 iterarunt?
954 5391 991 5429 su
1003 5388 1008 5413 ¹
1018 5389 1148 5444 quorsum
1167 5373 1253 5444 igitur
1271 5375 1413 5446 quaeritur
1430 5375 1494 5430 talis
1511 5373 1678 5447 significatio
1695 5383 1725 5431 et
1741 5394 1849 5449 reprae-
