4020 6014
683 392 734 448 nu
753 388 1005 448 usorsuna‘ru
1025 376 1211 450 ronrmco
1734 402 1793 467 sss

11 549 48 639 lnl
99 544 217 596 manime
244 546 434 614 perniciosum
460 554 500 598 est
527 546 707 615 respublicae.
762 553 783 601 1.
809 546 880 600 Tim.
908 551 933 611 b,
963 548 988 599 2.
1005 548 1125 616 famosi,
1143 555 1168 604 3.
1191 555 1299 604 notorie
1317 552 1486 622 blasphemi,
1504 558 1528 609 i.
1547 555 1635 607 uariis
1654 557 1795 609 erroribus

10 602 82 692 222¹,
98 646 123 679 v.
148 634 194 683 20:
223 631 390 698 Impositum
407 632 517 684 notorii
536 633 663 685 <tentans
680 634 824 701 profanas
838 649 934 683 nonem
961 635 1113 701 conspersi,
1152 635 1255 707 Magici
1282 638 1480 692 comburantur
1508 641 1571 694 Act.
1587 645 1631 701 19,
1650 660 1674 696 v.
1696 647 1735 696 19.
1754 643 1794 696 fa·

10 733 18 743 ¹·
100 715 235 767 novitates
268 721 293 767 et
323 717 512 785 oppositiones
540 717 614 779 falsi
641 718 762 772 nominis
790 719 931 770 scientiae.
961 716 1029 770 mosi
1052 718 1258 787 prohibeantur.
1300 720 1500 790 Imperatorum
1527 725 1735 780 constitutiones
1764 725 1798 779 in‘

100 798 321 868 Respondemus:
339 801 615 872 loquiturapostolus
633 802 668 857 de
690 802 931 873 disputationibus,
960 819 1052 856 eorum
1079 809 1206 859 auctores
1230 806 1342 876 capitali
1371 807 1506 877 supplicio
1528 810 1750 865 animadvertunt
1774 811 1793 865 l.

99 884 200 956 quibus
217 887 349 956 mysteria
366 886 522 941 Christiana
539 886 583 942 vel
601 887 734 959 paganis,
752 888 796 942 vel
814 887 932 942 iudaeis
960 887 1040 944 Unic.
1066 889 1097 944 C.
1127 890 1162 943 de
1191 890 1252 945 libr.
1277 891 1373 946 samos.
1399 892 1493 946 Ordin.
1520 893 1615 965 imper.
1641 895 1730 950 Carol.
1757 895 1792 952 V.

96 970 286 1041 profanantur.
321 977 343 1026 2.
364 972 522 1025 Marcianus
542 973 558 1025 l.
578 973 665 1028 Nemo
683 979 706 1028 4.
725 971 755 1030 0.
775 972 810 1026 de
832 990 930 1027 summ.
960 990 984 1028 c.
1007 979 1064 1029 110.
1102 974 1215 1030 Notorie
1239 975 1393 1046 blasphemi
1419 977 1514 1033 itidem
1541 980 1683 1046 abolendi3
1709 981 1792 1036 variis

96 1055 172 1109 'Irin
190 1062 218 1108 et
241 1055 289 1112 fid.
313 1057 400 1126 cathg
420 1059 508 1111 Nemo
530 1057 650 1111 clericus
667 1058 711 1110 vel
729 1057 870 1127 militaris,
888 1059 932 1111 oet
959 1059 1097 1114 erroribus
1123 1075 1331 1130 consponsorum
1356 1061 1487 1116 librorum
1512 1081 1566 1119 non
1587 1065 1688 1129 cuivis,
1710 1067 1791 1137 inpri-

96 1141 211 1193 alterius
239 1142 387 1209 cujuslibet
417 1143 586 1197 conditionis
615 1144 651 1196 dc
682 1145 738 1204 tide
769 1143 931 1197 &maiano
959 1145 1010 1198 mis
1028 1144 1090 1214 illis,
1109 1146 1156 1215 qui
1176 1145 1241 1201 fidei
1259 1146 1440 1201 fundamenta
1458 1150 1579 1203 nondum
1595 1159 1791 1222 cognoverunt,

92 1225 204 1293 publice
225 1228 313 1279 turbis
338 1228 506 1280 coadunatis
540 1235 566 1279 et
599 1228 778 1281 audientibus
808 1235 931 1281 tractare
958 1235 1000 1284 est
1017 1231 1209 1298 concedenda,
1236 1233 1284 1287 sed
1304 1240 1449 1303 propterea
1476 1253 1529 1289 non
1550 1236 1711 1306 simpliciter
1729 1244 1793 1293 sunt

95 1312 207 1361 conetur
232 1312 262 1364 in
284 1320 438 1381 posterum,
465 1329 497 1365 en
516 1313 567 1365 hoc
590 1314 768 1366 tumultuent
788 1313 930 1382 perfidiae
958 1316 1096 1384 abolendi,
1113 1334 1208 1372 rerum
1226 1317 1342 1371 eruditis
1361 1334 1454 1372 eorum
1474 1321 1555 1374 lectio
1574 1323 1793 1378 commendanda

96 1397 268 1450 occasionem
293 1397 447 1466 requirens.
486 1399 560 1450 Nam
586 1405 612 1450 et
631 1398 768 1466 injuriam
796 1399 872 1461 facit
890 1401 930 1465 iu
961 1407 981 1455 l.
1000 1407 1113 1470 proptor
1136 1402 1318 1472 apostolieum
1342 1409 1537 1473 praeceptum:
1556 1406 1657 1459 Omnia
1675 1408 1792 1475 probate

97 1585 132 1620 ac
154 1576 227 1621 recte
254 1569 395 1636 disposite
421 1569 563 1623 revolvere
590 1578 616 1621 et
639 1569 752 1637 publice
780 1571 929 1639 disprttare-
958 1577 981 1625 2.
1000 1571 1119 1641 Propter
1136 1573 1261 1626 lectionis
1280 1573 1353 1627 illius
1372 1575 1562 1628 commodum(
1587 1575 1619 1628 ln
1639 1576 1790 1633 haeretieo-
1838 1590 1841 1595 '

97 1654 268 1706 conundcrit
294 1661 347 1708 etc.
382 1652 485 1709 Eadem
511 1654 671 1710 mamutio
695 1660 785 1710 exstat
807 1655 835 1710 in
861 1656 929 1710 actis
957 1674 1016 1710 rum
1034 1656 1112 1711 libris
1130 1657 1196 1710 talia
1215 1658 1376 1720 traduntur,
1396 1674 1428 1711 ex
1448 1659 1549 1729 quibus
1567 1661 1643 1729 ipsae
1662 1662 1788 1717 haereses

96 1739 204 1792 concilii
225 1740 457 1795 Chalcedonensis
475 1748 528 1796 act.
547 1747 570 1795 3.
595 1741 818 1811 Respondemus:
840 1748 862 1796 1.
876 1742 929 1795 lm·
956 1740 1126 1797 refelluntur.
1167 1743 1244 1798 Utile
1267 1743 1349 1797 etiam
1375 1749 1417 1797 est
1441 1751 1555 1813 propter
1572 1746 1730 1801 historicam
1749 1763 1790 1802 re·

96 1831 206 1893 perator
224 1824 291 1879 dicit
309 1827 482 1893 comestilem,
504 1826 577 1896 quod
596 1834 638 1882 est
649 1827 820 1883 contentiose
836 1828 928 1898 dispu·
955 1826 1087 1880 lationem
1106 1829 1183 1895 scire,
1205 1829 1271 1898 quid
1287 1829 1384 1899 quovis
1397 1830 1490 1885 seculo
1504 1836 1604 1885 actum.
1636 1840 1659 1886 3.
1673 1834 1790 1903 Propter

95 1916 167 1972 tare,
200 1926 232 1964 ex
261 1911 448 1981 disputatione
475 1914 610 1968 tumultus
644 1920 672 1968 et
696 1913 830 1985 perfidiae
849 1930 929 1968 occa·
955 1913 1129 1983 antiquitatis
1156 1912 1328 1985 suffragium,
1346 1912 1520 1986 Augustinus
1546 1917 1593 1973 lib.
1620 1925 1643 1972 2.
1661 1919 1696 1973 de
1714 1920 1788 1972 doct.

96 1995 200 2050 sionem
220 1997 367 2069 requirere,
387 2004 418 2051 ut
431 1998 458 2052 in
472 2000 489 2053 l.
505 2007 528 2053 t.
542 1999 643 2055 diserte
661 1999 780 2061 additur,
801 1997 838 2051 ad
857 2014 929 2068 quae
956 1996 1054 2051 Christ.
1085 2016 1109 2054 c.
1137 2005 1186 2053 ἵζοι
1224 2000 1371 2052 Haeretici
1395 2003 1423 2053 si
1450 2003 1520 2070 quid
1552 2003 1619 2055 bene
1649 2005 1787 2070 dicerunt,

10 2093 36 2134 v.
50 2092 81 2132 ts.
96 2081 181 2135 verba
206 2081 285 2137 addit
308 2082 415 2154 glossa,
440 2088 516 2154 quod
539 2085 573 2138 id
596 2102 705 2154 semper
720 2090 928 2154 praesumatis,
955 2082 1151 2152 inpendisset.
1172 2084 1295 2138 Thomas
1307 2091 1332 2140 4.
1347 2093 1417 2140 sent.
1436 2087 1500 2143 dist.
1523 2093 1565 2140 ts:
1584 2090 1716 2141 Erotem
1734 2091 1788 2142 uti·

96 2167 152 2219 nisi
162 2169 218 2232 fiat
238 2185 326 2221 corma
344 2169 515 2223 adducendi
526 2171 555 2222 in
573 2170 677 2223 scholis
696 2170 739 2222 cal
759 2184 847 2221 caasa
865 2186 927 2222 con-
955 2177 1001 2221 tur
1037 2170 1186 2223 haereticis
1222 2172 1263 2223 osi
1297 2172 1493 2239 probationem
1532 2175 1680 2227 doctrinae
1712 2191 1788 2227 mae.

96 2253 228 2304 uincendi
253 2253 415 2308 haereticos.
463 2265 485 2310 t.
505 2254 588 2309 Ratio
613 2252 742 2324 specialis
768 2259 810 2308 est
834 2251 861 2305 in
887 2252 928 2322 iis,
956 2261 980 2309 4.
999 2254 1116 2324 Propter
1135 2260 1332 2325 comparatum.
1365 2257 1433 2318 Quis
1447 2263 1557 2325 patrum
1575 2256 1630 2312 tuit
1648 2260 1683 2313 ah
1703 2261 1789 2313 omni-

99 2355 169 2407 qnae
190 2355 320 2407 expresse
339 2339 369 2392 in
393 2340 516 2393 conciliis
543 2347 608 2394 sunt
632 2338 770 2393 damnata
808 2337 885 2393 Haec
906 2339 928 2392 si
956 2339 1008 2392 bus
1038 2329 1174 2394 erroubus
1205 2340 1354 2393 immunis?
1393 2341 1424 2394 ln
1460 2341 1537 2396 libris
1562 2344 1733 2398 ethnicorum
1759 2350 1789 2399 et

95 2421 156 2491 quis
169 2423 240 2476 sorio
253 2422 400 2478 defendere
421 2425 494 2490 velit,
514 2425 560 2479 ille
573 2424 671 2479 merito
684 2441 738 2477 non
754 2428 796 2479 est
813 2423 928 2479 audien-
955 2424 973 2479 J
977 2424 1125 2479 udaeomm
1139 2424 1316 2479 continentur
1327 2427 1415 2480 multa
1434 2445 1451 2480 a
1469 2427 1524 2482 lide
1534 2427 1678 2482 chistiana
1688 2429 1788 2494 aliena,

95 2506 161 2569 dus,
181 2507 229 2560 sed
251 2525 283 2561 ex
304 2509 421 2563 ecclesia
441 2509 593 2579 ejiciendus
612 2516 727 2580 propter
744 2508 878 2564 rationem
899 2508 927 2561 in
955 2526 1005 2564 nec
1031 2515 1123 2564 tamen
1152 2527 1199 2564 eos
1230 2510 1380 2564 abolemus.
1432 2511 1506 2567 Nota
1537 2530 1630 2582 porro:
1661 2520 1683 2569 1.
1710 2514 1789 2570 Libri

93 2597 169 2647 textu
188 2592 320 2648 additam.
341 2599 365 2648 3.
387 2594 403 2649 l.
427 2595 567 2649 Damnato
584 2601 607 2650 6.
628 2592 657 2668 ξ.
678 2601 699 2650 l.
720 2594 749 2650 C.
770 2595 805 2649 de
822 2594 926 2649 hauet.
954 2594 1154 2649 haereticorum
1188 2594 1318 2648 dicuntur
1345 2597 1388 2650 rel
1416 2613 1510 2651 omnes
1538 2599 1598 2653 sine
1624 2599 1788 2667 discrimine,

94 2681 181 2731 Nemo
199 2681 228 2731 in
245 2679 394 2748 reiipionis
411 2682 601 2749 dispunctione
621 2682 749 2751 aliqrsam
768 2682 929 2750 supradicti
954 2681 1112 2753 quicunque
1135 2679 1171 2733 ab
1195 2680 1263 2749 ipsis
1284 2686 1349 2734 sunt
1372 2682 1480 2752 scripti,
1506 2683 1563 2738 sive
1587 2685 1622 2739 de
1646 2685 1788 2756 religione,

92 2765 212 2816 nominis
225 2765 409 2833 (Asianorum,
426 2765 652 2821 Nestorianornm
665 2767 730 2835 etc.)
748 2767 842 2830 faciat
853 2782 926 2820 men-
954 2766 1013 2819 sive
1031 2766 1065 2820 de
1083 2765 1153 2832 aliis,
1173 2769 1206 2818 ut
1225 2767 1407 2836 grammatici,
1425 2768 1537 2836 poitici
1555 2769 1647 2840 logici,
1666 2769 1788 2824 historici

93 2853 203 2906 tionem.
235 2850 419 2920 Opponimus:
448 2851 550 2907 Glossa
566 2869 598 2907 ex
623 2852 640 2908 l
679 2851 815 2916 Quoniam
833 2857 874 2908 23.
894 2852 925 2907 C.
953 2856 1002 2904 aut
1026 2849 1139 2904 alterius
1165 2850 1288 2920 generis,
1318 2851 1363 2904 vel
1386 2853 1470 2920 certi,
1495 2852 1523 2907 in
1543 2854 1644 2924 quibus
1662 2853 1787 2910 haeresin

92 2938 127 2991 de
145 2937 228 3006 episc.
247 2935 379 2992 etolerio.
400 2937 467 2993 ibid.
485 2937 600 3009 colligit,
618 2939 692 3010 quod
711 2937 746 2993 de
762 2937 818 2992 fide
831 2937 926 2992 catho
953 2939 1120 3005 sparserunt
1152 2933 1318 2991 t.Haeresis
1337 2935 1390 2988 alis
1407 2945 1516 3009 pugnat
1531 2956 1594 2993 cum
1606 2939 1788 2994 fundamento

92 3024 145 3077 lica
184 3021 296 3092 publice
330 3023 472 3094 disputare
502 3024 538 3077 ad
574 3023 777 3094 reprobandam
811 3039 925 3094 pravam
954 3017 1208 3074 doctrinaeetfidei
1221 3019 1305 3090 idque
1320 3020 1363 3074 vel
1379 3020 1492 3090 duecte,
1504 3024 1548 3077 vel
1560 3041 1611 3093 per
1622 3025 1791 3080 indirectum·

91 3106 291 3163 haereticorum
304 3109 460 3179 opinionem
473 3108 563 3165 liceat.
595 3109 751 3180 Stephanus
763 3107 926 3163 Pannonius
953 3112 980 3161 et
997 3105 1112 3176 proinde
1130 3106 1185 3159 alia
1202 3103 1377 3176 blasphemia
1389 3113 1438 3174 est,
1456 3107 1512 3163 alia
1523 3126 1578 3164 non
1590 3111 1665 3166 item.
1698 3117 1721 3164 3.
1742 3109 1788 3164 In·

91 3195 119 3247 in
136 3195 238 3265 disput.
256 3195 291 3249 de
309 3195 403 3251 circul.
426 3212 499 3265 oper.
521 3200 549 3249 et
561 3194 731 3265 Judiciorum
746 3193 799 3249 Dei
817 3194 856 3247 th.
878 3199 924 3248 22:
952 3192 1098 3247 terdictum
1125 3190 1200 3245 aliud
1224 3191 1338 3261 simplex
1363 3199 1390 3246 et
1417 3193 1573 3248 absolutum
1592 3195 1731 3265 pertinens
1748 3197 1785 3250 ad

92 3280 117 3332 A
138 3280 252 3348 scriptis
263 3280 411 3349 polemicis
429 3281 501 3334 sicut
521 3282 680 3350 Pontifieii,
699 3281 741 3333 ita
758 3280 927 3347 Euangelici
952 3294 1046 3332 omnes
1071 3277 1197 3332 subditos
1220 3278 1368 3348 omniaque
1393 3285 1519 3348 tempora
1544 3287 1573 3335 et
1596 3281 1672 3346 loca,
1708 3280 1784 3334 alind

91 3384 185 3419 omnes
208 3367 373 3421 aristaritate
394 3368 588 3436 imperatoris,
606 3384 702 3435 repam
720 3374 748 3420 et
761 3366 925 3436 prinorprnn
951 3363 1098 3418 limitatum
1123 3370 1150 3417 et
1175 3364 1393 3418 conditionatum
1419 3381 1586 3420 concamens
1614 3371 1705 3420 certas
1724 3382 1785 3434 per-

91 3460 116 3503 et
140 3453 411 3521 rerumpublicarum
441 3452 637 3505 interveniente
669 3459 726 3505 tum
756 3459 854 3505 contra
885 3468 924 3520 se,
951 3466 1045 3514 sonas,
1055 3465 1155 3518 nempe
1169 3450 1251 3503 rudes
1266 3457 1294 3502 et
1306 3450 1460 3519 imperitos3
1480 3451 1546 3504 item
1559 3455 1635 3504 certa
1650 3455 1784 3520 tempora.

90 3545 145 3589 trin
165 3539 236 3589 inter
253 3553 282 3589 se
301 3539 474 3606 abstineant;
491 3540 545 3591 sed
555 3554 611 3607 per
623 3537 924 3606 didascalioascrspta
952 3534 1099 3604 inquibus
1124 3535 1182 3588 sine
1207 3533 1375 3588 offendiculo
1400 3543 1450 3588 ant
1467 3535 1589 3603 periculo
1618 3536 1784 3589 contrarium

91 3623 146 3675 alii
157 3623 238 3689 alios,
254 3624 304 3675 ubi
316 3631 445 3695 opnscst,
466 3626 593 3690 doceant,
614 3631 818 3686 moneant,non
831 3630 925 3675 ornem
952 3617 1011 3673 lieri
1030 3636 1084 3672 non
1103 3619 1205 3689 posslt;
1229 3618 1349 3689 denique
1373 3620 1435 3672 loca
1457 3619 1571 3688 publica
1594 3627 1643 3672 sut
1665 3620 1783 3688 privata

91 3710 266 3761 detrinentum
293 3710 349 3762 aiii
376 3710 405 3761 in
431 3708 513 3762 alios.
556 3709 785 3765 Keclrermannus
811 3707 874 3762 libr.
903 3713 924 3762 l.
954 3711 966 3758 t
998 3704 1097 3758 Modus
1113 3703 1306 3774 prohibitionis
1324 3705 1356 3757 fit
1373 3706 1416 3757 rel
1434 3705 1520 3759 serbo
1538 3711 1566 3758 et
1584 3706 1722 3768 mandato,
1741 3706 1784 3759 rel
1800 3724 1896 3766 nrum.

91 3800 158 3862 syst.
184 3794 260 3862 polit.
285 3812 310 3862 p.
332 3800 397 3848 524:
424 3794 460 3846 In
485 3794 705 3848 dissensionibus
730 3795 766 3846 rte
790 3793 925 3859 relipione
950 3791 1025 3844 facto
1054 3791 1111 3845 sire
1128 3789 1331 3857 ,combustione
1371 3789 1533 3856 Prohibitio,
1558 3808 1629 3861 quae
1653 3790 1686 3844 fit
1702 3789 1784 3845 inter-

92 3896 147 3930 nan
169 3881 299 3945 patiatur
312 3880 449 3950 princeps
471 3881 625 3933 certamina
648 3880 763 3947 publica
782 3879 867 3932 nimis
884 3881 924 3931 in·
954 3875 1043 3938 dicto,
1069 3875 1144 3944 apud
1169 3874 1294 3958 rudiores
1309 3876 1373 3945 jure
1391 3875 1422 3929 lit
1442 3877 1476 3930 de
1497 3877 1574 3932 libris
1593 3876 1698 3931 haeresi
1719 3893 1786 3949 qua·

91 3965 239 4027 valescere,
255 3967 423 4034 praesertim
438 3983 495 4036 pro
520 3966 657 4035 recepistis
675 3973 701 4018 et
721 3967 762 4018 ad
775 3966 923 4034 poprdnm.
953 3962 1016 4014 dam
1041 3963 1201 4031 praesertim
1227 3967 1323 4015 contm
1346 3961 1557 4016 fundamentum
1581 3962 1646 4018 fidei
1667 3962 1785 4027 infectis,

10 4095 30 4123 ‚n
92 4049 241 4113 Quaeritur
264 4058 287 4106 2,
332 4054 378 4105 A„
408 4052 478 4105 libri
503 4052 709 4105 haereticorum
733 4051 925 4120 prohibendi!
952 4048 1027 4116 apud
1045 4047 1179 4102 doctiores
1192 4064 1248 4101 non
1257 4048 1332 4111 item,
1356 4049 1407 4101 nisi
1430 4049 1533 4102 incssu
1557 4049 1696 4112 scandali;
1713 4064 1786 4119 quae

10 4135 77 4174 ΙΜ-
90 4134 183 4205 Negat
195 4136 341 4190 Duarenus
353 4136 399 4190 lib.
418 4143 441 4193 4.
462 4137 497 4191 de
510 4137 596 4191 sacris
614 4136 679 4191 eccl.
700 4135 801 4191 minist.
821 4153 843 4191 c.
863 4142 887 4193 2.
906 4136 924 4190 l.
952 4149 1017 4186 vero
1029 4134 1061 4186 fit
1073 4133 1272 4197 combustione,
1291 4133 1376 4202 siper
1394 4133 1450 4186 vim
1468 4133 1570 4204 eripiat
1587 4135 1683 4204 peritis
1701 4134 1785 4189 libros

10 4197 74 4276 iim
92 4221 230 4274 Damnato
249 4228 272 4276 6.
293 4220 320 4296 ξ,
343 4229 364 4277 1.
385 4223 415 4277 C.
439 4223 473 4277 de.
494 4222 642 4278 haeretic:
662 4223 721 4275 Nec
740 4239 806 4275 nero
823 4222 926 4291 impios
952 4235 1101 4289 eorumque
1120 4218 1362 4288 suspendendorum
1383 4225 1411 4272 et
1436 4219 1649 4287 judicandorum
1668 4220 1785 4274 faculta-

10 4289 41 4329 ω’
91 4306 179 4359 libros
198 4308 320 4369 nefandi
341 4316 365 4360 et
391 4310 528 4379 sacrilepi
547 4309 676 4362 Nestorii
693 4310 827 4362 munau
846 4324 923 4362 uene·
951 4313 1007 4360 tam
1034 4303 1180 4375 approbari
1204 4321 1259 4357 non
1282 4309 1381 4373 potest
1406 4304 1469 4359 libri
1494 4306 1582 4375 ejusd.
1601 4323 1623 4359 c.
1644 4312 1691 4360 21:
1720 4307 1786 4357 Non

88 4392 204 4444 rabilem
221 4392 437 4446 orthodoxorum
451 4403 555 4447 sectam
574 4396 739 4462 demetamus
754 4393 926 4447 sanctissimi
951 4393 1102 4460 expetimus
1128 4395 1187 4451 (uos
1212 4388 1385 4457 Christiani),
1408 4398 1438 4441 ut
1458 4393 1550 4442 licum
1577 4398 1711 4455 suestram,
1737 4391 1787 4458 qui

88 4486 181 4530 rostris
199 4478 355 4530 antistitum
376 4480 484 4548 Ephesi
501 4480 590 4533 babiti
608 4481 729 4549 scriptos
746 4481 857 4547 habere,
874 4487 923 4532 aret
951 4485 993 4529 est
1020 4477 1142 4528 omnium
1164 4485 1287 4544 mentm,
1318 4476 1384 4528 velit
1410 4477 1480 4529 nolit
1505 4477 1581 4529 colat
1613 4476 1719 4543 atteras
1743 4477 1784 4528 in-

87 4563 193 4630 tepere,
216 4571 264 4614 ant
286 4565 443 4618 riccomborc
462 4567 610 4635 quisptam
630 4569 751 4629 audeat,
771 4583 839 4634 quos
858 4565 923 4618 dili·
950 4564 1035 4625 uitus,
1055 4578 1105 4614 nec
1124 4562 1151 4613 si
1169 4580 1225 4613 vrems
1244 4562 1377 4624 coluerit,
1403 4562 1561 4614 irascimur.
1600 4559 1785 4614 bellarminus

87 4652 162 4717 penti
181 4650 275 4701 strictio
288 4651 398 4719 reperiri
415 4670 449 4704 ac
463 4653 577 4721 publice
596 4653 723 4705 comburi
740 4647 1006 4773 decernimus.,duo
1028 4655 1192 4718 argumenta
1209 4646 1330 4717 profert:
1369 4651 1393 4702 1.
1411 4647 1570 4700 Prohibitio
1589 4655 1613 4699 et
1634 4648 1785 4700 commistio
1822 4664 1825 4669 ·
1883 4658 1886 4677 ¹

87 4735 272 4788 Bellarminus
285 4736 331 4789 lib.
352 4737 387 4789 de
399 4735 477 4791 laicis
489 4754 513 4791 c.
528 4743 573 4793 20:
595 4739 677 4791 Libri
682 4745 799 4806 patrum
812 4737 923 4791 etiamsi
936 4778 939 4807 Ι
950 4734 1087 4786 librorum
1112 4734 1314 4787 hamaicorum
1338 4734 1455 4802 anmqrsa
1479 4740 1619 4801 perpetrm
1643 4739 1784 4785 consumes·

86 4824 215 4873 haereses
228 4822 466 4890 mistashabeant,
479 4831 570 4876 tamen
579 4823 923 4892 permittunturabeccle-
951 4820 1017 4873 dine
1044 4822 1125 4887 apud
1150 4818 1272 4873 ethnicos
1304 4827 1329 4872 et
1357 4816 1533 4872 Christianos
1563 4819 1709 4872 absentata
1737 4827 1784 4872 est.

89 4907 133 4959 sia
159 4909 302 4975 Romana,
332 4909 400 4975 quia
425 4917 547 4979 prosunt
570 4917 689 4979 propter
711 4910 906 4977 antiquitatem
912 4928 923 4977 ,-
954 4908 1031 4972 Erpa
1051 4915 1077 4957 st
1096 4905 1178 4958 bodie
1195 4905 1294 4957 merito
1314 4905 1487 4960 observatur.
1527 4903 1610 4959 Prius
1629 4904 1784 4959 membrum

90 4994 309 5045 Protestantium
335 5001 426 5046 autem
450 4994 520 5046 libri
542 4994 607 5048 licet
631 4996 719 5049 multo
745 4995 818 5048 bona
837 4994 924 5047 mista
951 4992 1051 5063 probat
1075 4991 1180 5062 duplici
1203 4991 1291 5056 iacto,
1321 4989 1408 5042 altero
1438 4991 1641 5055 Rornanorum,
1670 4991 1706 5045 de
1730 5005 1784 5059 quo

87 5078 214 5144 habeant,
236 5086 326 5131 tamen
341 5079 453 5148 penitus
470 5088 534 5133 sunt
549 5081 683 5133 abolendi
699 5098 733 5133 ac
748 5081 923 5150 probibendi,
952 5078 1080 5132 Valerius
1100 5076 1236 5130 Maximus
1264 5075 1310 5129 lib.
1336 5082 1355 5128 1.
1375 5092 1399 5132 c.
1422 5082 1442 5129 1.
1462 5076 1549 5129 altero
1568 5076 1785 5139 Atheniensium,

87 5163 154 5230 quia
173 5164 277 5216 seritius
295 5183 351 5216 non
369 5173 409 5217 est
425 5166 544 5233 tepentia
563 5165 689 5219 inlibris
706 5166 918 5231 baneticorum,
952 5166 987 5218 de
1015 5181 1070 5235 quo
1093 5162 1191 5217 Cicero
1218 5161 1257 5214 lib
1298 5169 1319 5216 l.
1348 5160 1382 5215 de
1407 5168 1463 5216 nat.
1485 5163 1607 5216 deornm.
1646 5161 1786 5216 Posterius

87 5265 152 5299 narn
170 5249 253 5301 laicis
266 5257 295 5302 ut
310 5251 350 5302 ibi
361 5257 409 5319 est,
427 5258 513 5311 noem,
533 5268 589 5304 non
598 5252 722 5319 prodest.
752 5251 839 5323 Atqui
858 5270 923 5306 num
952 5248 1097 5305 confirmat
1122 5247 1221 5317 partim
1243 5248 1401 5300 indisctione
1421 5265 1453 5300 en
1478 5247 1636 5300 interdictis
1655 5248 1787 5300 aermnae

88 5333 176 5403 magis
195 5335 305 5388 nocebit
325 5335 427 5390 veritas
446 5337 474 5387 in
494 5335 694 5390 recentioribus
713 5353 795 5407 quam
815 5337 922 5391 falsitas
952 5354 971 5388 a
990 5344 1112 5403 tempore
1135 5332 1329 5403 apostolorum
1346 5335 1387 5386 ad
1402 5341 1514 5400 nostra,
1541 5332 1640 5401 partim
1663 5350 1682 5384 a
1699 5333 1787 5399 sipno,

84 5418 112 5470 in
128 5418 365 5490 antiquisilonge
378 5421 457 5475 aliter
469 5421 654 5491 Hieronymus
669 5423 704 5475 de
715 5422 834 5476 lectione
842 5422 925 5478 libro·
952 5425 1029 5492 quod
1055 5421 1176 5476 ostendit
1200 5420 1403 5475 haeretieorum
1432 5421 1519 5472 libros
1543 5436 1600 5471 esse
1625 5419 1788 5485 comburetur,

81 5520 141 5557 rum
160 5503 287 5574 Origenis
308 5505 434 5577 disputat
448 5508 528 5576 epist.
543 5514 584 5563 65,
605 5508 641 5562 ad
658 5507 764 5561 Pomm.
783 5506 924 5563 etOcesn.
952 5510 1021 5578 qnia
1047 5508 1132 5562 bodie
1161 5524 1217 5560 non
1240 5515 1348 5561 enatam
1381 5515 1420 5562 tot
1446 5505 1590 5560 columina
1619 5505 1789 5562 Mas-ciariis.

83 5586 330 5660 Distinguendum:
345 5582 465 5654 Qiidam
480 5591 611 5649 haeretici
622 5592 687 5647 libri
696 5599 761 5648 sunt
774 5595 798 5648 1.
810 5593 925 5662 mocisi,
960 5592 1113 5658 Valentini,
1141 5593 1209 5649 Arii
1231 5597 1285 5652 eto.
1334 5592 1557 5665 Respondemus:
1589 5590 1788 5662 Propositionis
