4020 6014
211 363 271 420 360
791 357 912 416 LOCUS
929 345 1133 415 messurus
1149 357 1329 424 QUARTUS

210 510 327 564 omissae
344 512 542 581 consequentia
558 519 690 585 negatur,
710 512 776 583 quie
794 511 919 582 procedit
936 510 1044 565 efecto
1070 510 1179 566 catione
1198 512 1269 584 legis
1292 518 1321 567 st
1347 512 1560 568 comminatione
1582 527 1733 583 poenarum
1759 511 1797 565 ad
1815 507 1913 581 poeui-

210 590 246 648 dd
268 595 325 664 jus.
373 594 559 651 Assumtionis
590 599 647 652 sive
678 598 867 652 antecedentis
893 596 1044 652 membrum
1070 598 1184 652 tentiam
1205 598 1327 654 homines
1342 599 1464 654 excitare
1484 599 1613 663 debeant,
1633 615 1666 653 ac
1679 594 1912 669 quodmsgistra·

210 679 287 749 prius
310 686 352 734 est
375 681 503 736 alienum.
541 683 654 739 Ethnici
680 683 753 738 euim
776 689 843 738 sunt
862 688 939 737 extra
957 682 1044 736 eccle·
1069 687 1115 736 tus
1138 683 1174 737 ad
1198 683 1313 738 verbum
1339 684 1509 740 audiendum
1530 691 1559 738 ct
1581 688 1695 739 externa
1721 680 1911 736 conversionis

211 765 280 819 siam
297 772 325 821 et
342 782 436 821 eorum
455 767 518 822 libri
539 769 651 839 proprie
670 768 803 823 haeretici
821 767 877 823 dici
894 773 1043 838 nequeunt.
1071 767 1165 824 media
1181 769 1310 824 subditos
1323 768 1425 824 debeat
1441 785 1549 840 cogere,
1566 786 1621 824 non
1642 774 1736 823 autem
1748 765 1912 821 immediate

210 850 373 906 Posteriorie
399 868 456 907 una
472 853 599 924 probatio
626 853 735 909 laborat
751 853 818 908 vitio
836 852 1045 923 ἑτεροζητήσεως
1070 853 1108 907 ad
1134 855 1311 925 religionem,
1335 856 1379 911 vel
1396 854 1617 926 amplectendam
1642 853 1687 909 vel
1713 850 1911 922 abjiciendam.

210 938 348 1008 magicos,
384 938 538 995 haereticos
570 948 599 996 et
630 940 806 1012 blasphemos
840 938 1044 1007 confundendo,
1070 939 1295 1010 Theophylactus
1323 956 1421 997 comm.
1450 958 1471 996 c.
1505 947 1544 998 14.
1572 940 1643 995 Luc.
1671 939 1719 994 fol.
1748 943 1805 994 112.
1832 937 1912 991 illum

211 1022 299 1078 alters
310 1040 327 1077 a
338 1040 439 1094 genere
451 1027 487 1081 ad
501 1026 621 1097 speciem
632 1025 759 1097 procedit
778 1024 951 1090 affirmative,
970 1023 1045 1094 quod
1071 1023 1256 1093 ἀναγκασμόν
1268 1025 1389 1095 explicat
1401 1026 1436 1081 dc
1450 1025 1551 1081 virtute
1564 1025 1650 1081 verbi.
1678 1025 1711 1079 Ut
1721 1026 1845 1078 sciamus
1860 1021 1911 1089 (in-

211 1124 266 1164 non
284 1109 366 1164 licere
386 1128 418 1166 ex
437 1113 497 1182 pari
517 1117 634 1180 constat,
651 1117 761 1184 patrum
779 1111 852 1166 enim
871 1108 1044 1181 quorundam
1070 1109 1912 1182 quit),magnacuirtutistiesss,crsdidisscyentesintense

211 1195 326 1266 scripta,
355 1197 421 1268 quia
447 1214 502 1252 non
527 1203 637 1254 exstant
655 1197 752 1266 hodie,
779 1213 835 1250 non
861 1200 953 1266 potest
980 1194 1045 1248 inde
1071 1198 1395 1265 ssrscutcsipnorautic,
1412 1199 1477 1251 idco
1490 1197 1732 1266 disitOompslis.
1757 1195 1826 1249 Nisi
1836 1194 1912 1248 euim

210 1279 325 1336 firmiter
347 1282 457 1355 colligi,
485 1300 518 1338 ea
547 1300 607 1339 esse
635 1282 787 1339 combusta.
840 1285 866 1334 2.
896 1280 1045 1348 Collopuie
1071 1298 1175 1347 mapsa
1181 1282 1285 1346 fuisset
1298 1283 1366 1350 ejus,
1376 1283 1426 1351 qui
1433 1283 1670 1352 praedicebatur,
1681 1282 1912 1346 oinmctmcpno

211 1367 414 1421 haereticorum
430 1375 496 1421 sunt
507 1368 752 1438 periculosissime
769 1375 795 1422 ct
813 1369 878 1421 idco
893 1367 1044 1434 diligenter
1070 1368 1267 1430 vmbiccritas,
1280 1370 1418 1437 4444444414
1430 1369 1566 1440 persuasi
1574 1376 1662 1423 essent
1671 1367 1796 1422 homines
1808 1365 1910 1419 414441

210 1452 336 1506 cs'tanda.
373 1455 451 1521 Ergo
470 1454 555 1508 multo
574 1454 665 1524 magis
684 1455 753 1507 libri
768 1461 833 1508 suut
845 1451 1004 1520 periculosi
1021 1457 1047 1503 et
1065 1451 1259 1520 'sidensis-tus
1270 1452 1414 1522 signorm
1424 1454 1607 1519 manifestem
1617 1454 1752 1524 afferebat
1762 1452 1910 1505 cccmus

211 1537 330 1592 citandi.
376 1538 552 1594 antecedens
586 1539 686 1609 prebat
711 1556 744 1595 ex
774 1538 853 1595 Rom
882 1544 926 1602 111,
952 1555 977 1590 v.
1008 1542 1046 1591 11.
1072 1543 1134 1604 um,
1147 1539 1402 1604 estraesfcrcstur
1412 1540 1545 1607 adsidens
1558 1538 1666 1591 Christi
1676 1539 1765 1608 Apcc.
1777 1542 1801 1603 3,
1811 1554 1837 1591 v.
1847 1536 1909 1592 ain

212 1627 236 1680 2.
246 1621 316 1678 'iim
329 1629 353 1687 3,
362 1642 388 1680 v.
400 1629 424 1678 5.
437 1623 494 1680 Tit.
508 1630 532 1688 3,
543 1642 569 1682 r.
583 1631 621 1680 10.
636 1631 660 1681 2.
671 1624 736 1682 Jsh.
754 1644 780 1684 v..
799 1632 837 1680 11).
847 1630 919 1679 etex
933 1622 1046 1677 lrenaeo
1071 1622 1187 1694 vulgata
1201 1624 1327 1678 versione
1343 1623 1439 1679 itidem
1451 1624 1570 1679 habetur
1582 1641 1634 1678 vox
1652 1623 1799 1692 edicendi,
1818 1621 1908 1676 sedin

211 1708 261 1766 lib.
271 1715 295 1764 3.
304 1725 329 1764 4.
344 1714 368 1766 3.
383 1708 525 1780 Cypriane
532 1709 580 1764 lib.
593 1710 700 1781 1.epist.
711 1715 736 1764 3.
747 1709 901 1765 Athanasio
907 1709 942 1763 de
952 1707 1044 1764 S.An-
1071 1706 1179 1763 Graeco
1194 1721 1235 1763 est
1246 1708 1359 1779 ποιήσω.
1383 1710 1582 1778 2.Essmplum
1592 1709 1774 1763 contrarium.
1792 1706 1907 1761 Perver-

210 1794 423 1864 tonioinipsius
435 1795 498 1863 vita,
507 1795 632 1850 Antonio
642 1797 702 1867 ipso
711 1796 778 1852 ibid.
789 1794 948 1866 Augustino
963 1793 1044 1864 epist.
1055 1758 1058 1841 i
1071 1809 1117 1846 sus
1141 1794 1213 1849 enim
1239 1802 1268 1849 et
1289 1794 1318 1848 in
1332 1811 1428 1849 versus
1443 1795 1490 1849 ills
1511 1793 1628 1849 docendi
1646 1793 1728 1858 crdo,
1747 1799 1814 1848 uta
1837 1792 1864 1845 vi
1882 1796 1911 1846 st

211 1885 253 1937 42.
273 1879 368 1935 Leone
385 1897 464 1937 serm.
489 1885 527 1936 18.
547 1881 671 1951 de'pass.
689 1881 769 1936 Dom.
812 1879 1044 1951 Consequentism
1070 1879 1212 1935 coactione
1228 1879 1337 1935 initium
1352 1879 1410 1949 fiat,
1427 1882 1510 1951 plane
1518 1881 1630 1951 ignotus
1646 1886 1687 1934 est
1698 1878 1868 1950 apostolicae
1883 1884 1911 1932 et

211 1965 436 2037 probetqustnor
444 1964 612 2019 rationibus:
630 1968 751 2022 l.oratio
765 1967 794 2020 in
803 1966 880 2020 libris
890 1965 1045 2034 scriptaest
1069 1963 1224 2034 primitivae
1245 1963 1387 2020 ecclesiae.
1414 1965 1540 2019 Christus
1554 1965 1639 2035 jussit
1655 1965 1792 2035 apostolos
1810 1964 1908 2018 doecre

211 2050 399 2116 artificiosum
423 2056 447 2105 2.
460 2056 504 2105 est
518 2067 626 2121 semper
638 2053 675 2106 sd
689 2068 802 2120 manue;
833 2057 856 2106 3.
873 2051 938 2105 libri
956 2050 1044 2120 magis
1071 2065 1105 2102 ac
1115 2048 1266 2119 baptisare,
1283 2067 1340 2105 non
1352 2050 1502 2113 mandavit,
1516 2059 1547 2105 ut
1559 2067 1614 2118 eos,
1627 2050 1676 2122 qui
1688 2049 1785 2104 audire
1798 2048 1911 2111 nollent,

211 2142 396 2208 sparguntur,
415 2153 487 2207 quac
512 2136 605 2191 omnia
622 2152 702 2192 secus
720 2137 866 2194 habentin
884 2136 1043 2208 colloquiis;
1069 2133 1254 2191 interficerent
1284 2142 1333 2190 aut
1364 2136 1401 2190 ad
1439 2136 1608 2191 credendum
1640 2135 1730 2191 civilis
1763 2133 1908 2206 potestatis

211 2231 237 2280 4.
254 2222 292 2278 ab
318 2222 499 2292 experientis,
528 2238 612 2293 quam
644 2223 744 2292 prohat
771 2224 897 2293 exemplo
923 2220 1044 2290 Wicleli,
1069 2220 1233 2276 auctoritate
1247 2221 1453 2292 compellerent.
1492 2222 1634 2289 Eprspiss
1657 2223 1706 2276 iiic
1720 2221 1909 2290 praedicator

212 2308 261 2380 qui
286 2323 354 2362 soce
382 2307 578 2377 paucissimos,
603 2306 682 2362 libris
699 2313 784 2363 totam
801 2307 964 2363 Bohemiam
983 2324 1044 2378 per·
1071 2306 1324 2374 (Pedanium.
1350 2313 1381 2371 4,
1412 2325 1438 2360 v.
1456 2309 1492 2373 2.)
1512 2306 1592 2375 dicit,
1615 2307 1726 2376 sirpus,
1748 2305 1909 2359 obssessis

212 2393 302 2450 vertit
339 2381 565 2463 Respondemus:
587 2399 608 2447 1,
630 2392 858 2464 distinguendum
872 2394 943 2448 inter
961 2391 1044 2447 collo·
1072 2393 1148 2447 omni
1157 2392 1484 2464 patientioctdoctrina.
1514 2391 1909 2461 Noseseroatqueisscudita

211 2478 307 2552 quium
327 2477 462 2534 familiare
477 2494 539 2532 cum
558 2476 674 2532 rudibus
687 2485 716 2533 et
725 2478 912 2534 inexercitatis
925 2494 959 2533 ac
971 2477 1045 2533 inter
1068 2479 1261 2548 praedicatio,
1283 2495 1354 2548 44444
1380 2479 1539 2532 verberibus
1553 2480 1643 2546 fldem
1662 2477 1754 2544 scripit.
1772 2494 1797 2531 c.
1835 2475 1909 2540 Quid

212 2581 377 2636 congressus
389 2562 587 2633 disputatorios
600 2580 663 2618 eum
683 2563 771 2620 solide
788 2563 878 2620 doctis
897 2570 925 2620 et
944 2562 1046 2619 exerci-
1072 2568 1164 2618 sutem
1176 2563 1350 2619 4141414445.
1363 2579 1396 2617 ex
1413 2562 1530 2634 Gregor.
1541 2562 1589 2618 lib.
1600 2568 1623 2618 2.
1636 2562 1715 2632 epist.
1729 2568 1771 2618 52.
1805 2570 1829 2618 3.
1841 2560 1908 2616 idc-

211 2650 286 2707 usis.
319 2648 421 2704 Confer
439 2647 495 2703 'lit
520 2653 549 2717 3,
572 2666 598 2700 v.
625 2654 664 2704 1⁰.
684 2647 886 2705 Tertullianum
913 2649 948 2705 de
966 2664 1046 2720 prae·
1072 2654 1159 2724 ναμία
1181 2650 1326 2704 obtinendi
1349 2650 1430 2704 illum
1454 2651 1587 2720 effectum.
1628 2649 1742 2702 Animis
1769 2648 1908 2704 hominum

213 2734 304 2806 script
323 2750 348 2792 c.
367 2740 391 2789 2.
409 2733 464 2788 imo
481 2733 603 2804 ipsorum
617 2734 836 2790 adversariorum
855 2733 1044 2790 testimonium
1072 2753 1129 2790 non
1148 2740 1190 2788 itu
1204 2735 1360 2805 imperatur
1372 2736 1530 2804 trilinguis,
1548 2735 1680 2789 mersium
1693 2751 1742 2789 rec
1762 2736 1841 2788 Deus
1859 2743 1907 2789 cst.

212 2823 242 2879 in
258 2819 430 2893 praefatione
451 2818 595 2876 enchirfflii
611 2819 719 2875 Costeri
744 2827 773 2876 et
789 2820 889 2892 praxin
904 2820 1046 2876 ecclesiae.
1073 2821 1156 2876 Fides
1168 2821 1197 2874 in
1213 2821 1313 2890 anima,
1332 2838 1404 2893 quse
1423 2822 1536 2891 spiritus
1555 2827 1599 2876 est
1616 2827 1644 2876 et
1662 2822 1724 2892 cogi
1736 2837 1792 2875 non
1809 2827 1908 2891 potest,

214 2914 239 2967 2.
251 2905 422 2964 Testimonis
434 2905 596 2975 Scripturas
614 2911 663 2960 aut
681 2911 746 2960 sunt
762 2906 861 2974 aliena,
879 2911 912 2961 ut
928 2905 1046 2975 primum
1074 2906 1213 2974 consistit,
1240 2908 1300 2962 sols
1327 2906 1457 2961 divinitas
1482 2906 1613 2961 interiora
1639 2906 1730 2961 cordis
1758 2906 1908 2976 cognoscit,

213 2999 242 3053 st
259 2993 400 3060 ultimum,
425 3006 497 3062 quae
521 2997 609 3061 egum
633 2991 668 3045 ds
691 2991 900 3047 conversatione
917 2988 1047 3046 familiari
1073 2998 1219 3056 scrutatur,
1234 2992 1355 3062 judicat.
1391 2993 1437 3048 Ad
1457 3009 1608 3056 assensum,
1627 2991 1676 3062 qui
1692 2991 1759 3046 fidei
1775 3009 1841 3062 pars
1858 2999 1908 3060 est,

212 3078 323 3136 rudium
350 3094 413 3133 cum
439 3076 601 3144 haereticis,
620 3077 692 3131 sicut
718 3077 830 3132 tertium
861 3077 896 3132 de
926 3077 1048 3131 omnium
1072 3095 1154 3133 nemo
1172 3079 1236 3150 cogi
1255 3085 1355 3148 potest,
1373 3080 1424 3134 ssd
1442 3085 1484 3134 est
1505 3078 1771 3133 astusasoluntate
1792 3078 1908 3133 elicitus.

212 3164 360 3237 impiorum
378 3161 515 3218 consortio
532 3160 662 3230 vitaud03
682 3168 730 3217 aut
742 3161 847 3218 habent
859 3178 938 3217 suam
955 3163 1047 3218 restri-
1076 3164 1144 3226 Quis
1161 3166 1288 3234 imponat
1308 3166 1377 3218 milii
1394 3166 1585 3220 cccmsdatsm
1604 3166 1648 3218 sci
1667 3166 1816 3228 credendi,
1834 3166 1909 3234 quod

212 3250 330 3308 ctionem
349 3256 381 3304 ut
392 3248 553 3305 secundum.
583 3253 608 3302 3.
622 3249 736 3303 Petrum
750 3247 826 3302 dicta
841 3248 1048 3320 ἑτεροζητήσεως
1072 3250 1168 3316 nolim,
1185 3251 1229 3305 ecl
1248 3252 1325 3319 quod
1341 3252 1426 3304 eslim
1438 3269 1493 3305 con
1506 3250 1645 3304 credendi
1651 3252 1665 3304 1
1687 3250 1772 3304 Nihil
1789 3258 1847 3305 tem
1864 3268 1908 3303 oc-

211 3335 279 3392 vitio
304 3334 400 3391 itidem
424 3334 560 3389 laborant.
597 3333 695 3389 Priora
718 3342 837 3405 quatuor
863 3335 898 3388 de
915 3334 1046 3390 familiari
1071 3336 1226 3388 lanterium
1246 3355 1328 3406 44444
1348 3337 1466 3404 sclipio,
1493 3338 1596 3404 inqua
1615 3337 1642 3388 si
1665 3337 1776 3389 arsimus
1793 3353 1929 3397 44444444,

212 3421 432 3484 mercatione,
461 3420 613 3491 posteriora
640 3420 696 3474 duo
726 3419 761 3475 de
786 3419 896 3474 rudium
925 3422 1046 3490 periculo
1072 3423 1187 3490 estjam
1196 3420 1634 3491 nulma‚jamnuslaesr,inquit
1648 3420 1814 3476 Lactantius
1823 3420 1907 3477 libi.

212 3513 308 3581 egum.
345 3514 370 3562 4.
392 3505 538 3570 Rationes,
563 3505 665 3578 quibus
688 3506 886 3576 consequentia
904 3506 1045 3577 probetur,
1072 3507 1128 3562 div.
1150 3507 1212 3561 inat.
1232 3523 1255 3560 c.
1278 3512 1317 3563 19.
1339 3508 1470 3560 Liberum
1488 3507 1627 3575 quiddam
1646 3515 1688 3560 cst
1707 3509 1831 3576 credere,
1852 3508 1908 3560 imo

212 3593 242 3648 in
260 3591 474 3664 simplicioribus
493 3595 522 3646 at
540 3591 675 3661 imperitis
693 3591 784 3646 locum
802 3592 920 3655 habent,
945 3593 1045 3647 nonin
1072 3595 1209 3663 qssiddam
1229 3593 1354 3645 diuinum
1372 3593 1402 3645 in
1419 3592 1535 3663 spiritu,
1561 3598 1677 3646 ceteras
1694 3593 1782 3660 igitur
1800 3595 1830 3646 vi
1846 3593 1909 3661 coqs'

213 3679 302 3734 doctis
324 3684 353 3732 et
376 3676 540 3732 exercitatis.
576 3677 669 3732 Sixtus
694 3676 824 3732 Senensis
851 3677 899 3734 lib.
919 3685 950 3733 ,4.
978 3678 1045 3732 bibl.
1071 3696 1121 3732 esc
1135 3657 1304 3747 4414441444
1324 3679 1421 3744 dehet,
1439 3677 1537 3731 scribit
1555 3677 1695 3732 Lutherus
1714 3684 1781 3735 tem.
1802 3686 1825 3734 2.
1845 3679 1907 3734 Jen.

212 3770 299 3820 sanct.
318 3769 411 3818 annot
438 3767 495 3817 266.
514 3780 542 3832 p.
563 3767 627 3818 54³:
653 3764 712 3816 Nec
727 3780 746 3816 a
762 3765 892 3818 Romano
908 3764 1047 3832 pontifics,
1071 3764 1090 3818 f.
1122 3770 1177 3820 180.
1220 3766 1285 3817 Non
1309 3772 1402 3833 potest
1426 3781 1483 3817 essc
1508 3766 1655 3829 4144441444,
1679 3767 1756 3833 quod
1772 3772 1908 3829 coactum,

212 3867 262 3906 444
280 3851 316 3903 ab
332 3850 395 3904 ulla
413 3866 535 3918 unquam
551 3852 659 3916 synodo
676 3851 734 3913 fuit
753 3851 864 3904 omuino
872 3867 1046 3919 prorsusque
1071 3867 1121 3904 nec
1151 3851 1262 3906 Christo
1287 3852 1441 3920 quidquam
1471 3859 1591 3919 94414414,
1625 3851 1683 3904 cisi
1710 3851 1907 3917 uoluntarium,

209 3936 391 4007 prohibitum,
407 3951 443 3987 oc
461 3935 662 3988 haercticonsm
683 3936 792 4004 scripta
808 3936 975 4003 legerentur,
994 3938 1047 3989 ssd
1072 3936 1158 3991 refert
1169 3936 1250 3991 Philo
1268 3937 1296 3990 in
1314 3936 1386 3990 libro
1399 3936 1474 4007 quod
1488 3936 1577 3990 omnis
1591 3934 1697 4006 probus
1717 3936 1788 3991 liber
1806 3954 1833 4006 p.
1849 3943 1906 3992 557.

211 4038 246 4077 44
269 4022 329 4075 sins
359 4020 498 4088 majorum
525 4020 700 4073 concessione
726 4022 897 4089 1494444144,
927 4022 1046 4076 maxime
1072 4021 1207 4077 Calenum
1223 4022 1444 4093 antiquissimum
1456 4022 1650 4093 philosophum
1670 4022 1706 4076 ad
1718 4022 1908 4079 Alexandrum

212 4124 277 4163 uero
295 4107 331 4160 ab
348 4107 514 4171 ineruditis,
539 4107 588 4175 qui
608 4105 699 4169 facile
725 4122 820 4160 sonim
842 4108 960 4161 lectione
975 4108 1048 4170 folii
1073 4108 1209 4180 Magnum
1230 4109 1373 4179 scripsisse
1398 4109 1427 4162 in
1452 4108 1524 4162 hanc
1543 4108 1725 4163 sententiam:
1744 4110 1840 4163 Amici
1857 4110 1909 4164 tibi

209 4201 333 4264 possent,
352 4200 380 4246 et
397 4190 574 4246 ab‘smditis
593 4193 684 4260 ctiam,
703 4208 773 4260 quos
788 4193 870 4246 nulia
884 4194 1048 4262 hujusmodi
1072 4197 1200 4263 44441441,
1217 4203 1247 4248 ct
1265 4212 1350 4264 copes
1362 4196 1500 4248 Indorum
1508 4194 1704 4264 philosophos,
1720 4211 1755 4248 44
1769 4212 1825 4264 per
1837 4213 1908 4249 som·

211 4281 342 4335 iectionis
357 4286 468 4348 asyam
485 4279 643 4334 securitas.
674 4280 750 4333 Nam
771 4285 796 4331 st
816 4277 1046 4345 Carthapiccnsis
1072 4299 1138 4334 cum
1150 4281 1261 4349 quidem
1272 4282 1435 4351 conspicari
1443 4298 1490 4334 scs
1508 4288 1620 4333 4441444
1636 4287 1769 4334 41444144
1787 4282 1907 4349 nepotis.

213 4372 238 4420 4.
253 4367 381 4435 synodus
400 4384 462 4420 cac.
484 4368 524 4418 17.
544 4367 672 4420 concedit
690 4364 831 4434 episcopis
851 4365 1009 4419 eruditione
1020 4373 1047 4419 ct
1074 4367 1203 4436 Corpora
1221 4370 1256 4420 de
1275 4368 1336 4421 loco
1353 4368 1383 4420 iss
1400 4368 1493 4420 iocum
1509 4367 1675 4432 transferes,
1693 4366 1795 4420 animis
1813 4368 1908 4421 insitis

206 4454 268 4523 fids
289 4453 447 4521 conspicuis
472 4451 618 4506 lectionem
643 4451 845 4504 haereticorum
870 4452 1047 4517 uoluminum,
1072 4454 1181 4508 nullum
1200 4454 1256 4506 uim
1273 4454 1397 4517 inferes,
1423 4453 1513 4506 nihilo
1538 4451 1629 4521 magis
1655 4469 1741 4520 qaam
1759 4452 1787 4504 si
1805 4453 1907 4506 lateres

213 4555 268 4608 pao
291 4538 411 4603 facibus
431 4537 543 4607 possint
564 4536 680 4589 illorum
703 4535 826 4588 insidias
852 4553 1001 4603 agnoscere
1020 4545 1047 4589 st
1073 4547 1098 4593 st
1118 4540 1198 4607 lipsa
1214 4555 1299 4606 copus
1322 4555 1416 4608 nocem
1434 4539 1565 4591 emittere.
1604 4535 1710 4590 Nullus
1724 4553 1787 4604 scs,
1812 4538 1908 4592 4441144

85 4616 157 4722 3:0⁶⁸
165 4621 336 4679 Ancedidisse
361 4625 519 4692 confutare.
555 4620 704 4687 Quaeritur
729 4627 754 4677 3.
792 4624 839 4675 Aa
866 4624 1047 4690 mapistratas
1071 4627 1203 4697 princeps
1215 4625 1442 4693 petsstcflicess,
1457 4624 1654 4692 nequidquam
1665 4632 1908 4693 spamuspracter

81 4726 170 4770 ,4444414
212 4710 339 4764 subditos
370 4712 411 4762 nd
434 4710 525 4775 fidem
554 4723 651 4775 copore
686 4709 804 4762 debeat!
853 4708 1046 4764 Affirmantem
1073 4711 1163 4766 animi
1179 4711 1353 4772 senteutiam,
1379 4707 1430 4762 οὐκ
1449 4709 1506 4762 ἔστι
1524 4708 1652 4775 βασιλεὺς
1668 4705 1844 4779 οὔιεᾶρχων,
1878 4706 1908 4770 ὃς

84 4774 192 4868 :2⁵3¹ssss
213 4795 383 4867 quaestionis
401 4799 508 4865 partem
530 4791 690 4847 Pontificios
708 4793 838 4863 amplecti
856 4800 974 4849 testatur
987 4796 1047 4866 ipsa
1072 4797 1229 4866 ἠνάγκασεν
1259 4794 1330 4869 ἡμᾶς
1360 4800 1464 4862 ποιεῖν,
1492 4793 1567 4867 cipi
1584 4792 1804 4868 προαιρούμεθα.
1841 4797 1908 4850 Nos

85 4885 175 4969 ἔξω
207 4882 311 4953 pratis
329 4879 513 4951 inquisitionis
534 4879 712 4949 Hispanicae,
730 4879 779 4934 sed
798 4881 962 4951 opponimus
979 4882 1047 4937 illis:
1073 4884 1181 4952 gladio,
1199 4883 1252 4934 sed
1265 4880 1451 4949 permississe
1470 4882 1543 4934 acsi
1561 4882 1709 4934 doctrinas
1727 4882 1758 4934 in
1776 4883 1908 4936 cordibus

213 4973 236 5024 1.
265 4967 397 5021 mersisti
428 4968 520 5021 divini
550 4968 697 5033 desectum.
740 4967 877 5036 Nuspiam
908 4968 990 5029 enim,
1018 4969 1046 5022 in
1073 4966 1325 5036 bominumrsiipio
1340 4966 1680 5034 etpiaetaturcthonssto
1694 4967 1768 5020 citae
1783 4969 1907 5038 exemplo
2003 4980 2006 4987 ’

213 5054 293 5111 Novo
325 5053 489 5122 praesertim
524 5052 703 5107 Testamenta
734 5053 909 5116 mandatum,
949 5058 982 5106 ut
1010 5053 1048 5107 ad
1074 5056 1265 5116 confirmatur,
1286 5052 1382 5108 scribit
1400 5053 1636 5111 rexNavarraeus
1653 5052 1682 5105 in
1700 5052 1787 5106 literis
1805 5053 1842 5106 ad
1860 5070 1908 5108 no·

97 5145 152 5188 111·
165 5145 199 5188 41-
213 5139 315 5196 Christi
335 5138 499 5210 religionem
517 5138 738 5207 amplectendam
756 5139 880 5194 homines
898 5141 924 5192 vi
945 5155 1046 5209 cogan·
1073 5140 1142 5196 biles
1162 5139 1330 5210 Aquitaniae
1347 5140 1424 5210 apud
1440 5139 1593 5195 Dinothum
1610 5137 1658 5193 lib.
1679 5144 1702 5193 6.
1722 5138 1787 5193 hist.
1807 5138 1907 5195 Gallie.

212 5231 267 5283 tur.
302 5225 335 5280 ln
355 5224 490 5296 parabola
507 5222 576 5277 Luc.
598 5230 638 5291 14,
658 5241 683 5280 v.
703 5229 744 5280 23.
762 5241 857 5279 servus
870 5223 999 5294 jubetur,
1015 5230 1046 5279 ut
1073 5226 1091 5281 f.
1117 5232 1175 5282 488.
1218 5230 1243 5280 4.
1266 5227 1449 5280 Domisatcm
1476 5227 1506 5280 in
1535 5224 1721 5279 conscientias
1747 5233 1774 5278 st
1798 5227 1908 5280 animus

213 5311 361 5383 compellat
377 5311 499 5381 hospites
518 5309 681 5364 adcoenam
698 5310 1047 5366 coelestisPatrisfamilias
1072 5312 1129 5366 soli
1152 5314 1213 5365 Deo
1237 5312 1374 5367 relictum.
1414 5313 1479 5365 Noc
1502 5312 1681 5365 dominamur
1700 5311 1777 5379 fidei
1791 5320 1908 5379 vestras,

212 5397 356 5466 inritatos,
375 5396 424 5452 sad
450 5395 498 5451 ille
517 5395 697 5467 ἀναγκασμὸς
713 5414 764 5466 prs
781 5395 887 5451 ratione
905 5397 1047 5466 subjectae
1073 5397 1163 5468 inquit
1183 5397 1325 5467 apostolus
1344 5405 1370 5456 2.
1390 5397 1453 5453 Cor.
1476 5404 1497 5464 1,
1515 5414 1540 5449 v.
1562 5401 1604 5452 24.
1623 5395 1751 5449 nimirum
1769 5397 1836 5467 quia
1853 5399 1910 5453 tale

214 5482 346 5537 materiae
363 5481 579 5555 intelligendus,
599 5483 674 5554 quod
692 5483 810 5537 ministri
829 5482 976 5551 eeclesias,
999 5482 1048 5554 qui
1073 5483 1227 5539 dominium
1246 5484 1274 5537 in
1294 5482 1479 5538 conscientias
1503 5482 1539 5536 sd
1562 5482 1649 5536 solum
1669 5481 1760 5537 Qum
1781 5482 1910 5552 pertinet.

215 5584 272 5644 pes
288 5583 383 5622 meos
401 5567 550 5640 praecipue
567 5567 621 5624 hoc
639 5567 700 5624 loco
716 5567 923 5639 intelliguntur,
941 5568 1049 5641 praedi·
1075 5569 1234 5642 Stephsnus
1252 5568 1405 5624 Batoraeus
1424 5566 1558 5625 Poloniss
1576 5582 1625 5623 rex
1644 5567 1737 5625 disere
1757 5568 1912 5639 consuevit,
1924 5579 2006 5624 nas
