4020 6014
708 254 1236 327 ns'userarasrueomrreo.
1763 281 1824 340 sss

127 420 262 477 nectimus
281 428 484 495 argumentum.
508 422 594 479 ‘Vera
615 426 644 478 et
669 424 791 495 genuina
816 422 963 495 explicatio
992 418 1084 477 monia
1102 422 1237 495 agnoscit,
1258 422 1460 495 Hieronymum
1479 439 1530 495 per
1541 423 1651 481 sisania
1665 422 1825 498 ‚intelligere

126 506 321 577 parabolarum
347 509 387 563 ita
411 508 518 563 institui
543 508 642 578 debet,
667 516 698 563 ιιι
721 508 758 564 ad
782 509 963 580 principalem
990 506 1156 579 haereticos3
1183 508 1325 566 Johsnues
1345 511 1380 567 de
1399 510 1427 566 la
1446 509 1531 582 Haya
1551 511 1580 565 iu
1600 511 1739 585 triumpho
1756 510 1825 569 verl-

126 607 240 662 scopum
262 592 436 662 potissimum
459 599 602 665 respectus
626 593 774 664 habeatur,
799 595 964 666 Chrysosto·
989 593 1055 648 tatis
1073 590 1099 653 c.
1118 602 1160 652 61.
1180 613 1208 667 p.
1229 602 1287 653 441.
1307 595 1428 668 praefert
1447 598 1560 669 quidem
1577 597 1687 654 illorum
1705 597 1826 669 expliea-

128 695 190 732 mus
208 677 303 733 homil.
322 684 363 735 35.
382 680 412 733 in
427 679 527 735 Matth.
562 680 650 752 Atqui
667 697 768 752 scopus
782 680 865 753 hujus
883 697 964 751 para·
987 679 1107 748 tionem,
1133 682 1181 751 qui
1207 699 1258 753 per
1285 682 1393 738 zizania
1417 683 1446 738 in
1473 699 1575 755 genere
1601 684 1712 756 quosvis
1738 684 1832 739 malos

126 761 206 818 bolae
233 770 276 820 est
303 782 359 821 non
377 765 412 820 de
430 767 524 838 regnis
547 766 711 836 mundanis,
739 766 789 822 sed
812 767 847 822 de
875 783 963 841 regno
988 766 1047 821 sive
1066 774 1226 838 peccatores
1245 768 1413 841 intelligunt,
1432 775 1461 825 et
1472 770 1562 840 carpit
1579 769 1733 840 Erasmum,
1750 768 1825 842 quod

128 849 269 905 coelorum
293 858 322 907 et
344 857 418 908 statu
443 853 577 910 ecclesiae
593 869 685 925 agere.
720 852 796 925 Ergo
813 852 898 909 etiam
918 842 1130 923 ex·lepriauo
1153 853 1225 913 libra
1251 860 1275 910 3.
1298 855 1378 926 epist.
1402 861 1426 914 3.
1451 855 1650 925 expositionem
1677 855 1712 913 de
1730 855 1826 912 haere·

126 934 241 1005 plicatio
265 937 390 1007 ejusdem
418 938 500 995 unice
528 956 561 996 ec
580 939 734 1011 dirigenda,
761 948 790 995 et
814 954 847 994 ex
868 955 962 995 couse-
988 937 1052 993 ticis
1069 938 1190 1008 tribuat;
1216 940 1326 996 interim
1349 940 1424 996 haud
1442 942 1580 1012 meatim
1598 942 1738 1014 agnoscit,
1759 941 1826 998 Hie-

128 1022 224 1091 quenti
242 1039 293 1093 per
312 1025 421 1078 sicema
439 1041 496 1080 non
514 1031 631 1095 possunt
652 1040 704 1082 nec
722 1024 825 1081 debent
844 1024 962 1097 intelligi
989 1041 1146 1095 ronymum,
1164 1026 1370 1098 Angusunum,
1390 1025 1624 1098 chrysostomum,
1643 1027 1825 1098 Euthymiuru

125 1109 230 1162 atrocia
246 1108 296 1163 illa
311 1108 444 1175 facinora,
464 1128 536 1182 quae
554 1113 584 1167 iu
603 1112 696 1182 regnis
710 1110 829 1167 terrenis
842 1117 871 1166 et
883 1128 962 1165 muu-
989 1117 1017 1165 et
1033 1111 1102 1165 alias
1119 1129 1169 1183 per
1188 1113 1296 1168 sicania
1314 1114 1344 1168 in
1360 1112 1413 1169 hac
1430 1113 1564 1184 parabola
1580 1113 1734 1183 intelligere
1752 1113 1825 1170 solos

126 1192 206 1248 danis
227 1195 309 1249 etiam
329 1197 553 1267 conspiciuntur,
571 1197 600 1251 in
619 1214 691 1269 quae
709 1197 886 1266 magistratus
903 1198 962 1270 gla-
988 1195 1150 1255 haereticos.
1186 1199 1264 1253 Idem
1291 1199 1398 1255 iaciunt
1422 1199 1499 1272 Lyra
1521 1205 1550 1255 et
1573 1199 1752 1270 stapletonus
1770 1199 1824 1255 hoc

128 1278 174 1334 dio
188 1280 390 1347 animadvertit,
404 1283 602 1352 sedhaereses,
622 1282 735 1355 quaein
748 1281 849 1337 Christi
867 1296 963 1356 regno,
987 1282 1055 1352 loco,
1081 1284 1210 1339 Bessum
1240 1284 1269 1338 in
1293 1284 1393 1356 disput
1416 1285 1451 1340 de
1483 1283 1539 1341 fide
1565 1285 1667 1342 haeret.
1697 1284 1825 1342 servand.

126 1364 180 1422 hoc
200 1373 242 1422 est
257 1367 287 1422 in
303 1367 408 1423 visibili
426 1370 551 1435 ecclesia,
569 1369 634 1424 oriri
657 1375 867 1435 consueverunt,
891 1386 963 1440 quae
986 1368 1034 1425 fol.
1057 1373 1115 1426 103.
1150 1369 1347 1442 “Cyprianus
1365 1370 1413 1426 lib.
1431 1377 1455 1427 3.
1473 1371 1553 1442 epist.
1579 1378 1606 1427 l:
1644 1373 1711 1426 Etsi
1727 1373 1824 1426 uidem

127 1451 236 1509 vindice
260 1452 441 1525 magistratus
465 1455 560 1528 gladio
591 1455 726 1512 eradicari
760 1460 788 1511 et
817 1454 961 1525 exstirpari
988 1462 1035 1507 tar
1062 1454 1094 1508 in
1120 1454 1238 1510 ecolmia
1263 1473 1322 1511 esse
1347 1458 1470 1526 naenia,
1494 1465 1554 1511 non
1578 1465 1670 1511 tamen
1690 1454 1828 1530 impediri

125 1535 251 1594 Christus
271 1540 407 1610 prohibet
989 1540 1068 1594 debet
1098 1548 1149 1595 aut
1172 1543 1257 1612 fides,
1288 1551 1338 1597 aut
1366 1544 1474 1597 caritas
1497 1538 1604 1611 nonna,
1630 1550 1662 1597 ut
1691 1543 1824 1613 quoniam

162 1629 219 1680 322.
264 1633 288 1682 3.
318 1628 364 1681 Ex
399 1627 569 1682 sisaniomm
604 1627 801 1697 immistione.
849 1625 963 1680 Zizania
988 1627 1098 1680 mannia
1115 1644 1173 1682 asse
1191 1629 1221 1681 s'n
1241 1628 1361 1682 ecclesia
1378 1630 1532 1698 canimus,
1563 1630 1621 1699 s'psi
1643 1631 1679 1683 dc
1704 1630 1824 1684 scelssm

129 1715 149 1766 l.
169 1710 271 1783 partim
290 1728 342 1768 sua
361 1719 460 1784 sponte
478 1713 546 1770 vitio
564 1713 644 1784 pravi
664 1713 716 1769 soli
734 1718 869 1778 crescunt,
898 1728 961 1782 par·
987 1715 1159 1768 recedamus.
1196 1713 1284 1768 Nobis
1302 1714 1359 1768 imo
1379 1714 1568 1786 laborandum
1585 1722 1634 1780 est,
1651 1724 1682 1770 nt
1697 1719 1824 1782 frumen·

124 1793 175 1849 tim
188 1796 271 1852 etiam
288 1798 380 1870 ipsum
397 1816 490 1855 semen
507 1799 590 1854 facile
609 1799 638 1854 in
656 1815 689 1855 ea
708 1799 867 1870 degenerat,
886 1797 961 1852 unde
988 1807 1044 1852 tum
1074 1810 1133 1854 esse
1160 1801 1317 1870 possimus,
1347 1809 1386 1868 ut,
1415 1819 1478 1856 cum
1502 1802 1625 1871 coeperit
1647 1803 1825 1869 frumentum

125 1882 241 1945 ζιζάνιον
259 1884 363 1940 dictum
390 1893 506 1957 putatur
524 1885 604 1957 quasi
629 1882 807 1953 σιτοιζάνιον,
835 1883 911 1959 παρὰ
929 1884 960 1937 τὸ
990 1886 1148 1941 Dominicis
1164 1888 1274 1941 barrem
1293 1887 1390 1952 cmdi,
1410 1889 1535 1952 fructum
1547 1904 1604 1958 pro
1626 1904 1709 1957 opere
1727 1895 1824 1942 nonno

125 1973 163 2038 spi
178 1975 245 2040 σίτῳ
257 1971 438 2046 παρεδρεύειν
448 1975 496 2027 καὶ
509 1971 744 2042 συναυξάνεσθαις
763 1978 787 2027 2.
799 1971 961 2043 priusquam
988 1980 1013 2026 et
1037 1974 1131 2028 labore
1160 1974 1342 2043 accipiamus.
1378 1975 1533 2043 Apostolus
1565 1975 1595 2028 in
1625 1978 1678 2028 sua
1703 1973 1824 2043 epistola

125 2055 162 2108 ad
190 2057 378 2114 maturitatem
400 2059 529 2128 veniunt,
559 2059 653 2116 tritico
670 2058 752 2113 valde
769 2064 835 2112 sunt
853 2056 961 2125 similia,
988 2059 1072 2129 aas,
1100 2060 1131 2114 in
1150 2063 1233 2115 domo
1254 2068 1346 2114 autem
1362 2075 1467 2129 mapna
1486 2078 1543 2113 non
1560 2060 1651 2114 solnm
1674 2078 1743 2115 oasa
1760 2064 1829 2114 srmt'

126 2145 157 2194 ut
184 2141 213 2196 in
246 2143 335 2215 prima
366 2144 453 2201 herba
484 2147 521 2202 ab
550 2163 583 2202 eo
614 2145 660 2200 vix
692 2144 811 2200 discerni
839 2142 962 2215 possiut3
988 2164 1077 2200 aurea
1094 2154 1121 2199 et
1138 2153 1280 2215 argentea,
1298 2147 1387 2200 sedet
1408 2147 1504 2215 liparea
1522 2154 1548 2200 et
1561 2147 1677 2216 fictilia,
1697 2155 1722 2200 ct
1741 2163 1825 2217 qnae

126 2232 151 2283 3.
177 2227 259 2298 plura
285 2247 375 2302 grana
400 2230 535 2297 afferunt,
564 2237 593 2287 et
618 2231 730 2303 quidem
755 2230 910 2300 plerunque
929 2244 963 2283 ex
988 2235 1054 2285 dam
1078 2233 1191 2301 quidem
1219 2232 1366 2296 bonoram,
1392 2234 1532 2302 qrsaedam
1557 2249 1623 2287 cero
1645 2232 1824 2288 inhonorata.

126 2329 183 2368 uno
204 2314 266 2384 ejus
283 2332 371 2387 grano
388 2316 483 2387 plures
510 2317 595 2373 culmi
622 2322 803 2385 enascuntur3
830 2312 964 2371 aienius
988 2319 1174 2391 Nesoperam
1193 2321 1475 2388 demasetquanlam
1485 2336 1637 2390 possumus
1655 2319 1823 2385 laboremus,

127 2416 160 2453 ex
178 2399 234 2453 illis
251 2408 350 2471 parata
368 2403 485 2473 proinde
505 2403 636 2472 albescit,
654 2409 688 2456 ut
712 2402 826 2457 alterius
844 2399 962 2471 alicujus
987 2413 1017 2458 ut
1032 2422 1083 2459 nas
1102 2422 1219 2460 auream
1237 2413 1436 2475 stanpenseum
1453 2405 1547 2462 simas.
1597 2407 1723 2461 Ceterum
1745 2406 1821 2476 ficti·

126 2484 272 2557 frumenti3
292 2493 314 2543 5.
333 2487 357 2542 si
376 2490 456 2560 panis
475 2506 509 2545 ex
528 2507 562 2544 ea
580 2490 721 2562 pinsetur,
748 2504 804 2542 non
822 2487 886 2558 alit,
912 2486 961 2542 sed
988 2491 1029 2544 lia
1055 2510 1124 2545 arara
1148 2493 1329 2561 confringere
1355 2492 1479 2546 Domina
1507 2492 1564 2546 soli
1589 2508 1746 2546 conoessum
1773 2499 1824 2563 est,

126 2570 245 2627 inebriat
271 2590 305 2628 ac
343 2575 485 2630 dementat
517 2575 673 2643 hominem
708 2580 731 2630 6.
766 2573 874 2630 etiamsi
905 2589 962 2627 non
988 2576 1036 2631 eni
1063 2586 1089 2631 et
1115 2578 1197 2645 sirpo
1217 2579 1323 2645 ses-rsa
1336 2579 1421 2631 nata
1449 2585 1498 2634 est.
1543 2579 1616 2631 Esse
1652 2596 1708 2631 non
1730 2568 1824 2647 potest

126 2658 245 2713 multum
271 2660 332 2731 ejus
356 2661 422 2716 insit
441 2662 550 2732 altico,
579 2667 674 2717 tamen
690 2676 790 2731 panem
816 2664 865 2714 aut
882 2657 961 2729 quid·
986 2663 1111 2717 Domino
1130 2681 1181 2717 asso
1198 2663 1293 2733 major
1311 2679 1415 2732 semus,
1434 2680 1484 2717 nec
1500 2663 1647 2733 mnqsram
1665 2665 1728 2730 sibi,
1748 2664 1833 2733 quod

126 2745 195 2816 quid
221 2762 255 2800 ex
280 2763 313 2803 eo
332 2752 460 2818 paratur,
487 2749 573 2804 vitiat
609 2747 688 2804 Haec
707 2747 800 2803 omnia
816 2745 961 2801 haereseos
985 2749 1044 2803 soli
1059 2748 1138 2803 Filio
1155 2750 1252 2802 tribuit
1266 2756 1361 2818 poter,
1380 2750 1530 2803 nenfflcare
1547 2765 1578 2801 se
1594 2751 1720 2818 prester.tt

125 2845 159 2884 ac
177 2829 265 2886 falsae
284 2833 428 2889 doctrinae
447 2839 577 2889 naturam
596 2832 780 2905 pulcherrime
802 2847 961 2902 repraeseu-
1022 2838 1079 2890 323.
1114 2832 1199 2889 Hisce
1226 2832 1384 2904 praemissis
1411 2851 1446 2889 ex
1484 2832 1618 2904 parabola
1649 2832 1752 2888 Christi
1783 2833 1823 2889 sic

125 2919 194 2971 taut.
228 2917 271 2972 Ea
289 2919 362 2973 enim
384 2925 406 2975 1.
425 2918 470 2974 vel
489 2936 540 2975 sua
556 2926 656 2991 sponte
682 2920 749 2974 vitio
764 2933 868 2990 pravas
885 2930 961 2971 men·
987 2919 1193 2976 concludimus:
1217 2927 1240 2975 l.
1259 2918 1424 2991 Quicunque
1440 2918 1520 2976 evelli
1546 2927 1574 2975 et
1595 2919 1741 2990 exstirpari
1757 2936 1822 2992 prc-

127 3001 165 3056 tis
181 3010 294 3059 nostrae
314 3005 430 3070 crescit,
448 3005 492 3060 vel
512 3005 595 3060 etiam
613 3021 647 3062 ex
664 3006 726 3076 ipsa
743 3019 811 3059 vera
828 3002 962 3073 religione
986 3005 1124 3075 hibentur,
1141 3004 1183 3059 illi
1203 3004 1297 3077 gladio
1316 3021 1372 3060 nou
1390 3009 1456 3060 suut
1474 3021 1490 3060 e
1508 3005 1598 3059 medio
1616 3004 1741 3062 tollendi.
1764 3004 1822 3065 aad

127 3089 278 3161 depravata
303 3096 331 3146 et
348 3095 481 3161 corrupta
504 3092 606 3161 oritur3
631 3098 654 3148 2.
674 3090 846 3164 aliquamdiu
864 3088 961 3143 similis
986 3091 1118 3149 haeretici
1143 3108 1194 3162 per
1217 3089 1325 3146 muenia
1346 3090 1497 3163 significati
1521 3091 1601 3146 evelli
1625 3097 1653 3147 et
1677 3088 1831 3169 entim&
1862 3099 1871 3121 ·

125 3184 242 3247 apparet
266 3193 348 3233 verae
375 3177 533 3248 doctrinae,
563 3176 696 3234 haeretici
721 3178 795 3233 euim
820 3176 961 3248 loquelam
986 3178 1176 3250 prohibentur.
1210 3175 1500 3248 Ergahaeretieiuon
1513 3177 1683 3249 suntgladio
1702 3174 1823 3233 emsfflo

125 3263 294 3320 sincerarum
312 3264 457 3319 doctorum
474 3265 511 3319 ad
538 3263 823 3335 tempusimitantur,
847 3268 880 3318 ut
897 3280 960 3318 cum
986 3264 1111 3321 tollendi.
1147 3270 1171 3320 2.
1190 3262 1270 3328 Quod
1296 3264 1360 3318 solie
1385 3264 1491 3335 angelis
1510 3263 1539 3318 iu
1557 3263 1614 3318 fine
1631 3263 1726 3317 mundi
1744 3278 1823 3334 pera·

125 3349 179 3404 illis
199 3352 301 3406 sentire
319 3351 482 3422 rideantur,
512 3351 562 3406 sed
587 3351 701 3407 undem
725 3349 901 3406 manifestum
921 3348 961 3418 fit,
987 3351 1110 3425 gendum
1127 3350 1255 3407 relietum
1281 3358 1337 3420 est,
1367 3349 1436 3404 illud
1459 3365 1539 3405 nemo
1560 3349 1702 3404 hominnm
1720 3348 1749 3403 in
1769 3348 1823 3404 hac

125 3437 200 3508 ipsos
230 3454 287 3492 non
325 3437 428 3493 honum
456 3455 558 3501 semen,
590 3438 640 3494 sed
673 3436 782 3491 zizania
816 3452 962 3508 spargers3
986 3438 1046 3492 vita
1073 3441 1181 3494 tentare
1211 3442 1378 3507 praesumat
1423 3435 1479 3491 Sed
1509 3436 1709 3490 haereticorum
1738 3436 1822 3490 iuter·
1876 3478 1879 3483 .

126 3527 150 3576 3.
168 3522 319 3578 admodum
337 3523 416 3579 ferax
437 3530 479 3579 est
497 3530 525 3578 et
541 3523 619 3578 brevi
641 3529 766 3593 tempore
789 3522 846 3578 late
863 3538 962 3593 propa·
987 3523 1071 3579 sectio
1101 3540 1151 3594 per
1180 3522 1348 3577 zinaniorum
1373 3521 1544 3577 evulsionem
1573 3519 1730 3593 significata
1756 3518 1823 3575 solis
1897 3528 1900 3533 '

10 3622 54 3662 ιιι.
66 3620 112 3663 ras.
126 3615 227 3679 gatar,
247 3617 272 3667 4.
292 3614 406 3666 externa
427 3609 520 3680 specie
531 3609 670 3665 humanae
688 3608 789 3664 rationi
806 3607 948 3663 blanditur
954 3629 963 3672 ,·
988 3609 1094 3681 angelis
1113 3610 1143 3664 in
1160 3607 1216 3664 line
1232 3606 1329 3662 mundi
1346 3607 1508 3678 peragenda
1525 3611 1569 3662 est
1588 3606 1692 3672 'relicta
1710 3613 1742 3661 ut
1757 3604 1822 3662 cou-

128 3702 152 3751 5.
170 3701 280 3750 tautum
298 3696 386 3765 abest,
404 3701 437 3752 ut
455 3696 596 3751 auditores
612 3695 700 3752 faciat
719 3693 853 3760 meliores,
872 3701 904 3749 ut
915 3710 962 3750 eos
988 3702 1044 3751 stat
1061 3712 1096 3751 ex
1114 3694 1264 3752 collatione
1286 3711 1313 3748 v.
1339 3698 1381 3749 3ο.
1406 3699 1435 3747 et
1452 3698 1493 3749 41.
1529 3691 1605 3765 Ergo
1621 3691 1823 3748 haereticorum

126 3782 209 3836 etiam
228 3782 368 3838 dementat
386 3789 415 3837 et
432 3780 564 3852 inebriet,
581 3781 645 3837 Gal.
664 3788 689 3847 3,
709 3799 733 3838 v.
754 3787 776 3838 1.
802 3788 825 3837 2.
844 3779 917 3835 Tim
936 3786 960 3850 2,
987 3781 1208 3838 intersectionem
1230 3796 1312 3836 nemo
1339 3778 1480 3843 hominum
1505 3776 1534 3832 in
1557 3778 1610 3834 hac
1631 3779 1690 3833 vita
1714 3783 1823 3834 tentare

125 3884 152 3923 r.
178 3873 226 3938 263
261 3873 285 3924 3.
304 3885 338 3923 ac
363 3867 388 3922 si
411 3868 456 3924 rel
474 3868 613 3925 modicum
638 3868 700 3938 ejus
722 3883 805 3923 veras
820 3865 962 3922 doctrinae
989 3867 1080 3924 dehet.
1118 3873 1142 3923 3.
1162 3866 1243 3933 Quod
1261 3880 1325 3921 cum
1343 3864 1567 3937 praesentissimo
1584 3864 1709 3936 periculo
1725 3864 1822 3919 salutis

125 3954 320 4023 commisceas,
345 3953 524 4010 nihilominus
550 3959 639 4008 totam
666 3970 785 4009 massam
809 3953 961 4023 corrumpit
987 3956 1180 4026 conjunctum,
1205 3952 1275 4007 illud
1294 3969 1350 4007 uon
1369 3951 1453 4008 debet
1478 3950 1515 4007 ab
1534 3951 1645 4006 homine
1664 3950 1821 4006 Christiano

125 4041 259 4108 acritiat,
273 4046 295 4096 1.
308 4039 371 4096 Car.
385 4047 410 4109 5,
422 4058 449 4099 r.
462 4045 486 4097 6.
499 4040 591 4097 Galat
604 4048 629 4110 5,
641 4058 668 4095 ι.
684 4047 708 4097 9.
722 4039 837 4095 Flauius
849 4044 921 4111 part.
934 4045 957 4094 2.
986 4034 1097 4112 suscipi.
1134 4038 1223 4110 Atqui
1250 4037 1451 4094 haereticorum
1478 4036 1632 4094 interiectio
1656 4053 1720 4091 cum
1742 4050 1822 4107 prae·

126 4125 432 4201 clav.tract.6.desitu
451 4126 729 4197 emancupare.
759 4126 877 4198 Propter
887 4124 960 4180 hanc
986 4126 1142 4183 santissimo
1164 4124 1288 4196 periculo
1314 4122 1410 4178 salutis
1429 4128 1473 4178 est
1486 4124 1643 4195 conjuncta.
1679 4121 1754 4194 Ergo
1765 4137 1821 4176 non

125 4211 346 4269 conformitatem
365 4212 534 4268 rhaniorum
557 4219 586 4268 et
602 4211 759 4267 haeresium
779 4213 808 4265 in
828 4211 962 4283 parabola
987 4211 1071 4268 debet
1097 4210 1133 4266 ab
1157 4209 1267 4266 bomine
1297 4208 1454 4265 Christiano
1484 4209 1597 4280 suscipi.
1638 4210 1820 4277 assumptum

126 4305 222 4354 nostra
247 4300 344 4355 mento
363 4316 414 4371 per
438 4299 547 4355 suanis
570 4298 698 4355 haereses
721 4306 750 4354 et
771 4296 903 4354 haeretici
920 4297 961 4351 in-
986 4303 1096 4353 constat
1127 4312 1160 4352 er
1188 4295 1280 4351 verbis
1306 4293 1526 4366 patrisfamilias,
1558 4293 1605 4364 qui
1624 4289 1821 4364 quaerentibus

125 4385 297 4457 telliguutur,
315 4385 463 4442 facinorosi
481 4391 578 4442 contra
597 4402 631 4440 ac
649 4382 777 4439 scelerati
796 4383 884 4454 paleis
896 4400 960 4438 eon·
987 4384 1086 4453 servis,
1103 4400 1140 4439 an
1159 4382 1268 4437 zizania
1286 4381 1403 4437 evellere
1420 4380 1548 4447 debeant,
1567 4377 1717 4449 respondet
1733 4395 1759 4431 v.
1773 4380 1820 4433 29:

126 4471 191 4527 ferri
210 4472 308 4542 solent,
325 4488 397 4544 quae
414 4471 498 4527 facile
510 4477 699 4544 agnoscuntur
714 4477 742 4526 et
760 4486 778 4525 a
796 4468 889 4525 tritico
901 4469 961 4524 sine
987 4472 1061 4534 Non,
1080 4484 1114 4524 ne
1133 4469 1296 4537 colligentes
1309 4468 1419 4520 nicoma
1432 4464 1584 4519 medianis
1600 4463 1760 4518 sincicum
1778 4462 1821 4517 sis

127 4558 239 4631 negotio
259 4559 381 4630 separari
399 4566 524 4630 possunt
561 4554 961 4626 humanationis,
987 4556 1073 4610 etiam
1109 4554 1240 4611 triticam
1288 4550 1342 4617 Qui
1374 4550 1447 4606 euim
1481 4549 1558 4621 prius
1587 4554 1652 4604 sunt
1676 4546 1826 4619 haeretici,

126 4663 152 4698 v.
179 4652 217 4701 12.
254 4650 279 4701 e.
302 4647 349 4699 Ee
376 4646 503 4714 quadam
530 4648 572 4700 od
602 4645 756 4699 mnndum
783 4643 959 4698 deducimus.
987 4640 1098 4712 saepius
1116 4645 1215 4710 postea
1232 4639 1268 4693 ad
1288 4638 1424 4694 saniorem
1446 4641 1566 4694 mentem
1583 4635 1701 4690 redeunt
1724 4640 1754 4690 et
1769 4634 1820 4690 tri·

126 4730 155 4786 Si
184 4748 235 4800 per
265 4731 373 4786 zizania
406 4732 436 4786 in
461 4731 596 4803 parabola
622 4729 842 4801 intelligerentur
870 4728 962 4800 quivis
986 4727 1035 4782 tici
1057 4731 1184 4782 naturam
1199 4724 1325 4779 induunt.
1361 4722 1547 4793 Hieronymus
1564 4721 1593 4776 in
1611 4737 1635 4777 c.
1651 4726 1690 4777 13.
1709 4720 1821 4776 Mattius

125 4816 274 4873 facinorosi
305 4817 414 4873 delictis
453 4817 573 4873 externis
602 4823 631 4873 et
659 4816 773 4872 notoriis
810 4814 959 4870 humanam
987 4814 1150 4882 Moneruur,
1176 4826 1211 4866 ne
1230 4810 1285 4865 cito
1304 4815 1476 4879 amputemus
1496 4810 1634 4874 fratrem,
1670 4809 1737 4878 quia
1751 4807 1822 4878 fieri

125 4903 286 4959 sacietatem
305 4904 464 4973 turbantes,
490 4903 664 4976 magistratui
685 4921 740 4959 nou
758 4902 854 4958 liceret
871 4917 887 4957 e
905 4918 959 4956 me·
985 4907 1090 4971 potest,
1106 4905 1137 4952 nt
1155 4897 1213 4965 ills,
1232 4896 1283 4966 qui
1299 4895 1382 4949 hodie
1400 4895 1483 4949 nomo
1504 4896 1675 4965 dsprcsanu
1693 4901 1734 4948 ess
1751 4895 1821 4965 dop-

125 4989 171 5044 dio
188 4989 286 5045 tollere
304 4989 483 5046 facinorosos.
521 4990 578 5044 Sed
594 4988 731 5059 posterius
745 4994 788 5044 est
798 4987 959 5057 absurdum,
985 4994 1067 5057 nats,
1085 5002 1151 5040 oras
1162 4985 1311 5053 resipiscat
1327 4989 1352 5036 es
1364 4981 1518 5046 defendere
1530 4981 1651 5052 incipiat
1666 4980 1820 5038 υοιίιαιιιιι.

124 5075 191 5145 quia
214 5076 397 5144 mapistratus
421 5094 478 5130 non
508 5076 580 5144 perit
606 5075 734 5145 gladium
757 5074 883 5143 frustra,
910 5073 959 5129 sed
986 5072 1199 5143 chrysostomus
1217 5067 1310 5125 homll.
1332 5073 1374 5124 47.
1392 5066 1422 5122 in
1441 5082 1464 5124 c.
1485 5070 1525 5123 1³.
1544 5065 1659 5122 Matth:
1678 5066 1821 5121 Dominus

123 5169 166 5218 est
184 5163 310 5217 nuniner
332 5163 392 5216 Dei
409 5163 513 5216 mades
528 5163 559 5215 in
577 5163 652 5216 iram
669 5161 710 5232 ei,
736 5163 786 5231 qni
808 5161 883 5215 male
901 5161 960 5229 apte
981 5159 1114 5229 probibet
1133 5156 1282 5212 eradicare
1305 5154 1427 5224 anania,
1451 5169 1486 5207 ne
1509 5155 1586 5217 forts
1603 5152 1687 5206 simiai
1704 5171 1766 5207 cnm
1782 5150 1820 5208 m‘·

123 5247 202 5306 Rom.
223 5252 262 5318 13,
281 5265 307 5304 v.
329 5255 353 5304 4.
389 5247 465 5319 Ergo
484 5251 514 5301 et
538 5247 623 5317 prius.
659 5245 801 5302 connexio
818 5244 960 5318 probatur,
984 5246 1074 5301 soniis
1091 5245 1205 5299 herbam
1223 5242 1309 5297 etiam
1326 5241 1416 5296 tritici
1440 5241 1573 5306 ccultant,
1600 5243 1677 5311 qrsod
1701 5239 1821 5311 dicebat,

123 5334 190 5405 quia
205 5334 406 5405 paterfamilias
426 5332 558 5404 prohibet
575 5331 692 5388 eredere
708 5332 830 5397 zizania,
855 5337 883 5387 et
900 5331 960 5403 qui·
985 5339 1016 5387 ut
1040 5332 1116 5387 bella
1141 5338 1168 5384 st
1187 5329 1349 5399 effissioncm
1368 5328 1514 5396 sanguinis
1537 5327 1706 5398 prohiberet.
1743 5327 1820 5383 Nam

122 5420 185 5475 dem
212 5420 340 5477 absolute
368 5421 429 5475 siue
460 5419 518 5475 nlla
544 5418 617 5473 inter
643 5417 750 5473 maenia
774 5417 959 5473 distinctione.
985 5418 1014 5474 si
1029 5419 1243 5473 trucidarentur
1260 5415 1408 5483 Ῑιαιιιιίοί,
1423 5422 1515 5468 atros
1538 5421 1566 5468 et
1583 5412 1821 5475 irreconciliabile

122 5511 149 5561 5.
167 5508 213 5562 Ea
231 5509 412 5578 interpretum
436 5506 639 5576 testificatione.
674 5503 823 5564 ansenius
845 5504 874 5559 in
894 5503 957 5560 har·
986 5505 1089 5561 bellum
1115 5502 1178 5558 orbi
1200 5501 1365 5568 inferretur.
1406 5501 1527 5556 Duabus
1554 5499 1641 5571 ipisus
1663 5502 1822 5558 rationibus

174 5603 279 5646 sanun
292 5602 341 5646 loa
366 5603 403 5648 ru
1448 5609 1480 5661 29
