4020 6014
769 325 822 383 na
839 320 1090 385 4444444444
1112 321 1301 381 common
1820 335 1881 397 m

190 478 303 546 34414444
328 478 496 544 humanum,
524 478 604 533 4444144
630 481 747 551 scapeia
780 483 939 553 offltndetrr
967 495 1022 549 par·
1051 487 1156 544 moret,
1173 487 1205 534 441
1217 487 1342 550 percont
1358 479 1532 535 4444444444444
1554 480 1611 534 4454·
1628 498 1740 551 gregem
1756 499 1813 537 44444
1833 484 1882 538 414·

187 564 334 618 hominene
372 563 479 631 Quodsi
496 580 563 637 ergo
586 565 681 638 gladic
706 567 796 637 perire
816 568 919 625 dehent
936 568 1022 625 horni-
1049 565 1193 620 4444444144.
1234 567 1357 636 1143444
1385 566 1555 622 Christianis
1573 568 1728 623 4444ιί44444
1751 569 1881 625 mulera

188 650 283 721 cidae,
306 650 400 721 siper
417 651 555 706 hominem
573 652 658 709 dehet
682 653 789 709 effundi
806 655 920 728 sangnis
938 655 1022 724 illins,
1049 651 1134 719 444541.
1181 651 1405 724 Respondemus:
1437 659 1459 709 1.
1485 652 1515 708 14
1540 654 1631 724 priore
1663 654 1724 711 loco
1750 654 1883 713 1444444541
1908 676 1911 681 ·

189 736 239 808 qni
256 737 420 809 sanguinem
434 737 584 794 humanum
599 740 675 811 prius
695 739 802 809 effudit,
820 741 919 813 utique
936 742 1023 813 magi·
1050 738 1190 808 apostolua
1214 738 1336 797 officium
1358 738 1547 810 subditorum,
1573 757 1607 797 ex
1632 758 1687 813 quo
1710 759 1766 797 non
1790 747 1882 814 potest

190 824 290 878 stratui
307 831 441 896 tanquam
455 823 509 881 Dei
522 826 551 880 in
564 826 646 881 terris
657 826 761 883 sicario
772 826 892 883 14414144
903 825 1024 899 3141444,
1050 822 1157 896 colligi,
1187 825 1263 898 quod
1291 825 1472 898 magistratus
1501 842 1557 881 non
1587 828 1676 898 possit
1706 827 1743 883 ab
1771 827 1882 885 homine

190 915 223 965 nt
240 910 357 981 injustas
375 911 475 968 caedes
492 912 553 983 ejus
571 929 624 967 usu
640 913 776 969 vendicet.
807 913 882 970 Vide
899 913 1022 970 hermon.
1051 909 1209 967 Christiano
1225 911 1420 981 administrari,
1437 911 1487 967 441
1505 913 1672 968 contrarium
1691 914 1832 984 potiusex
1848 931 1882 972 eo

191 996 228 1053 de
243 997 373 1067 passione
389 998 474 1069 capit
493 1005 518 1055 4.
537 1016 564 1070 p.
586 1003 642 1056 153.
1050 995 1192 1094 colligitur
1212 1005 1326 1070 propter
1350 1003 1474 1054 mutuam
1497 998 1647 1054 relatorum
1670 998 1882 1058 4454444451

63 1085 153 1187 pune.
139 1139 202 1184 ω
228 1089 272 1140 13,
307 1083 420 1141 8.an
439 1091 510 1152 3,4
511 1090 584 1142 55.
604 1102 667 1139 cam
685 1086 809 1155 apostoli
827 1086 1023 1141 Samaritanae
1050 1082 1123 1137 enim
1140 1101 1196 1140 non
1212 1090 1341 1157 pugnant
1356 1101 1420 1140 cum
1431 1084 1602 1157 professione
1615 1084 1772 1141 Christiana
1788 1085 1883 1143 415414

60 1168 162 1232 ubam.
188 1169 255 1241 s'pssc
266 1171 384 1226 44444144
395 1172 515 1243 delapso
530 1171 944 1243 imperatoresque
955 1172 1022 1227 44444
1049 1170 1232 1242 subditorum,
1251 1173 1348 1246 utique
1366 1172 1450 1229 etiam
1468 1190 1523 1230 non
1541 1166 1669 1247 pugnant
1685 1190 1749 1229 cum
1769 1190 1804 1230 ea
1819 1172 1883 1230 415·

61 1244 160 1344 ffiw
190 1258 318 1327 increpet
338 1259 451 1312 41444444
476 1259 613 1328 Nescitis,
631 1260 713 1327 caiae
726 1259 851 1330 Spiritu
864 1259 1022 1330 ,11414144,-
1050 1256 1094 1312 414
1110 1259 1334 1331 magistratuum.
1373 1258 1403 1316 si
1421 1259 1482 1316 Deo
1501 1259 1594 1330 placet
1610 1259 1881 1315 454114454444514-

61 1346 216 1399 1111411444,
234 1349 276 1400 56.
294 1344 388 1399 1444444
404 1344 523 1399 hominia
534 1363 591 1399 44444
603 1347 679 1401 444441
696 1347 807 1401 4444144444
819 1348 952 1417 perdere,
972 1348 1025 1400 4444
1049 1348 1148 1413 torum,
1168 1345 1264 1418 utique
1276 1347 1360 1402 etiam
1376 1352 1500 1418 potestas
1514 1344 1694 1417 magistratus
1704 1345 1766 1401 Deo
1779 1346 1880 1417 placet

189 1430 312 1486 ralnors.
359 1432 441 1501 Ergo
465 1431 606 1502 improbat
627 1433 783 1487 vindictas»
804 1442 830 1489 41
849 1450 960 1502 poenas
986 1435 1022 1487 414
1051 1436 1075 1488 1,
1094 1430 1128 1485 14
1148 1433 1299 1503 posteriore
1317 1433 1378 1489 loco
1395 1438 1499 1488 tractat
1515 1430 1657 1503 apostolus
1675 1431 1711 1488 14
1728 1429 1881 1487 officiumi-

182 1517 362 1585 socr'aoross's
388 1525 500 1574 44444144,
546 1517 768 1590 Respondemus:
795 1519 1021 1591 distinguendum
1048 1517 1196 1573 histrorum
1215 1519 1357 1590 ecclesiae,
1375 1536 1445 1593 quoa
1464 1518 1611 1591 imperium
1627 1517 1740 1591 aliquod
1760 1516 1880 1589 despoti·
1916 1513 1921 1521 ’

189 1603 263 1660 inter
288 1603 440 1659 vindictam
470 1603 606 1675 privatam
636 1611 665 1660 41
692 1605 841 1676 publicam.
889 1604 1024 1662 Prohibet
1048 1619 1111 1658 cum
1130 1604 1159 1659 in
1176 1605 1321 1662 ecclesiam
1339 1606 1397 1663 4144
1416 1606 1591 1662 commissum
1608 1605 1661 1661 sihi
1679 1620 1792 1677 gregem
1805 1620 1879 1661 arro·

188 1687 317 1745 Christus
333 1688 459 1761 privatae
477 1689 617 1746 vindictae
635 1690 826 1761 cupiditatem,
843 1707 1020 1764 nequaquam
1048 1707 1115 1764 gare
1150 1691 1292 1763 prohibet,
1330 1691 1398 1764 quid
1428 1709 1494 1748 sero
1528 1690 1581 1747 hcc
1614 1692 1651 1747 ad
1688 1691 1880 1763 magistratum

188 1792 256 1833 sero
268 1776 416 1876 publicam
438 1779 590 1846 14314444,
609 1795 693 1851 quam
711 1778 891 1851 magistratus
909 1778 1022 1852 irrogat,
1048 1777 1202 1849 politicum,
1221 1778 1266 1835 cni
1285 1784 1410 1851 potestas
1428 1779 1589 1837 dominandi
1603 1778 1735 1835 divinitus
1754 1783 1798 1834 441
1814 1794 1879 1835 oon·

189 1862 214 1917 is
231 1863 304 1920 enim
324 1869 367 1919 441
380 1863 914 1936 444444544444441414441444
932 1863 1021 1940 443414·
1048 1865 1148 1921 oeus?

189 1965 266 2007 coru
257 1949 368 2006 4444454
384 1950 501 2008 Roman.
521 1956 563 2022 13,Ι
581 1968 606 2008 4.
626 1958 651 2007 4.
688 1951 850 2022 Reprimit
841 1969 871 2007 44
888 1952 1022 2024 apostolis
1083 1956 1125 2008 13,
1164 1955 1203 2007 ll.
1222 1949 1311 2021 Apoc.
1330 1957 1368 2022 4,
1386 1970 1411 2007 v.
1440 1957 1480 2010 13.
1499 1952 1738 2022 vigintiquatuor
1757 1950 1926 2007 aeswrssss
1996 1977 1999 1985 ·

190 2035 330 2092 carnalem
347 2036 491 2106 affectum,
517 2053 572 2092 non
597 2034 680 2109 eripit
696 2038 871 2109 magistratui
889 2038 1022 2111 gladium.
1048 2035 1161 2090 4415144441
1183 2053 1303 2093 coronas
1324 2055 1392 2092 444444
1408 2045 1474 2092 aste
1491 2039 1622 2093 thr-orsam
1641 2037 1764 2091 4414444144
1782 2054 1809 2094 4.
1830 2007 1922 2099 1141
1923 1977 2001 2100 ,104411

190 2120 271 2178 idem
289 2121 511 2193 respondendnm
524 2122 562 2178 ad
580 2122 656 2178 dicta
674 2123 774 2194 omnis,
794 2123 824 2179 in
844 2123 944 2195 quihus
962 2125 1021 2180 444-
1049 2123 1165 2194 Digesto
1179 2124 1361 2191 4411444444
1375 2126 1457 2179 114444
1474 2110 1993 2203 444144,4444344444444444ξ1,1ξ“,1,

192 2208 269 2264 114414
281 2207 452 2281 prohibetur.
1049 2215 1100 2264 etc.
1139 2211 1220 2281 Ergo
1238 2210 1422 2281 maqiatrotua
1441 2212 1483 2265 4444
1501 2211 1643 2267 Christum
1660 2209 1788 2265 ooaoms‘
1802 2226 1882 2265 coro
1894 2213 2008 2255 *11111111

60 2299 164 2453 ἔξω
139 2351 176 2394 ¹
225 2300 267 2351 11
303 2294 753 2365 3.1,44,11,4.14.ν44444441
781 2297 1023 2368 Chrshuupoeter
1049 2296 1094 2349 4414
1116 2296 1332 2351 444445144444
1356 2296 1464 2352 41454441,
1501 2296 1725 2367 Respondemus:
1750 2301 1772 2352 1.
1790 2294 1883 2351 cxvi·
1894 2274 1956 2307 '¹¹⁰'

138 2382 325 2451 ,,’144414445
312 2401 343 2437 444
362 2382 553 2437 controversia
564 2384 600 2437 414
618 2383 782 2438 hereditatis
801 2384 1023 2440 14414144414144
1048 2381 1189 2452 41441544,
1212 2382 1330 2453 perinde
1346 2387 1382 2437 nt
1398 2398 1431 2439 ex
1451 2382 1591 2454 parabolis
1609 2399 1665 2438 non
1683 2386 1801 2454 possunt
1817 2379 1882 2437 duci

59 2510 102 2598 w„
60 2403 175 2601 33⁸¹„
187 2469 299 2532 fratrer
317 2477 397 2538 orto,·
423 2468 488 2526 doh.
507 2473 538 2539 3,
561 2487 588 2525 4,
613 2475 654 2526 15.
682 2471 825 2540 3444441144
847 2473 1023 2540 adreptum
1049 2472 1213 2541 argumenta
1232 2467 1399 2541 apodictica,
1415 2469 1469 2525 nisi
1489 2468 1656 2541 Scriptura
1649 2485 1710 2539 ipsa
1726 2468 1882 2525 14414144-

188 2556 304 2624 sapit·
290 2573 321 2609 444
346 2563 482 2626 montom
506 2555 571 2612 doh.
604 2562 650 2626 13,
677 2574 702 2611 4.
728 2562 879 2627 33444341,
906 2574 1023 2628 requam
1048 2555 1234 2626 plicationem.
1279 2559 1305 2612 1,
1331 2555 1397 2613 Era.
1421 2562 1470 2626 43,
1496 2573 1523 2610 4.
1548 2563 1571 2612 1.
1598 2554 1782 2627 praedicitur,
1806 2552 1882 2626 quod

189 2660 269 2697 4444444
287 2642 468 2697 4444414544
484 2644 780 2712 444444444114344444
797 2644 865 2710 44441,
883 2644 1020 2698 homiaem
1047 2657 1129 2714 reges
1155 2645 1184 2697 45
1212 2639 1352 2713 principes
1385 2641 1422 2697 41
1448 2642 1593 2698 ecclesiam
1619 2641 1675 2696 sint
1700 2638 1882 2714 aggregandi,

191 2729 383 2785 Christianum
392 2729 605 2783 domiactmnet
621 2731 722 2799 officio
730 2730 854 2799 politica
871 2733 1021 2802 meipere.
1047 2744 1224 2827 nequaquam
1243 2743 1309 2784 vero
1327 2727 1453 2796 additur,
1476 2728 1551 2800 qnod
1569 2743 1699 2795 coronas,
1725 2732 1834 2799 sceptra
1851 2730 1882 2782 st

189 2814 412 2886 Respondemus:
433 2821 455 2870 1.
472 2813 599 2870 Christus
619 2832 796 2888 nequaqnam
815 2815 976 2888 simpliciter
994 2821 1023 2871 et
1047 2813 1166 2885 imperia
1184 2813 1240 2869 sint
1259 2813 1405 2885 abjecturi,
1424 2813 1475 2869 sed
1486 2813 1562 2899 qnod
1576 2813 1690 2868 4444141144·
1700 2811 1881 2868 444444444414

188 2901 316 2956 absolute
332 2900 448 2955 damnat
466 2899 571 2970 judicis
587 2916 620 2955 ac
637 2900 712 2973 regis
731 2900 868 2972 officinm,
887 2902 936 2959 sed
956 2901 1022 2974 qnia
1048 2898 1141 2955 officio
1165 2916 1217 2955 suo
1238 2900 1318 2972 regio
1341 2899 1399 2956 sint
1421 2897 1508 2954 futuri
1530 2904 1618 2957 413.
1660 2899 1758 2957 3,Ρ44
1780 2896 1881 2971 viginti

187 3004 244 3044 non
264 2986 397 3042 44411444
414 2985 494 3041 544·
487 3003 515 3040 44
535 2986 668 3043 mundum
686 2987 800 3057 missus,
817 2992 850 3042 ut
866 2989 988 3059 partes
975 3006 1021 3059 Ju-
1048 2991 1167 3084 quatuor
1178 2985 1298 3042 seniores
1311 2985 1478 3059 intelligitur
1498 2992 1557 3043 teta
1568 2984 1742 3056 triumphans
1754 2984 1880 3054 ocolssla,

187 3072 258 3129 dicis
287 3090 321 3128 44
346 3073 421 3146 regis
438 3072 540 3128 terreni
570 3072 729 3144 susciperet,
760 3028 810 3130 sed
843 3081 875 3129 ut
903 3073 1020 3130 docendi
1046 3071 1113 3143 quia
1130 3064 1206 3129 inv.
1220 3071 1254 3128 T.
1275 3071 1422 3128 duodecim
1439 3070 1609 3129 5111444451
1628 3070 1803 3145 patriarchae
1819 3068 1906 3141 1144·ι

185 3176 300 3216 munere
310 3159 474 3230 iungeretur
491 3163 520 3213 et
537 3159 697 3230 cumprimis
715 3165 748 3215 45
758 3160 936 3216 redemtionis
948 3177 1018 3232 opus
1046 3163 1113 3213 runt
1130 3159 1209 3231 quasi
1227 3159 1312 3230 stirps
1336 3165 1365 3215 et
1387 3158 1466 3215 radix
1493 3160 1578 3216 totius
1597 3156 1880 3216 444144444144451111-

187 3245 340 3319 perficeret,
357 3246 422 3302 ideo
442 3245 532 3301 noluit
554 3245 706 3318 quidquam
724 3251 822 3302 contra
841 3245 914 3302 hanc
940 3264 1019 3302 suam
1046 3261 1110 3313 cae3
1128 3244 1260 3304 1411111.
1285 3246 1430 3303 duodecim
1449 3246 1568 3319 apostoli
1585 3263 1636 3318 per
1652 3244 1790 3317 4444434111
1800 3260 1881 3319 praa·

187 3333 358 3388 vocationem
385 3330 530 3403 suscipere.
573 3337 597 3389 1.
616 3331 744 3405 Regnum
770 3331 873 3388 Christi
895 3350 951 3389 non
977 3340 1020 3389 441
1047 3330 1214 3389 dicationem
1233 3333 1368 3389 ecclesiae
1387 3332 1559 3390 Christianae
1576 3332 1711 3405 primitias
1729 3346 1880 3405 congrega

186 3421 224 3474 414
243 3418 296 3473 hoc
311 3419 423 3484 44444414,
440 3416 550 3472 interim
562 3423 657 3473 tamen
670 3419 701 3472 444
714 3421 820 3474 amado
837 3425 886 3484 441,
905 3418 1019 3490 perinde
1045 3424 1118 3476 runt.
1153 3419 1272 3484 Quando
1289 3419 1376 3493 igitur
1394 3420 1513 3477 seniores
1527 3420 1577 3489 illi,
1596 3417 1648 3477 hoo
1659 3423 1703 3474 est
1713 3416 1879 3473 5454141444-

185 3508 219 3560 45
236 3520 301 3560 vere
317 3503 357 3574 pii
374 3520 430 3559 non
448 3509 514 3558 sunt
529 3503 565 3558 de
585 3504 697 3575 mundo,
716 3505 765 3561 sed
783 3505 923 3562 tamenin
940 3524 1020 3562 mnn-
1045 3505 1136 3578 phans
1153 3506 1285 3574 ecclesia,
1310 3522 1425 3562 coronas
1449 3522 1513 3562 suas
1536 3512 1601 3562 4414
1623 3505 1752 3561 15444444
1772 3502 1879 3576 abjicit,

185 3592 222 3647 dc
241 3590 304 3648 doh.
327 3598 366 3655 15,
384 3608 411 3644 4.
433 3595 472 3647 13.
511 3590 629 3655 Quare
620 3591 766 3663 imperium
785 3592 956 3648 mundanum
975 3600 1019 3651 est
1045 3591 1226 3666 significatur,
1243 3592 1346 3649 electos
1366 3609 1400 3648 ex
1416 3608 1486 3648 4444
1501 3591 1657 3648 hnmilitate
1670 3607 1831 3664 agnoscere,
1848 3606 1880 3647 se

185 3677 298 3752 quidem
314 3694 333 3733 a
351 3677 487 3748 spirituali
498 3677 601 3732 Christi
618 3694 707 3749 regno
720 3679 891 3750 1145445444,
907 3681 1018 3737 interim
1046 3696 1176 3737 coronam
1201 3679 1307 3752 gloriae
1330 3685 1461 3736 aeternae
1486 3696 1541 3735 non
1565 3694 1599 3734 ex
1624 3693 1738 3748 operum
1763 3674 1878 3743 meritis,

183 3771 278 3820 tamen
296 3780 357 3819 sese
374 3768 471 3819 mutuo
489 3763 705 3865 haudquaquem
725 3772 861 3821 44441445
892 3766 1095 3833 33444441
1114 3783 1148 3822 ex
1165 3766 1260 3822 divina
1278 3767 1371 3839 gratia
1387 3765 1521 3823 obtinere.
1556 3772 1580 3821 4.
1599 3763 1773 3821 Christianus
1789 3764 1878 3838 magi·

184 3851 250 3906 dam
278 3850 380 3906 Christi
405 3850 482 3906 facta
510 3850 673 3906 omnihus'
665 3869 694 3907 1n
720 3868 825 3923 genere
853 3851 1018 3909 Christianis
1045 3857 1148 3907 strstus
1171 3867 1287 3909 coronas
1315 3867 1380 3906 suas
1398 3855 1463 3906 ante
1482 3849 1612 3906 55444444
1629 3849 1741 3920 abjicit,
1765 3847 1877 3921 quando

183 3936 321 3992 imitanda
353 3943 560 4009 proponuntur,
590 3941 688 4008 utpote
714 3937 802 4009 ipsius
827 3940 1019 4004 mansuetudo,
1044 3936 1180 4008 agnoscit,
1198 3935 1292 3993 seDei
1311 3952 1424 3993 munere
1442 3935 1608 4009 dignitatem
1627 3935 1760 4004 obtinere,
1780 3933 1877 4007 illique

182 4022 333 4088 humilius,
351 4023 486 4094 patientia
503 4030 556 4078 414,
591 4021 691 4081 514115.
713 4029 759 4094 11,
785 4030 874 4082 413.
900 4032 922 4082 1,
942 4025 1017 4082 Ρ414.
1044 4028 1177 4094 tanquam
1200 4023 1323 4080 omnium
1347 4022 1482 4079 honorum
1505 4022 1614 4079 auctori
1631 4022 1713 4077 unice
1731 4024 1876 4093 acceptam

183 4116 215 4172 1,
232 4127 260 4168 4.
279 4114 320 4166 11.
338 4109 474 4182 quaedam
491 4126 557 4165 vero
575 4108 612 4164 41
629 4109 762 4166 ecclesiae
779 4109 918 4168 ministros
935 4128 1018 4184 pecn-
1044 4125 1107 4166 sam
1122 4125 1185 4166 esse
1202 4108 1386 4178 referendam,
1403 4114 1433 4166 45
1449 4109 1561 4183 quando
1578 4108 1615 4165 ad
1631 4107 1766 4165 acclesiae
1782 4104 1876 4163 deien-

181 4196 288 4254 liariter
299 4196 447 4268 pertinent,
464 4200 563 4267 utpote
574 4212 616 4266 ea,
634 4212 706 4267 qnae
717 4195 885 4252 adoiiicium
900 4197 1018 4254 docendi
1043 4195 1149 4253 sionem
1165 4204 1195 4254 et
1219 4196 1310 4252 cultus
1326 4194 1413 4252 divini
1432 4196 1634 4268 promotionem
1650 4193 1743 4251 omnia
1760 4194 1876 4264 conlert,

181 4288 319 4355 spectant.
362 4281 503 4339 Reeusare
528 4282 672 4353 politicum
698 4281 868 4337 dominatum
897 4300 953 4338 non
980 4283 1017 4339 ad
1043 4281 1169 4354 adeoque
1195 4301 1246 4355 prc
1271 4283 1373 4340 Christi
1397 4282 1488 4356 gloria
1510 4289 1625 4355 paratus
1650 4287 1693 4338 est
1720 4280 1812 4336 omnia
1828 4279 1875 4335 ds·

181 4369 358 4441 prienaee
375 4368 533 4440 posterioris
550 4369 660 4441 generis
670 4369 748 4425 facta
758 4369 889 4441 pertinet.
919 4376 945 4428 4,
965 4370 1015 4426 Di·
1043 4385 1141 4427 serere.
1177 4369 1279 4427 Confer
1297 4369 1423 4425 Blasium
1440 4370 1476 4425 de
1493 4368 1598 4443 Viegas
1624 4369 1653 4423 iu
1672 4366 1830 4438 Apocalc.
1850 4369 1875 4421 4.

181 4455 378 4527 stinguendum
402 4456 490 4510 14144
496 4471 613 4523 requam
636 4457 749 4525 34441144
773 4463 799 4511 st
821 4473 937 4527 44344444
960 4474 1013 4527 po·
1041 4473 1071 4528 p.
1091 4461 1149 4512 111.

180 4542 293 4597 54414144.
323 4540 442 4607 Quando
456 4538 583 4596 Christus
603 4547 698 4614 negat,
716 4558 833 4614 regnum
851 4559 934 4598 suum
953 4559 1014 4600 esse
1078 4548 1119 4598 14.
1147 4540 1280 4597 Rationes
1288 4540 1540 4613 Anabaptrstarnm
1552 4541 1605 4597 hae
1616 4545 1681 4595 sunt
1693 4552 1874 4611 praecipuae
1887 4544 1905 4587 1
1912 4545 1982 4636 fax„

181 4634 217 4684 de
232 4627 285 4684 hoo
299 4627 410 4695 mundo,
429 4626 552 4699 loquitur
567 4626 603 4682 de
620 4644 706 4700 regno
722 4628 838 4700 gratiae,
856 4629 931 4700 quod
949 4646 1015 4701 quo-
1042 4627 1122 4683 414
1140 4627 1329 4685 1411444444
1353 4629 1482 4684 Christus
1505 4636 1546 4682 441
1570 4643 1620 4681 rea
1646 4625 1780 4680 ecelers'oe
1797 4597 1944 4690 444444ζο100

182 4714 266 4770 modo
293 4731 312 4769 a
336 4713 429 4785 regnis
453 4713 568 4771 tarenis
587 4714 714 4784 differat,
736 4715 893 4787 expositum
915 4715 994 4771 fuit·
986 4735 1015 4772 nn
1041 4716 1122 4783 Erqo
1144 4731 1202 4768 44444
1219 4713 1343 4784 amplias
1366 4721 1397 4768 rt
1416 4715 1447 4769 444
1477 4713 1506 4771 V.
1527 4714 1558 4767 Y.
1575 4711 1688 4781 roqthas
1705 4711 1825 4766 14444444
1842 4710 1874 4765 414

183 4801 271 4857 54444,
289 4801 325 4856 14
344 4816 417 4872 pass.
435 4816 458 4854 c.
485 4806 510 4856 3.
533 4817 561 4871 p.
590 4807 650 4858 435,
672 4802 784 4858 interim
806 4803 880 4874 qaod
899 4819 1014 4874 regnum
1043 4817 1077 4855 444
1095 4801 1174 4855 loeus
1191 4802 1287 4856 datar.
1316 4800 1541 4872 Respondemus.
1565 4796 1724 4854 t.Christns
1743 4796 1852 4853 etiam'
1844 4814 1874 4853 sn

53 4900 168 4943 444414.
183 4886 325 4959 potentiae
342 4887 454 4956 attinet,
476 4886 514 4943 ad
540 4886 633 4957 ipsum
655 4904 766 4961 qnoque
783 4889 917 4960 pertinet,
941 4890 1014 4961 quod
1044 4886 1079 4943 V.
1097 4886 1131 4941 ’1.
1149 4886 1204 4942 init
1220 4904 1269 4943 rex
1287 4887 1431 4956 ecclesiae,
1447 4891 1479 4941 ut
1496 4901 1563 4956 ergo
1580 4888 1727 4955 propterea
1743 4883 1773 4939 in
1790 4880 1872 4942 Vsu.

183 4975 309 5031 stabiliat
332 4980 361 5030 et
385 4973 535 5029 transierat
555 4989 644 5045 regna
667 4974 751 5045 hujus
775 4976 872 5031 mnndi
894 4976 968 5031 Dan.
991 4981 1015 5044 1,
1043 4978 1167 5045 potestas
1184 4973 1275 5028 4144114
1291 4973 1471 5046 magistratus
1487 4987 1543 5026 non
1560 4969 1615 5025 init
1628 4968 1747 5040 sublata,
1765 4970 1806 5026 ita
1823 4984 1875 5026 nec

182 5066 268 5120 411.
307 5067 330 5117 5.
359 5061 485 5134 Denique
510 5058 714 5131 Anahaptistac
737 5060 842 5117 frustra
865 5069 1017 5132 provocant
1042 5058 1126 5116 1414.
1176 5064 1202 5116 1.
1230 5057 1357 5115 Christus
1382 5056 1528 5114 sedeciam
1554 5072 1633 5111 snam
1662 5055 1811 5129 44444315
1825 5054 1875 5111 im·

183 5148 222 5205 41
238 5146 340 5205 Chrioti
358 5148 528 5218 exemplum,
553 5160 617 5202 cum
641 5144 695 5216 ipsi
721 5162 777 5201 non
802 5147 1017 5205 denectsrerint
1043 5144 1171 5213 mediate,
1190 5144 1241 5200 441
1260 5144 1400 5200 mediante
1417 5140 1495 5198 44454
1514 5141 1667 5198 ministerio
1683 5147 1713 5198 et
1729 5141 1876 5214 magistra·

183 5251 300 5306 regnum
317 5235 346 5289 in
362 5235 432 5291 urbe
448 5232 658 5291 Monasterieusi
676 5248 749 5288 anno
768 5238 842 5290 1515.
860 5250 944 5305 quam
961 5240 1015 5292 tra·
1043 5224 1206 5301 1444154144,
1225 5231 1329 5331 quippe
1347 5230 1396 5302 qui
1414 5228 1581 5285 constitutus
1598 5234 1648 5303 est,
1666 5234 1699 5284 nt
1716 5227 1746 5283 in
1762 5232 1875 5284 externo

147 5316 311 5392 34414444
329 5320 394 5376 4114
411 5320 488 5393 apud
507 5320 669 5377 Sleidauum
688 5317 736 5375 lih.
760 5324 799 5376 13,
998 5336 1001 5341 ·
1043 5317 1179 5376 ecclesiae
1208 5316 1341 5389 regimine
1370 5320 1481 5372 mutuas
1506 5314 1657 5371 ministerio
1688 5313 1875 5371 ecclesiastico

53 5408 168 5453 torret.
218 5412 259 5464 11.
295 5411 334 5463 13.
352 5405 453 5462 Petrus
474 5411 494 5462 1
511 5406 592 5477 epist
610 5409 641 5476 1,
664 5422 690 5462 v.
715 5409 755 5461 13.
774 5403 879 5476 inquit:
904 5405 1019 5463 4544544414·
1044 5407 1139 5463 144141
1155 5421 1262 5476 operas.
1293 5408 1317 5459 3.
1335 5402 1573 5503 11435144544441
1590 5401 1743 5457 membrum
1760 5399 1878 5500 aliquod

52 5461 168 5555 4144144040
183 5500 267 5551 estote
277 5492 663 5549 omrihamasoecrsotarce.
680 5489 1019 5562 Erquhrists'anoscult
1045 5491 1220 5551 ecclesiae
1198 5509 1256 5548 4444
1274 5489 1354 5563 regni
1372 5488 1489 5561 Christi,
1506 5488 1633 5545 Christus
1652 5488 1725 5543 enim
1741 5487 1802 5559 pios
1818 5503 1876 5542 rna

50 5571 126 5607 11111·
178 5580 601 5649 mmeramme
623 5577 705 5652 434145
732 5584 820 5648 ,5,4,
842 5583 873 5639 3.
895 5579 1020 5640 44444444
1040 5570 1876 5654 3144454445441831415444444315,141141414414414
