4020 6014
677 327 729 383 DE
746 326 969 385 MINISTERIO
989 323 1290 383 ECCLESIASTICO.
1784 333 1824 389 65

128 486 228 548 moneto
247 484 382 539 ecclesiae
399 484 536 538 Reatinae
554 484 678 538 aestutite
698 484 800 538 clerum
820 493 845 537 et
857 485 965 554 plebem
997 483 1213 551 imperatoribus
1236 485 1313 537 eirca
1329 485 1486 537 electionem
1504 481 1645 553 pontificis
1658 484 1754 534 datam
1764 482 1827 550 pri·

12 581 29 620 1.
44 580 64 622 2
79 579 114 621 tt
129 574 257 641 ejusdem
276 571 390 640 eleqieee
411 572 467 624 eibi
483 573 610 635 Murum
634 572 783 626 antistitem
807 580 832 625 et
850 591 869 624 a
887 573 966 625 nobie
979 570 1090 649 jurlepii
1107 571 1216 623 nomine
1232 588 1383 640 perperam
1406 571 1563 639 indiqitari,
1587 587 1647 621 eum
1667 569 1825 622 declaratio

128 659 352 713 conterraneum
369 666 459 712 ecetro
477 660 571 712 auctio
590 659 726 711 directum
744 675 816 726 eeee,
843 676 876 711 ne
901 661 966 730 ipen
979 652 1098 708 *tautum
1117 658 1209 720 snserit
1228 665 1254 711 et
1271 658 1425 724 recoquitio
1442 658 1522 726 juris
1540 657 1654 724 eeterie,
1683 674 1738 709 non
1761 656 1828 710 nori

127 745 246 798 ecclesia
265 745 317 797 diu
335 745 395 798 eine
408 751 527 816 pastore
547 745 668 815 proprio
687 745 862 811 consisteret,
884 748 963 814 sate·
979 749 980 767 ¹
985 744 1064 811 juris
1082 745 1230 798 conceeeio.
1234 745 1251 811 )
1278 742 1449 799 Caelestinus
1468 743 1592 814 pontifex
1612 761 1639 813 p.
1662 750 1683 798 1.
1699 744 1779 814 epist.
1798 748 1823 798 2.

127 832 248 900 bantar,·
276 848 328 884 noe
348 833 383 883 de
403 830 479 884 obitu
491 830 602 899 priorie
621 832 762 897 dolen-tce,
782 849 855 884 neme
872 832 964 901 ipsum
978 845 1012 883 e
1034 836 1057 884 5,
1079 835 1107 882 et
1124 830 1225 883 citetur
1242 848 1263 883 c.
1278 829 1350 884 Cleri
1376 829 1438 885 dist.
1467 829 1543 885 esd:
1574 829 1653 883 Cleri
1682 829 1825 898 plebeique

126 919 242 971 electum
275 917 458 970 unanimitate
488 925 513 971 et
543 916 679 970 canonica
709 917 799 986 ipsine
830 903 1139 972 eectnioe'comenem
1173 924 1198 969 et
1234 918 1408 970 elucidarium
1437 917 1606 985 requiratur.
1652 916 1709 970 Leo
1741 932 1767 985 p.
1799 920 1824 970 1.

97 1016 108 1038 ⁰
125 1005 268 1073 electione,
285 1012 315 1057 ut
332 1004 497 1069 niaridaetie,
515 1011 570 1057 tam
588 1004 718 1057 citissime
740 1005 876 1057 ordinare
895 1006 962 1058 omi·
990 1001 1070 1071 epist.
1100 1007 1141 1057 87.
1169 1007 1197 1056 et
1220 1002 1322 1056 citetur
1348 1019 1370 1056 c.
1391 1007 1471 1057 Vota.
1498 1003 1562 1057 dist.
1582 1002 1656 1057 ead:
1687 1001 1763 1057 Vota
1786 1002 1824 1054 ci·

124 1092 220 1154 eiusne,
241 1108 273 1144 eo
293 1092 370 1160 quod
387 1089 564 1159 imperialem
577 1089 656 1143 nobie
675 1090 723 1159 (ut
736 1107 794 1144 moe
812 1091 870 1159 cet)
883 1092 961 1144 abeo·
990 1089 1077 1156 mum,
1102 1089 1262 1142 testimonio
1281 1090 1467 1161 populorum,
1492 1090 1693 1141 bonoratorum
1719 1092 1824 1151 (eorum

126 1174 242 1230 lotionis
261 1177 372 1231 minime
393 1176 526 1229 detulerit
544 1175 708 1247 epistolam,
730 1195 786 1246 pro
812 1195 868 1246 qua
886 1178 961 1232 ecili-
990 1175 1083 1245 quiin
1100 1175 1265 1247 magistratu
1284 1179 1357 1243 sunt)
1371 1177 1526 1241 arbitrium,
1548 1177 1645 1229 electio
1657 1177 1824 1230 clericorum

125 1272 168 1317 cet
182 1281 213 1316 re
226 1264 385 1332 ambiquum
399 1270 438 1315 eet
456 1264 548 1327 nobie,
569 1265 633 1316 ideo
650 1264 788 1317 voluntati
806 1271 912 1316 vestrae
932 1264 962 1317 in
990 1262 1019 1313 in
1057 1263 1281 1314 ordinationibue
1315 1265 1490 1316 sacerdotum.
1523 1265 1734 1318 constituantur.
1787 1263 1824 1317 Et

125 1352 177 1404 boc
192 1368 299 1421 parere
317 1351 491 1419 distulimus,
510 1367 544 1403 ne
562 1351 720 1420 aupuetalie
738 1351 848 1403 animus
868 1352 961 1403 durie-
990 1348 1075 1402 infru:
1103 1350 1159 1401 Por
1182 1367 1282 1420 pacem
1305 1358 1330 1402 et
1353 1351 1468 1419 quietem
1487 1353 1648 1404 sacerdotes
1666 1352 1715 1419 qni
1731 1352 1824 1413 futuri

125 1438 194 1490 sime
213 1438 266 1490 boc
284 1454 447 1506 quoeunque
466 1439 550 1490 modo
565 1438 733 1507 perciperet.
760 1436 820 1491 Sed
835 1439 961 1505 scientes,
989 1444 1067 1503 mont,
1092 1437 1284 1506 prestolentur,
1308 1445 1436 1489 terreatur
1454 1438 1618 1506 subscriptio
1644 1437 1821 1503 clericerum,

124 1523 270 1577 eccleciam
291 1523 350 1575 Dei
366 1524 424 1575 eine
442 1524 565 1593 proprio
585 1525 635 1576 diu
652 1531 769 1593 paetore
787 1542 842 1576 non
863 1526 961 1576 debere
990 1522 1188 1574 bonoratorum
1207 1524 1403 1586 testimonium,
1429 1508 1538 1575 orclinie
1556 1539 1704 1575 conseneue
1723 1531 1747 1575 et
1761 1524 1822 1593 ple·

123 1609 291 1675 consistere,
319 1608 429 1677 pieriae
446 1616 554 1662 vestrae
571 1611 752 1673 mandamine,
777 1618 807 1662 ut
833 1629 851 1662 a
867 1618 960 1663 oeetra
989 1608 1038 1661 bie.
1070 1606 1158 1660 Addit
1176 1606 1339 1662 (iratianum
1361 1609 1542 1677 Principibue
1559 1625 1624 1660 vero
1643 1610 1822 1678 atqueimpe·

123 1696 244 1749 solertia
257 1696 403 1766 imperiali
414 1697 462 1764 (ut
475 1697 576 1764 prisca
589 1697 760 1748 consuetudo
773 1694 880 1762 dictat)
894 1712 959 1764 per·
988 1695 1130 1747 ratoribue
1159 1695 1303 1748 electionee
1331 1697 1523 1748 Romanorum
1548 1696 1711 1763 pontificum
1741 1703 1823 1762 atqrte

122 1791 207 1851 cepta
229 1782 343 1834 licentia
357 1790 382 1834 et
397 1782 483 1849 nobie,
500 1784 735 1850 quemadmodum
746 1799 794 1835 ooe
808 1781 881 1834 ecire
903 1798 959 1833 cre·
988 1781 1111 1834 aliorum
1130 1783 1324 1851 episcoporum
1339 1784 1509 1844 referendae
1533 1799 1600 1834 ueue
1621 1790 1646 1835 et
1666 1783 1822 1837 constitutio

123 1870 230 1934 olimae,
257 1868 444 1936 imperatoria
464 1867 573 1920 directa
592 1868 724 1936 epistola,
742 1876 805 1920 tunc
823 1868 962 1920 uoluntati
987 1869 1111 1920 tradidit
1141 1885 1198 1936 pro
1237 1869 1475 1922 ecbiemeticorum
1505 1876 1588 1937 atque
1619 1871 1823 1924 baereticorum

122 1965 231 2009 oestrcee
256 1957 292 2007 de
315 1954 366 2007 boc
387 1954 550 2026 parebimus
575 1956 743 2022 eundemque
766 1957 882 2009 electum
899 1955 959 2005 Ito·
989 1954 1220 2020 de'eeeneioaibue,
1254 1955 1353 2023 quilnte
1387 1973 1586 2023 nonnunquam
1619 1957 1737 2009 ecclesia
1766 1959 1824 2012 Dei

122 2044 197 2095 mino
223 2042 377 2109 adjurante
406 2041 636 2096 consecrabimus.
678 2040 737 2094 Leo
764 2057 837 2111 papa
860 2040 908 2096 lib.
938 2047 958 2096 1.
988 2058 1122 2094 conctusa·
1130 2041 1349 2111 periclitabatur
1364 2046 1415 2097 ete.
1440 2044 1716 2111 Repraceentabatur
1735 2045 1822 2114 iqitur

122 2128 202 2198 epist.
234 2133 275 2182 82.
303 2127 339 2180 nd
366 2126 545 2181 Anemurium
573 2129 732 2198 episcopum
757 2133 785 2181 et
808 2128 910 2180 citatur
934 2143 958 2180 c.
989 2127 1084 2180 electio
1106 2128 1474 2197 elericomtmprincepilnce,
1495 2136 1635 2181 uteorum
1655 2132 1822 2184 erectoritate

123 2213 338 2285 Metropoliteno
374 2213 436 2268 dist
465 2214 540 2269 eada
572 2214 794 2281 Metropolitano
828 2213 959 2275 clefuncto
988 2215 1122 2267 roborata
1150 2214 1246 2267 niellus
1274 2214 1478 2267 baereticorum
1508 2215 1552 2267 ecl
1582 2216 1822 2270 ecbiematicorum

124 2319 188 2354 cum
209 2301 239 2352 in
257 2300 319 2353 loco
339 2301 400 2368 epu
420 2300 495 2353 alius
512 2300 601 2365 fuerit
619 2300 830 2367 erebropoudue,
845 2298 958 2370 procia·
987 2303 1104 2354 auderet
1117 2289 1272 2364 cointraire,
1292 2309 1317 2353 et
1337 2308 1367 2352 nt
1384 2301 1441 2371 ipei
1457 2300 1603 2369 principes
1620 2307 1754 2368 tanquam
1774 2304 1821 2355 cle-

124 2388 215 2441 cialee
238 2387 363 2458 episcopi
385 2389 427 2439 od
449 2387 588 2440 ciuitatem
612 2388 787 2460 metropolim
815 2386 959 2439 conuenire
987 2388 1124 2441 notissimi
1140 2389 1196 2450 otte·
1214 2388 1401 2440 consentirent
1418 2387 1448 2438 in
1468 2403 1537 2452 encra,
1558 2404 1635 2456 puin
1648 2388 1704 2438 eibi
1722 2390 1752 2440 in
1765 2406 1820 2458 pa·

124 2475 239 2542 debent,
263 2481 292 2526 ut
312 2473 433 2525 omnium
451 2473 616 2527 clericorum
640 2483 722 2543 atque
747 2474 846 2526 oinium
864 2474 959 2526 eolun·
986 2482 1056 2527 trem
1075 2475 1145 2543 eliqi
1160 2475 1300 2539 uiderent,
1326 2481 1356 2526 ut
1375 2475 1402 2525 ri
1421 2475 1451 2525 in
1476 2474 1600 2526 omnibue
1619 2476 1820 2544 euffrapatoree

123 2569 182 2614 tate
210 2561 338 2613 diecueea
364 2577 396 2613 eu
413 2561 587 2629 presbyteris
612 2561 740 2629 ejueclem
765 2561 898 2613 ecclesiae
916 2560 959 2612 uel
986 2562 1153 2616 caeteterent.
1183 2560 1338 2630 Stephanus
1350 2565 1382 2612 ut
1394 2560 1496 2613 citetur
1508 2577 1531 2613 c.
1545 2559 1616 2623 Quin
1633 2567 1738 2626 saneta.
1756 2562 1818 2616 diu

122 2647 254 2700 diaconis
285 2647 406 2715 optimae
436 2648 590 2701 ordinetur.
634 2646 683 2700 Ivo
713 2645 824 2700 Carnut.
854 2645 902 2698 lib.
934 2651 957 2701 8.
984 2646 1044 2703 eud.
1062 2647 1172 2711 statuit,
1199 2655 1227 2698 ut
1248 2665 1309 2699 cum
1325 2647 1511 2698 inetituenclue
1531 2655 1569 2697 est
1586 2649 1730 2714 pontisne,
1755 2666 1818 2703 con-
1832 2662 1880 2703 x11.
1893 2662 1914 2703 t.
1927 2660 1958 2703 tu.

123 2734 160 2787 de
182 2731 262 2788 elect.
287 2731 383 2802 pontif.
409 2732 494 2787 refert
517 2739 544 2787 et
570 2733 671 2787 citetur
695 2751 718 2789 e.
743 2731 876 2786 Hadrian.
896 2731 957 2785 dist.
984 2733 1305 2801 uenientibusepiecopie
1320 2734 1486 2785 etunivereo
1505 2733 1579 2785 clero
1596 2734 1718 2802 eliqotur
1730 2752 1817 2803 proe-

121 2819 198 2874 end:
226 2820 308 2882 Quod
330 2820 501 2872 Hcrdrianue
514 2838 596 2891 popa
622 2837 682 2872 cum
701 2821 832 2872 renioerea
851 2820 957 2886 spnoelo
983 2827 1058 2872 sente
1085 2827 1184 2871 senatu
1208 2828 1233 2871 et
1251 2819 1370 2887 populo,
1398 2820 1447 2886 qui
1463 2820 1641 2872 ordinandae
1668 2829 1708 2872 cet
1731 2822 1818 2875 etsie

122 2907 255 2960 Romanu
278 2907 433 2959 tradiderit
461 2906 563 2964 Oarolo
584 2907 751 2979 imperatori
769 2907 820 2974 jue
839 2913 865 2957 et
878 2912 957 2974 pote·
984 2907 1019 2958 ab
1043 2907 1168 2958 omnibus
1195 2907 1298 2959 electus
1326 2906 1522 2974 praesentibus
1545 2907 1646 2973 leqatie
1664 2907 1819 2975 imperiali·

120 3001 219 3046 etatem
235 2993 363 3062 elipandi
375 2992 535 3062 pontificem
553 3003 580 3047 et
598 2996 755 3048 ordinandi
775 2994 957 3062 apoetolicam
984 2992 1033 3044 bue
1051 3000 1232 3046 consecretur.
1262 2991 1319 3046 Leo
1337 3009 1363 3061 p.
1392 2998 1410 3046 l.
1431 2991 1508 3061 epist.
1532 2992 1818 3070 Summuntorium

120 3083 230 3145 eedem,
256 3080 372 3149 insuper
395 3081 621 3153 arabimiecopos
635 3082 818 3152 etepiecopoe
831 3098 886 3152 per
901 3081 956 3133 ein·
985 3082 1144 3152 episcopum
1161 3080 1284 3136 Thessal.
1306 3087 1334 3134 et
1352 3080 1453 3135 citetur
1471 3098 1493 3135 e.
1517 3081 1545 3138 Si
1565 3081 1636 3136 sorte
1661 3083 1723 3139 dist.
1743 3085 1818 3142 ead:

120 3168 206 3236 petae
218 3167 385 3237 prouinciae
404 3167 596 3222 investituram
608 3171 644 3223 ab
662 3187 693 3223 eo
711 3170 839 3238 accipere
859 3168 956 3232 defini·
987 3169 1021 3221 Si
1038 3177 1103 3221 uota
1124 3170 1281 3239 elipentium
1300 3169 1331 3220 in
1351 3171 1470 3222 (litante
1489 3170 1637 3222 diviserint
1654 3179 1766 3239 parton,
1792 3173 1818 3225 ie

122 3261 226 3322 rerunt,
245 3261 274 3306 ut
292 3254 349 3306 nisi
365 3273 384 3306 a
401 3270 466 3322 repe
481 3256 612 3308 latidetur
630 3263 657 3308 et
669 3255 833 3307 investiatur
853 3256 956 3324 epieco·
985 3257 1194 3324 metropolitani
1217 3255 1327 3323 judicio
1350 3256 1552 3324 praeferatur,
1584 3257 1635 3325 qui
1662 3259 1817 3324 majoribus

119 3360 184 3413 pue,
205 3359 224 3393 a
241 3341 348 3394 nemine
367 3349 555 3410 coneecretur,
574 3351 600 3394 et
619 3343 774 3412 quietemque
791 3348 889 3394 contre
906 3342 957 3393 boe
981 3346 1097 3411 juvatur
1115 3344 1217 3397 studiis
1236 3351 1261 3396 et
1281 3343 1394 3411 meritis,
1414 3344 1454 3394 ita
1472 3351 1563 3393 tannen
1576 3351 1606 3394 ut
1624 3344 1719 3395 nullue
1736 3346 1818 3397 detur

121 3431 264 3484 decretum
284 3435 392 3497 aperet,
416 3429 599 3482 anatbematie
622 3429 733 3483 uinculo
760 3446 820 3481 eum
837 3429 956 3481 t-unodo·
984 3431 1076 3484 inuitis
1098 3439 1123 3483 et
1147 3449 1202 3483 non
1218 3431 1391 3498 petentibus,
1417 3444 1450 3479 ne
1468 3427 1549 3496 plebe
1572 3427 1687 3480 inuitum
1711 3430 1817 3497 epieco-

24 3568 32 3580 ,
120 3515 169 3567 rit.
207 3513 313 3568 Eadem
339 3515 451 3569 omnino
473 3515 578 3569 ratione
601 3514 659 3570 Leo
681 3515 805 3586 pontifex
826 3515 894 3568 illud
908 3515 954 3584 jus
979 3536 1049 3586 pum
1067 3536 1122 3571 non
1150 3526 1274 3587 optatum
1293 3522 1446 3570 contemnat
1472 3522 1523 3566 aut
1544 3514 1630 3569 odiat.
1670 3512 1747 3568 Idem
1765 3515 1816 3570 ibi·

121 3600 296 3655 confirmevit
318 3600 427 3670 Ottoni,
446 3607 478 3655 ut
496 3602 614 3657 refertur
637 3601 673 3655 nb
691 3601 775 3654 Inone
792 3599 955 3655 Carnutensi
983 3603 1045 3657 dem
1064 3610 1092 3658 et
1113 3605 1214 3657 citetur
1232 3621 1255 3656 c.
1284 3602 1326 3657 De
1352 3617 1468 3671 persone
1486 3599 1547 3654 dist.
1570 3605 1614 3654 65:
1631 3602 1677 3654 De
1692 3619 1816 3671 pereonu

122 3687 169 3741 lib.
189 3686 250 3740 eod.
275 3693 303 3742 et
329 3686 430 3741 nitetur
455 3705 479 3743 e.
505 3687 538 3742 In
564 3687 675 3758 synodo
700 3687 763 3741 dist.
788 3686 863 3741 esd:
892 3687 955 3754 Epo
983 3690 1167 3743 coneecrandi
1186 3689 1313 3758 epiecopi
1328 3694 1353 3739 et
1372 3689 1406 3740 cle
1428 3686 1500 3739 oleri
1511 3688 1659 3757 plebisque
1682 3707 1815 3743 coueeneu

121 3777 180 3828 Leo
199 3791 455 3845 eeruuefleoruomtm
474 3774 534 3828 Dei
551 3776 698 3844 epiecopue
723 3792 784 3827 cum
805 3782 863 3827 toto
881 3774 955 3826 clero
983 3777 1213 3846 metropolitanos
1239 3776 1384 3846 epiecopus
1410 3776 1452 3826 aot
1468 3775 1678 3838 fraternitatem
1698 3779 1815 3841 referat.

121 3881 157 3915 ac
175 3863 303 3916 Romano
324 3862 431 3930 populo
450 3862 643 3915 constituimus
666 3870 692 3915 et
717 3863 912 3928 confirmamus
930 3867 956 3910 et
983 3863 1133 3917 Aueeletus
1152 3863 1179 3916 in
1200 3861 1279 3934 epist.
1299 3868 1320 3917 2.
1339 3861 1375 3915 nd
1395 3861 1537 3932 episcopos
1558 3862 1653 3915 Italiae
1671 3870 1699 3918 et
1716 3865 1816 3919 citatur

120 3950 338 4002 corroboramus
355 3956 380 4002 et
393 3965 449 4017 per
465 3957 590 4002 nostram
603 3949 788 4017 apoetolicam
802 3947 954 4000 auderita-
982 3967 1005 4005 e.
1026 3950 1134 4019 Reliqui
1154 3950 1217 4004 dist.
1236 3955 1283 4004 bl:
1308 3950 1477 4003 Sacerdotes
1503 3968 1521 4001 a
1540 3951 1662 4018 proprio
1685 3953 1816 4006 ordinen-

120 4046 175 4089 tem
205 4035 380 4089 concedimus
413 4043 495 4106 atque
537 4036 676 4104 larpimur
710 4035 823 4089 domino
859 4034 956 4086 Ottoni
982 4044 1027 4087 tur
1044 4035 1188 4105 episcopo,
1213 4037 1255 4089 ita
1279 4045 1309 4089 ut
1335 4036 1406 4089 cioee
1425 4044 1451 4089 et
1469 4037 1525 4089 alii
1540 4039 1703 4091 sacerdotes
1722 4055 1815 4092 aseen-

118 4122 214 4194 primo
233 4123 297 4191 repi
317 4122 532 4175 Teutonicorum
549 4122 663 4190 ejusque
684 4121 887 4175 eueceeeoribue
906 4120 954 4173 bu·
982 4141 1041 4175 erim
1056 4124 1221 4192 praebeant.
1256 4122 1298 4176 Ex
1325 4122 1401 4177 hisce
1425 4128 1466 4176 tot
1492 4123 1672 4177 conciliorum
1698 4124 1815 4181 decretis

115 4210 169 4277 jue
188 4208 269 4277 requi
285 4207 390 4260 Italiae
407 4207 437 4260 in
450 4214 615 4278 perpetuum
638 4209 804 4275 facultatem
829 4208 956 4277 elepencli
982 4227 1013 4263 nc
1033 4216 1073 4265 tot
1092 4209 1253 4279 pontificum
1274 4208 1413 4279 rescriptis
1437 4210 1614 4263 menifestum
1637 4217 1691 4274 est,
1714 4212 1750 4265 ed
1769 4229 1814 4265 vo·

120 4312 308 4348 successorem
327 4301 411 4363 atque
429 4311 552 4347 summae
577 4295 654 4347 eedie
674 4295 846 4366 apostolicae
861 4294 954 4362 ponti·
982 4298 1117 4352 cntionem
1147 4296 1332 4350 ministrorum
1366 4296 1499 4364 requisita
1531 4296 1616 4351 fuisse
1650 4314 1683 4349 ae
1714 4297 1815 4367 requiri

114 4384 199 4449 ficem
226 4381 384 4435 ordinandi
405 4399 439 4434 ac
456 4398 511 4451 per
539 4382 589 4435 boc
610 4381 834 4452 arebicpiecopoe
852 4390 877 4434 et
898 4381 954 4453 epi·
982 4385 1092 4437 omnino
1127 4381 1209 4435 etium
1241 4381 1340 4434 debere
1371 4381 1465 4451 populi
1498 4389 1607 4446 votum,
1642 4383 1814 4453 suffragium,

121 4486 237 4538 scopos,
261 4476 291 4521 ut
309 4469 367 4539 ipei
386 4469 422 4521 ub
441 4484 472 4521 eo
490 4469 679 4521 investituram
699 4469 839 4538 accipiant
859 4475 910 4524 ete.
929 4477 954 4521 et
982 4468 1184 4526 testimonium,
1201 4466 1442 4536 approbationem,
1467 4468 1636 4522 voluntatem
1656 4476 1683 4521 et
1701 4486 1813 4521 eonsen-

123 4565 151 4609 ut
171 4572 249 4609 nemo
271 4556 402 4624 deinceps
419 4557 606 4625 cujuscunque
619 4554 828 4623 cliqnitatiesseel
844 4555 954 4622 relipio-
983 4574 1051 4623 suns,
1065 4556 1131 4625 quin
1146 4554 1229 4607 etiem
1244 4553 1465 4623 postulationem,
1484 4555 1644 4624 petitionem
1665 4559 1692 4606 et
1705 4554 1814 4608 electio·

122 4642 166 4695 nie
186 4642 311 4710 elipandi
328 4642 486 4709 pontificem
508 4649 556 4693 aut
580 4658 766 4710 quemcunque
795 4642 953 4712 epiecopum
983 4660 1044 4697 nem
1070 4658 1119 4710 pro
1145 4640 1250 4693 ratione
1272 4640 1540 4694 circumstantiarum
1570 4641 1622 4709 ipsi
1649 4640 1815 4710 quandoque

122 4727 281 4781 ordinandi
292 4727 393 4779 babeat
404 4720 570 4792 someltatem
583 4729 684 4796 absque
701 4727 951 4797 imperatoriscon-
983 4728 1068 4782 fuisse
1089 4727 1189 4792 datam,
1209 4726 1381 4796 magistratui
1401 4726 1497 4780 itidem
1517 4726 1685 4792 electionem,
1704 4743 1814 4782 conces·

121 4831 210 4868 eeneu.
248 4813 357 4874 Quodsi
375 4832 393 4865 a
410 4813 486 4867 clero
505 4821 530 4866 et
548 4814 656 4885 populo
676 4814 738 4882 quis
758 4814 879 4882 eliqatur
899 4815 955 4883 epi·
983 4814 1099 4875 sionem,
1124 4812 1279 4879 arbitrium,
1304 4811 1538 4866 confirmationem
1564 4817 1592 4864 et
1615 4810 1813 4869 investituram.

121 4919 232 4972 scopus,
254 4901 310 4954 nisi
327 4919 346 4952 a
365 4900 533 4969 supradicto
552 4917 616 4968 repe
636 4901 768 4953 laudetur
786 4909 809 4954 et
826 4902 955 4954 investia—
983 4900 1132 4954 Adduntur
1150 4899 1232 4952 etium
1252 4899 1430 4964 pravissimae
1451 4897 1584 4965 rationes,
1611 4915 1646 4951 ne
1668 4898 1748 4968 plebs
1772 4899 1814 4954 in-

121 4999 177 5057 tur,
193 5006 249 5042 non
266 4995 449 5041 consecretur.
482 4986 595 5056 Siquis
614 4995 713 5040 contra
733 4988 803 5041 banc
822 4989 956 5060 apostoli·
983 4987 1068 5039 vitum
1093 4985 1251 5055 episcopum
1280 4989 1448 5048 contemnet,
1480 4999 1548 5036 neve
1576 4981 1757 5039 dissensiones
1785 4987 1814 5039 in

121 5094 184 5129 cam
203 5075 398 5128 auctoritatem
417 5074 530 5142 aliquid
547 5073 689 5137 moliemur,
714 5074 785 5128 brine
806 5092 954 5127 ercommu-
983 5071 1097 5128 ecelesia
1117 5072 1273 5125 excitentur
1291 5079 1341 5125 etc.
1372 5069 1441 5122 Item
1461 5069 1579 5138 populus
1591 5075 1632 5123 est
1647 5088 1711 5140 pars
1730 5073 1814 5125 ecele-

121 5162 261 5216 nieationi
292 5161 438 5228 subjacere
469 5160 644 5213 decernimus
669 5169 694 5212 et
718 5160 776 5213 miei
798 5161 955 5232 resipisceret,
982 5160 1051 5220 siae,
1083 5175 1155 5227 quae
1182 5156 1216 5211 de
1244 5155 1422 5227 qualitatibus
1448 5155 1637 5223 eligendorum
1665 5175 1814 5228 eorumque

121 5247 305 5302 irrevocabili
322 5248 406 5302 exilio
426 5248 527 5319 puniri
546 5246 590 5299 niel
613 5245 718 5298 ultimis
742 5248 891 5317 suppliciie
910 5249 954 5311 as·
982 5246 1040 5300 vite
1064 5261 1095 5297 ec
1118 5243 1240 5299 moribus
1263 5242 1448 5296 testimonium
1474 5242 1540 5296 dere
1563 5250 1660 5313 potest.
1703 5244 1815 5314 Excipit

122 5335 176 5400 bei.
210 5333 279 5401 (Ubi
299 5334 459 5402 notandum,
478 5332 552 5403 quod
571 5337 644 5386 recte
664 5338 791 5386 monetur
809 5351 833 5389 a.
853 5333 888 5388 D.
904 5335 955 5386 Ar·
982 5329 1164 5384 Bellurminus
1187 5335 1207 5383 t.
1227 5346 1259 5382 ee
1276 5328 1354 5380 ttttllo
1367 5329 1465 5381 borum
1478 5329 1693 5383 testimoniorum
1716 5330 1816 5400 colliqi

122 5422 206 5477 noldo
223 5419 411 5492 Engelbrecht
432 5420 623 5491 jureconsulti>
649 5416 760 5485 eximio,
791 5419 879 5473 emico
909 5436 955 5473 no·
978 5434 1072 5486 poeee,
1089 5433 1148 5469 cese
1167 5415 1284 5483 dejure
1306 5412 1416 5482 diuino,
1445 5423 1474 5467 ut
1488 5417 1613 5485 populus
1632 5416 1726 5482 eliqat.
1760 5415 1813 5470 ne-

122 5513 178 5564 stro
211 5505 347 5578 singulari
376 5506 404 5561 in
432 5506 535 5577 disput.
568 5506 604 5560 de
628 5503 765 5576 jurisdiet.
795 5504 883 5560 conci.
914 5510 955 5562 st.
983 5502 1162 5573 spondemus:
1177 5501 1228 5556 Jus
1241 5498 1365 5553 divinum
1378 5505 1405 5555 et
1417 5500 1705 5572 praxinepostolieem
1723 5506 1813 5556 osten·

117 5600 286 5668 potestatem
311 5592 392 5649 ilem
417 5595 453 5648 ab
477 5593 608 5648 Adriano
644 5599 670 5646 et
700 5592 793 5646 Leone
819 5590 957 5645 Romanie
976 5588 1067 5643 dimus
1090 5587 1232 5658 superins,
1257 5584 1390 5642 hocloco
1416 5586 1520 5642 sufficit
1542 5586 1636 5655 nobis,
1661 5585 1735 5642 idem
1763 5604 1813 5659 per

175 5688 278 5734 numu
291 5687 340 5732 un
360 5688 395 5732 m
1466 5696 1480 5745 5
