4020 6014
726 313 778 368 DE
794 310 1048 373 anatemati
1066 310 1254 370 Potamou
1275 320 1280 347 ²
1768 323 1833 381 tua

140 465 249 522 animat
268 472 319 521 ete.
356 466 419 522 Hoc
436 469 525 539 primo
541 469 623 526 mede
640 468 778 540 Ulpianus
798 462 884 540 le'ges,
902 486 969 540 qua·
980 466 1064 573 idum
1084 484 1143 523 sese
1161 469 1233 523 iuter
1250 469 1357 539 ιιριιιΙ
1345 470 1460 538 separa
1455 470 1712 533 ⁸,1‘rmdumertolce
1730 469 1833 540 quibus

139 557 220 607 tenue
237 552 411 623 majestatem
431 555 569 624 dirigunt,
602 571 657 609 non
682 555 881 624 consideravit,
914 554 983 609 nou'
998 569 1031 607 cx
1048 560 1130 623 pacto
1150 555 1280 626 princeps
1298 555 1439 627 obligatur
1455 561 1484 612 et
1507 556 1623 628 proinde
1649 556 1688 612 ad
1703 556 1832 614 obsera·

138 639 233 708 itaque
251 636 305 693 bac
322 640 428 694 ratione
447 640 561 710 abipso
581 642 709 712 princeps
734 641 845 712 legibus
864 640 984 696 solutus
996 639 1099 694 tionem
1120 639 1182 711 cogi
1201 647 1304 711 potest,
1333 658 1366 696 sc
1384 643 1460 711 tapes
1477 660 1552 697 mere
1575 644 1680 698 civiter.
1713 641 1760 699 Ad
1778 647 1833 699 ter·

138 723 247 789 dicitur,
266 732 504 796 quatenusantem
522 727 634 782 eaedem
651 727 861 786 considerantur
879 729 970 782 utin·
981 724 1065 825 ,tium
1086 726 1238 784 dicimusl.
1259 734 1299 783 31.
1320 728 1348 784 ff.
1368 728 1404 784 de
1419 729 1504 801 legib.
1523 730 1564 784 ita
1577 729 1781 801 explicandum,
1800 735 1834 785 ut

136 816 289 865 strumenta
307 817 336 864 et
354 811 460 879 media,
490 812 637 884 subjacent
666 814 804 885 majestati
826 820 854 868 et
871 813 984 869 exinde
982 819 1134 899 congruat
1150 816 1248 870 euml.
1267 822 1292 870 4
1313 816 1343 869 C
1364 816 1400 870 de
1420 816 1529 888 legibus
1549 824 1577 871 et
1594 816 1702 872 constit.
1722 820 1750 872 et
1768 815 1834 871 allis

136 896 264 967 principi.
314 896 382 952 Nov.
416 902 471 953 105.
499 915 522 953 c.
548 904 571 954 2.
597 904 622 965 5.
648 899 696 957 fin.
721 900 760 955 ait
784 900 984 956 Justinianus.
982 868 1115 997 legibus,
1132 900 1293 969 praesertim
1313 918 1379 957 vero
1396 919 1461 957 cum
1478 902 1594 970 ratione,
1611 918 1685 974 qnae
1702 908 1745 957 est
1760 901 1832 974 legis

137 981 299 1053 Imperatori
317 982 371 1036 et
362 999 438 1052 ipsas
457 983 532 1055 leges
552 985 629 1040 Deus
646 986 773 1055 subjecit
801 986 892 1057 legem
912 985 969 1039 ani·
982 976 1098 1040 anima
1125 986 1171 1040 Ad
1192 992 1321 1058 quartum
1338 987 1546 1057 respondemus,
1562 1004 1613 1042 nos
1630 986 1750 1042 libenter
1767 1005 1833 1043 con-

137 1076 239 1123 matam
257 1084 320 1123 eum
341 1068 452 1122 mittens
474 1068 642 1127 hominihus.
681 1071 801 1142 Suincit
818 1071 896 1126 Deus
920 1066 1112 1141 im·,ccdere,
1139 1089 1193 1126 non
1213 1072 1300 1126 solum
1318 1072 1462 1141 civilibus,
1487 1072 1638 1128 sedetiam
1658 1073 1833 1130 naturalibus
1870 1089 1872 1093 ·

136 1154 256 1225 peratori
279 1170 333 1208 non
351 1154 439 1208 solum
457 1154 559 1224 civiles,
574 1156 623 1211 sed
641 1161 669 1211 et
685 1164 800 1225 naturae
814 1174 847 1212 ac
861 1144 1025 1211 divinas¹et
1039 1153 1152 1211 'divinis
1179 1157 1301 1229 legibus,
1334 1158 1427 1229 quoad
1459 1160 1629 1214 coactionem
1660 1161 1834 1225 ιιιιιιοιιιι,

137 1240 222 1311 leges,
239 1245 271 1295 ut
288 1244 422 1311 tanquam
440 1257 487 1294 rex
505 1241 785 1296 subditesadearum
805 1241 1051 1321 obsequium'non
1083 1243 1175 1313 quoad
1211 1245 1391 1297 directionem
1423 1244 1599 1313 interiorem,
1629 1246 1750 1300 solutum
1772 1263 1834 1301 essa

136 1327 241 1398 adiget.
279 1326 432 1398 Imperator
454 1343 519 1382 vero
546 1328 648 1382 dicitur
672 1328 795 1382 animata
824 1328 883 1396 lex,
911 1335 984 1397 tum,
996 1328 1162 1399 principem,
1191 1331 1300 1384 interim
1320 1346 1354 1384 ex
1372 1348 1405 1385 eo
1423 1331 1520 1402 nequit
1543 1331 1654 1398 inferri,
1682 1331 1834 1387 distinetio-

137 1411 211 1483 qued
228 1412 284 1486 legi
302 1418 395 1467 mutae
420 1419 448 1468 et
466 1414 545 1485 quasi
563 1421 688 1471 mortuae
703 1415 790 1471 vitam
813 1415 893 1469 addit
909 1430 971 1468 eam
982 1402 984 1443 ι
996 1431 1060 1468 nem
1078 1415 1152 1470 illam
1171 1434 1226 1471 nou
1244 1433 1326 1488 posse
1346 1418 1549 1473 accommodari
1573 1419 1609 1473 ad
1628 1418 1831 1490 obligationem

139 1500 242 1554 tuendo
260 1506 287 1554 et
307 1499 496 1565 defendendo,
515 1505 574 1555 tum
594 1499 670 1572 quod
684 1516 771 1557 novas
791 1508 867 1568 creet
883 1500 970 1571 inspi-
998 1501 1090 1572 legum
1111 1502 1250 1569 civilium,
1280 1520 1343 1557 cum
1361 1504 1542 1560 subordinate
1565 1523 1621 1559 nou
1645 1504 1701 1558 sint
1719 1505 1773 1561 sibi
1792 1506 1833 1561 in·

138 1586 224 1640 raudo
249 1586 288 1640 eis
313 1587 441 1643 animam.
477 1591 504 1641 ἳ.
527 1588 656 1658 Solutus,
683 1586 724 1643 ait
748 1585 969 1659 jurisconsultus
996 1588 1084 1641 vicem
1103 1589 1276 1659 opponenda
1312 1588 1481 1645 Addendum
1501 1597 1594 1647 tamen
1613 1590 1678 1645 huic
1696 1590 1835 1647 distincti·

140 1672 263 1726 Solum
269 1674 382 1740 dicatur,
401 1675 518 1744 quinon
542 1684 584 1729 eet
604 1628 753 1746 obligatus,
773 1674 837 1729 Alb.
851 1673 970 1728 Gentilis
997 1673 1056 1740 oni,
1079 1675 1212 1745 quodvis
1232 1675 1377 1739 ditectiva,
1406 1693 1462 1747 qua
1479 1677 1608 1748 princepe
1634 1677 1744 1749 legibus
1763 1676 1832 1733 obli·

138 1757 201 1813 adl.
215 1765 253 1815 48.
264 1760 298 1815 de
307 1760 381 1815 verb
394 1761 486 1832 signif.
507 1761 560 1827 Qui
572 1760 634 1830 scit,
644 1777 789 1833 quousque
801 1759 972 1815 seextendat
996 1765 1087 1829 gutur,
1106 1760 1186 1816 aliter
1205 1778 1265 1816 sese
1282 1761 1414 1816 habeat'
1406 1779 1435 1815 ιιι
1453 1762 1562 1833 legibus
1583 1762 1682 1817 divinis
1700 1779 1734 1817 ac
1751 1768 1834 1821 nam-

138 1845 289 1915 obligatio,
319 1846 343 1900 ιι
368 1846 451 1902 etiam
478 1848 547 1901 scire
571 1852 674 1916 potest,
707 1847 775 1919 quid
796 1847 833 1901 sit
849 1847 970 1900 solutum
996 1844 1116 1911 ralibus,
1145 1847 1257 1902 aliter
1249 1867 1277 1903 ιιι
1301 1848 1428 1919 positivis
1448 1852 1477 1903 et
1499 1866 1574 1904 mers
1597 1848 1746 1914 civilibus3
1775 1850 1832 1905 illis

139 1949 205 1987 ease.
250 1932 390 2001 oelipatio
418 1934 486 2001 lepis
514 1952 570 1987 ιιοιι
594 1943 652 1987 tam
678 1935 770 1987 oritur
797 1950 830 1986 ιι
859 1933 970 1986 ratione
996 1932 1068 1988 enim
1091 1935 1256 1999 curatione,
1276 1936 1366 2006 quoad
1388 1936 1443 1989 vim
1463 1935 1767 2007 directivamprinceps
1787 1943 1831 1992 est

138 2036 222 2088 qaam
245 2035 277 2071 cc
300 2020 444 2074 ιαηιιιοιιι
467 2020 483 2075 l.
511 2026 532 2075 1.
556 2026 584 2075 ct
610 2027 632 2074 ι.
661 2020 696 2075 de
715 2019 772 2074 ΙιΙι
792 2037 824 2072 ιιι
837 2021 925 2090 jerasa
943 2027 971 2073 et
996 2017 1160 2084 obstrictus,
1187 2028 1219 2075 ut
1236 2038 1284 2076 eas
1300 2038 1352 2076 nec
1371 2021 1482 2082 tollere,
1509 2038 1560 2076 nec
1578 2022 1714 2094 abrogare
1734 2023 1830 2093 possit,

136 2113 286 2175 praecepto
304 2106 322 2162 ι.
343 2112 381 2161 52.
400 2110 424 2170 5.
442 2114 465 2162 5.
484 2107 519 2162 de
538 2107 562 2163 0
580 2114 610 2163 ct
629 2107 662 2161 A.
681 2108 753 2163 inter
769 2124 842 2179 quae
860 2110 969 2161 mutum
994 2103 1069 2160 hisce
1092 2123 1158 2161 vero
1182 2106 1223 2161 ita
1245 2107 1394 2163 obstrictus
1417 2113 1477 2172 est,
1507 2113 1539 2161 ut
1564 2107 1733 2179 reipublicae
1756 2125 1831 2164 com·

139 2192 266 2253 interest,
296 2199 429 2263 quantum
454 2193 525 2247 inter
548 2194 678 2249 virtutem
705 2193 923 2263 philosophicam
940 2198 969 2248 ct
995 2192 1076 2248 modo
1105 2193 1144 2247 ita
1166 2193 1295 2266 exigente
1321 2199 1428 2249 mutare
1448 2201 1475 2248 et
1503 2212 1589 2250 novas
1608 2195 1685 2266 leges
1705 2202 1832 2252 veterum

138 2277 226 2347 ipsam
256 2278 346 2350 legem
374 2279 390 2331 ι.
419 2285 440 2333 1
463 2282 486 2346 5.
512 2286 530 2333 1
557 2278 631 2335 del.
655 2285 683 2334 et
708 2279 726 2333 l.
763 2279 875 2334 Solutus
902 2296 968 2350 ergo
994 2285 1023 2333 et
1039 2279 1234 2350 abrogatarum
1253 2280 1346 2350 legum
1363 2280 1425 2335 loco
1444 2281 1620 2352 promulgare
1639 2282 1734 2353 possit

138 2363 267 2434 princeps
290 2371 350 2419 tum
367 2365 480 2436 ajussu
499 2373 526 2419 at
546 2365 669 2436 imperio,
694 2371 752 2418 tum
770 2380 788 2418 a
804 2365 968 2421 coiircitioue
1030 2365 1315 2430 taciturnitate.
1353 2364 1960 2434 Anteperetvttaviolataaobti-2w0·

140 2449 217 2520 legis.
224 2451 254 2486 *
295 2450 457 2506 scholastici
482 2452 659 2551 distinguunt
684 2452 756 2508 inter
783 2452 838 2506 cim
866 2454 968 2505 eoacti·
995 2459 1059 2520 peut
1076 2452 1107 2504 ιιι
1125 2454 1318 2506 conscientia!
1346 2453 1461 2526 Negant
1482 2452 1615 2511 Calvinus
1639 2455 1687 2509 lib.
1709 2461 1731 2511 3.
1750 2455 1830 2511 insti·
1853 2428 1884 2509 ss.
1895 2418 1958 2509 οιιἰ

138 2554 202 2590 rrum
227 2546 253 2591 et
278 2539 449 2594 directiuam.
487 2537 586 2601 Quoad
609 2539 665 2592 vim
693 2539 845 2594 coactivam
869 2538 969 2610 princi·
995 2542 1046 2592 tut
1063 2555 1126 2609 cap
1145 2544 1185 2595 to.
1205 2546 1271 2595 sect
1291 2545 1330 2595 te
1371 2539 1525 2596 Sibrandus
1551 2541 1600 2596 lib.
1622 2547 1645 2598 8.
1671 2542 1707 2596 da
1730 2541 1829 2614 pontif.
1841 2521 1957 2622 ιῖξξξῖζ

139 2639 201 2693 pem
231 2624 338 2696 legibus
368 2626 486 2680 solutum
516 2642 575 2681 esse
605 2626 716 2693 dicunt,
748 2626 813 2697 quia
841 2627 969 2697 princeps
994 2625 1110 2680 Roman
1134 2641 1196 2697 cap
1220 2633 1243 2681 t.
1281 2627 1409 2698 Vasques
1429 2626 1489 2682 libr.
1514 2636 1533 2684 1.
1561 2628 1659 2685 illustr
1691 2635 1764 2684 cont.
1788 2635 1830 2686 28.
1843 2623 1965 2667 ⁰⁰⁸¹⁸¹¹²·

141 2728 201 2765 cum
227 2711 265 2764 sit
290 2712 428 2783 superior,
458 2713 494 2766 ab
514 2713 688 2767 interioribus
711 2730 767 2768 non
785 2718 878 2812 potest
893 2719 970 2768 ιιιιιιι
1000 2717 1021 2766 1.
1047 2712 1103 2769 soli
1126 2711 1187 2767 Deo
1207 2714 1373 2783 competit
1360 2731 1408 2784 Jus
1433 2720 1461 2768 et
1488 2715 1642 2785 potestus
1634 2731 1663 2768 ru
1689 2675 1883 2773 hominum²¹⁸⁴

139 2814 289 2897 poenarum
319 2798 354 2852 ad
387 2799 606 2854 observationem
642 2800 736 2871 legum
767 2799 844 2870 cogi3
878 2800 970 2871 quoad
995 2798 1195 2866 conscientias,
1218 2799 1293 2854 solus
1312 2799 1416 2871 quippe
1432 2808 1526 2896 potest
1544 2801 1668 2853 animum
1686 2809 1711 2853 ct
1728 2820 1831 2873 corpur

141 2885 194 2938 vim
222 2885 381 2940 directivam
408 2885 560 2955 principem
587 2886 695 2956 legibus
722 2886 886 2942 adstrictum
910 2902 971 2941 esse
993 2886 1113 2954 perdere
1136 2883 1235 2939 Matth.
1263 2890 1306 2947 10,
1329 2903 1355 2939 v.
1381 2884 1450 2940 28.
1442 2901 1502 2955 ipse
1526 2891 1569 2940 est
1583 2904 1656 2938 aava
1674 2887 1831 2954 legislator,

140 2971 250 3034 dicunt,
277 2971 343 3042 quia
360 2971 404 3025 lex
424 2972 543 3041 positiva
563 2972 683 3027 deducte
702 2979 743 3028 ιιι
762 2988 794 3027 ex
810 2975 874 3042 jure
891 2979 970 3027 natu·
997 2971 1047 3039 qui
1058 2978 1152 3040 potest
1169 2987 1283 3024 meere
1301 2979 1326 3024 et
1344 2974 1466 3041 perdere
1483 2971 1544 3027 dac.
1564 2977 1595 3038 4,
1612 2990 1639 3026 v.
1663 2978 1703 3027 12.
1740 2973 1829 3046 idagi-

139 3057 189 3111 rali
209 3056 463 3125 retractantium,
482 3059 724 3128 quaenonminus
743 3075 875 3131 principis
886 3075 969 3130 quarn
997 3060 1099 3110 stratam
1122 3056 1280 3111 dominatur
1304 3056 1465 3128 corporibus
1491 3064 1519 3113 et
1542 3056 1661 3112 fortuma
1679 3057 1830 3115 hominum.

140 3144 311 3198 subditorum
330 3142 436 3197 animos
452 3143 488 3197 ad
502 3149 576 3199 recte
588 3145 727 3215 agendum
742 3145 863 3216 dirigere
879 3144 970 3202 debet.
997 3148 1019 3197 2
1040 3140 1168 3197 Potestas
1188 3142 1278 3198 civilis
1295 3160 1350 3198 non
1367 3143 1479 3214 judicat
1496 3143 1532 3198 de
1549 3143 1677 3213 internis,
1703 3130 1754 3200 iad
1770 3152 1830 3201 tan·

140 3229 295 3299 Thomasp
313 3237 332 3284 1
343 3247 368 3301 q.
381 3235 422 3284 96.
440 3239 515 3286 ιιι·
505 3252 528 3284 ι.
541 3231 702 3285 Dominicus
718 3232 810 3287 asoto
829 3231 875 3286 ιιιι.
897 3238 918 3286 1.
935 3232 971 3285 de
997 3236 1056 3283 tum
1077 3229 1112 3287 de
1131 3229 1265 3295 externis,
1292 3247 1359 3301 ergo
1378 3230 1461 3284 etiem
1485 3230 1670 3286 conscientias
1687 3232 1830 3289 hominum

10 3317 281 3458 ill-15¹·Justit.²et
307 3319 371 3386 jure
396 3336 423 3457 q.
447 3323 475 3458 g:
502 3325 544 3458 artu
568 3324 599 3457 7’1.
635 3316 786 3459 (ὶιξςοιιιιι
799 3318 971 3460 t(leqvalcnt.
997 3315 1250 3456 ppligaretitpletquit.
1269 3322 1315 3457 t3.
1336 3316 1626 3458 Ριιιιιιριιέιὺὲιι.
1601 3316 1704 3372 civium
1728 3318 1834 3417 utilitp·

152 3419 204 3457 om.
248 3419 419 3459 ,commen
466 3420 549 3474 rapu.
586 3445 592 3458 .
619 3422 643 3476 q.
693 3444 698 3456 .
725 3421 799 3475 punc
871 3451 873 3456 ,
902 3420 972 3477 quos
1027 3419 1054 3456 m
1074 3419 1117 3456 rns
1204 3419 1293 3471 ses,
1316 3419 1384 3474 ergo
1399 3419 1456 3457 non
1495 3419 1511 3457 e
1577 3421 1606 3457 ιιι
1626 3419 1721 3457 eornm
1740 3420 1833 3474 perum

140 3488 263 3560 nequitur
281 3490 363 3543 etiam
383 3490 535 3544 Meisnarus
558 3490 605 3545 lib.
633 3498 658 3546 4.
678 3491 713 3545 de
730 3491 839 3563 legibus
860 3496 926 3546 sect
947 3499 969 3548 1.
997 3488 1067 3543 ciem
1084 3505 1207 3560 vergere.
1234 3488 1323 3559 Atqui
1340 3488 1602 3559 perniciosissimum
1621 3487 1694 3544 foret
1711 3488 1832 3545 subditis

141 3593 166 3645 q.
199 3583 236 3631 11).
275 3576 354 3630 Haec
378 3577 519 3632 distinctio
551 3577 609 3632 fere
640 3578 762 3633 concidit
788 3594 850 3632 cum
879 3578 971 3648 priore
996 3591 1030 3629 ac
1059 3574 1182 3631 civibus.
1214 3574 1237 3628 si
1265 3574 1385 3646 politicis
1409 3574 1520 3646 legibus
1542 3591 1560 3628 a
1584 3575 1744 3645 principatu
1766 3574 1832 3631 latis

140 3662 210 3715 inter
231 3664 419 3715 necescitatem
443 3672 467 3715 ιι
486 3664 667 3732 ιοιιιιιιιιιιι,
684 3664 750 3735 quia
770 3664 883 3734 quando
895 3664 970 3735 prin·
996 3660 1187 3731 obligarentur
1204 3661 1326 3731 ipsorum
1346 3660 1533 3716 conscientiae
1553 3660 1589 3715 ad
1608 3667 1723 3717 mortem
1741 3667 1830 3717 aeter

139 3763 204 3818 ceps
242 3748 350 3819 legibus
383 3748 547 3803 necessitate
582 3748 703 3819 quadam
728 3756 847 3821 negatur
870 3750 969 3805 adstri·
996 3762 1138 3814 namuco
1152 3746 1304 3801 ullomodo
1318 3745 1466 3800 verisimile
1485 3752 1534 3810 est,
1552 3746 1678 3802 subditos
1696 3752 1831 3818 quotam·

140 3842 208 3898 ctus,
227 3835 392 3906 intelligitur
404 3835 554 3891 necessitas
566 3841 687 3903 externa,
704 3836 834 3892 videlicet
852 3837 969 3893 coactio·
996 3847 1063 3903 pore
1086 3837 1252 3902 potestatem
1278 3831 1415 3886 dedmunt
1440 3832 1631 3903 principibus,
1661 3840 1718 3889 tam
1739 3834 1832 3889 laxam

138 3921 189 3985 nis,
208 3938 271 3975 cum
291 3921 419 3976 honestas
439 3922 495 3990 illa,
513 3923 592 3993 cujus
611 3929 736 3993 respectu
754 3923 884 3994 princeps
901 3923 968 3994 legi·
996 3920 1062 3973 dare
1078 3917 1206 3973 voluisse.
1243 3926 1268 3974 4.
1285 3918 1333 3973 Ad
1351 3924 1492 3974 aeternam
1509 3926 1625 3976 mortem
1649 3920 1775 3976 homines
1793 3919 1830 3976 ob

139 4008 191 4063 bus
212 4008 359 4063 obstrictus
376 4008 491 4071 dicitur,
514 4011 690 4079 conjunctam
710 4007 812 4063 habeat
830 4009 969 4079 quandam
994 4004 1163 4075 reipublicae
1179 4005 1302 4077 regimen
1321 4005 1450 4063 civilibus
1467 4007 1577 4079 legibus
1590 4006 1708 4078 obligari
1719 4023 1771 4062 nec
1785 4022 1831 4063 cx·

139 4094 332 4149 necessitatem
350 4095 484 4148 intentam
506 4111 539 4150 ex
557 4094 703 4165 hypothesi
723 4095 833 4157 dictam,
851 4096 876 4149 si
893 4095 968 4150 vide·
995 4092 1089 4163 pedit,
1122 4093 1188 4163 quia
1212 4092 1249 4147 ad
1274 4092 1348 4149 banc
1372 4110 1429 4149 rem
1452 4093 1622 4150 efficaciores
1640 4099 1704 4149 sunt
1722 4108 1830 4164 pom

139 4181 203 4235 licat
224 4181 346 4236 actiones
373 4198 437 4236 suas
460 4183 495 4237 ad
517 4183 717 4252 praescriptum
739 4191 832 4237 rectae
856 4181 969 4236 ιιιιοιιιι
996 4180 1168 4251 corporales,
1194 4196 1266 4251 quae
1285 4179 1315 4234 in
1332 4181 1427 4235 oculos
1451 4182 1573 4236 omnium
1597 4181 1757 4250 incurrunt3
1777 4194 1830 4235 noc

139 4268 309 4323 conformare
326 4273 355 4323 et
373 4268 492 4322 subditis
505 4269 561 4321 suis
574 4268 696 4335 exemplo
714 4268 873 4338 praelucere
892 4268 968 4322 velit.
992 4268 1099 4337 justum
1117 4274 1173 4335 eet,
1200 4267 1266 4338 quia
1284 4283 1376 4336 poena
1392 4283 1448 4322 non
1468 4267 1552 4323 debet
1570 4267 1703 4322 excedere
1720 4281 1829 4320 mensn-

139 4355 213 4408 Huic
236 4353 405 4408 distinctioni
432 4354 586 4409 obvertitur
613 4361 634 4409 1.
658 4355 731 4425 quod
756 4371 773 4407 a
795 4354 970 4424 quarundam
996 4370 1055 4407 ram
1081 4352 1184 4408 delicti.
1219 4360 1243 4409 5.
1265 4352 1360 4408 Omnis
1386 4360 1511 4425 potestas
1536 4360 1578 4409 est
1601 4358 1714 4423 propter
1741 4368 1829 4405 usum

139 4441 231 4512 logum
253 4440 445 4494 observatione
464 4440 594 4510 princeps
612 4440 723 4510 penitus
749 4440 786 4494 sit
803 4440 873 4495 liber
890 4439 908 4494 ι.
930 4445 969 4495 14.
997 4438 1085 4510 Atqui
1102 4440 1231 4509 princeps
1256 4458 1312 4495 non
1331 4445 1424 4510 potest
1449 4437 1699 4511 nansgressoribus
1716 4453 1830 4493 suarum

139 4527 168 4582 ff.
192 4529 226 4582 de
250 4545 370 4582 manum.
395 4527 470 4581 vind.
493 4526 511 4580 l.
531 4528 606 4595 quod
627 4527 743 4597 principi
766 4532 806 4581 56.
831 4525 860 4582 ff.
880 4526 969 4582 dele
996 4526 1090 4597 legum
1121 4541 1238 4596 poenam
1269 4527 1439 4599 spiritualem
1467 4534 1496 4582 et
1526 4532 1665 4581 actsmam
1693 4523 1829 4596 infligere.

139 4622 196 4685 gat.
214 4621 237 4670 2.
274 4621 298 4670 2.
321 4615 430 4686 quodve
451 4614 579 4684 princeps
605 4614 667 4684 cogi
689 4614 778 4684 possit
802 4614 840 4666 ad
866 4614 969 4684 legum,
996 4612 1072 4683 Ergo
1089 4612 1172 4668 cuam
1192 4629 1247 4667 non
1265 4620 1357 4683 potest
1374 4614 1497 4684 ipsorum
1514 4610 1698 4666 conscientias
1718 4610 1829 4682 legibus

140 4703 240 4774 quibus
260 4708 377 4769 tenetur,
396 4701 607 4767 observantiam,
628 4701 732 4755 cumei
751 4699 916 4754 constitutus
932 4701 970 4755 sit
996 4700 1054 4753 suis
1073 4698 1206 4770 obligare.
1247 4706 1271 4756 6.
1290 4698 1319 4755 Si
1340 4698 1524 4756 conscientiae
1546 4696 1654 4767 piorum
1672 4696 1829 4768 obligaren-

136 4789 222 4859 judex
241 4789 388 4859 legitimus,
409 4802 500 4842 coram
515 4804 570 4856 quo
582 4787 722 4842 conveniri
740 4786 841 4856 possitJ
858 4791 881 4840 3.
894 4788 969 4858 quod
996 4792 1042 4841 tur
1064 4784 1192 4841 civilibus
1211 4786 1462 4847 constitutionibus,
1479 4784 1692 4855 periclitaretur
1715 4783 1830 4838 libertas

138 4875 283 4929 refellatur
304 4873 372 4928 baec
398 4873 541 4927 distinctio
568 4889 618 4942 per
642 4872 660 4926 ι.
681 4879 721 4927 31.
743 4872 771 4926 ff.
791 4872 827 4926 de
847 4872 969 4943 legibus;
996 4871 1161 4929 Christiana.
1204 4879 1228 4928 7.
1247 4873 1326 4936 Quae
1345 4887 1435 4942 poena
1458 4871 1487 4924 in
1509 4869 1692 4942 promulgatis
1718 4868 1829 4942 legibus
1840 4873 1895 4918 xlv.
1909 4873 1953 4918 ιιι.

140 4966 162 5014 4.
184 4960 258 5031 quod
277 4977 309 5015 ex
327 4976 361 5015 ca
379 4965 526 5030 aequatur,
556 4958 709 5028 principem
734 4958 818 5012 etiam
837 4958 969 5013 naturali·
996 4975 1051 5013 nen
1071 4959 1249 5030 exprimitur,
1277 4959 1312 5013 ad
1332 4974 1394 5013 cam
1412 4958 1595 5030 transgressio
1615 4958 1686 5029 legis
1704 4974 1761 5012 non
1779 4955 1827 5011 ob·

139 5045 191 5100 bus
211 5054 239 5101 et
259 5047 381 5113 sentium
402 5046 510 5117 legibus
531 5061 590 5100 esse
617 5045 745 5099 solutum.
783 5045 840 5100 Sed
859 5045 895 5099 ad
914 5045 969 5116 pri-
995 5046 1073 5117 ligat.
1114 5047 1169 5103 Sed
1201 5047 1230 5101 in
1255 5046 1377 5101 civilium
1405 5046 1498 5117 legum
1523 5045 1745 5116 promulgatione
1771 5060 1829 5098 non

139 5150 213 5186 mum
233 5133 357 5197 dicimus,
377 5133 459 5187 facile
480 5131 603 5199 concedi,
621 5131 695 5201 quod
716 5130 885 5200 quibusdam
901 5131 968 5202 legi·
995 5133 1159 5205 exprimitur
1179 5149 1271 5204 poena
1290 5137 1417 5199 aeterna,
1438 5133 1487 5188 sed
1508 5132 1645 5187 duntaxat
1658 5129 1829 5202 temporalis,

139 5220 190 5274 bus
210 5220 337 5274 civilibus
354 5220 469 5290 penitus
484 5219 520 5273 sit
538 5218 644 5273 solutus
663 5217 805 5289 princeps,
824 5218 879 5273 illis
896 5218 968 5273 scili-
995 5236 1050 5274 non
1069 5220 1237 5291 spiritualis,
1264 5219 1314 5273 sad
1339 5219 1497 5289 corporalis.
1535 5219 1612 5292 Ergo
1639 5218 1722 5273 etiam
1739 5225 1829 5273 trans·

138 5313 182 5361 cet
207 5324 277 5377 quae
300 5313 408 5360 tautum
436 5310 606 5360 concemuut
628 5303 770 5372 subditos,
799 5304 908 5361 interim
934 5304 969 5359 de
995 5307 1100 5378 gressio
1118 5307 1211 5378 legum
1230 5305 1352 5361 civilium
1371 5322 1427 5359 non
1438 5305 1546 5375 obligat
1557 5305 1595 5359 ad
1610 5321 1728 5375 poenam
1739 5310 1829 5361 aeum-

138 5393 330 5448 communibus
359 5394 482 5465 legibus,
512 5409 628 5464 quarum
655 5390 725 5445 ratio
755 5392 894 5463 generalis
918 5399 969 5457 est,
994 5411 1076 5463 nam,
1100 5392 1218 5464 proinde
1235 5392 1318 5446 etiam
1337 5407 1393 5445 non
1411 5391 1520 5462 obliget
1539 5391 1744 5446 conscientiam.
1775 5390 1827 5446 nt-

138 5487 213 5537 recto
228 5481 355 5550 usurpari
374 5487 466 5551 potest
481 5479 621 5534 distinctio
637 5478 709 5532 inter
732 5478 791 5531 vim
815 5478 973 5541 ιοιιιιιιιιι,
993 5478 1107 5535 firmant
1124 5478 1246 5534 Thomas
1267 5484 1289 5533 1.
1310 5482 1334 5534 ι.
1354 5495 1381 5549 q.
1401 5482 1443 5533 95.
1460 5483 1512 5531 nrt
1530 5483 1553 5533 ι.
1566 5476 1722 5532 Tolosanus
1741 5476 1787 5535 lib.
1802 5483 1825 5534 ι.

139 5571 168 5623 et
186 5567 357 5623 directivanr.
391 5565 443 5620 Ad·
456 5568 608 5625 ιιιιιιιιιιιιι
633 5565 765 5630 dicimus,
794 5563 968 5638 distinguen·
997 5567 1033 5624 de
1049 5564 1160 5638 republ.
1174 5581 1198 5621 e
1218 5570 1243 5621 ι.
1258 5561 1422 5619 Dominicus
1439 5563 1536 5619 aSotc
1547 5562 1597 5619 lib.
1619 5569 1642 5623 1.
1660 5563 1697 5622 de
1710 5564 1781 5636 just.
1798 5569 1828 5620 et
