4020 6014
666 235 722 292 Did
737 233 991 294 mumdum
1005 235 1195 299 comico.
1719 245 1780 303 tes

80 388 274 456 praedicetur.
314 389 369 460 Ep.
395 395 455 446 att.
480 389 518 446 ed
543 388 627 461 epira
653 387 784 452 0000000
816 387 924 452 stedsi
949 395 1015 445 ante
1031 408 1089 446 ncu
1107 401 1309 464 mqnorerant,
1331 410 1393 448 sum
1416 406 1503 449 00000
1521 390 1617 460 repuli
1635 391 1783 459 indiarum

82 475 247 530 conceditur
261 475 431 532 Chridianis
449 476 533 532 stiam
549 476 600 530 sub
615 476 775 529 lineariter
792 481 922 542 tyranno,
944 476 1021 541 sore.
1056 477 1164 534 Auctor
1186 479 1317 541 orationis
1341 481 1380 534 sd
1398 497 1493 552 regem
1510 476 1782 545 christianissimum,

82 577 136 614 000
152 580 208 615 non
226 564 325 616 eadem
342 563 460 618 libertas
478 562 540 618 illis
554 562 740 632 pemittatsu·
752 561 804 615 sub
820 561 920 614 Elbin·
946 561 996 631 qui
1014 579 1045 618 se
1062 580 1226 621 maesscrem
1239 566 1406 637 parlamenti
1417 564 1581 620 Parisiensis
1599 568 1682 619 voest
1692 581 1720 634 p.
1732 566 1782 619 463

83 646 214 716 omibus
234 648 481 719 burqimaqistrisl
519 649 552 705 Iu
572 653 693 705 concert
713 647 780 706 ecci.
801 645 922 703 crtum
946 647 1056 702 Felices
1079 652 1273 706 cormersiones
1292 653 1365 706 retae
1389 669 1446 706 non
1468 653 1539 715 fiunt
1561 650 1700 722 equuleis,
1725 665 1783 703 non

82 731 189 805 englis
206 734 227 791 f.
247 740 306 791 246.
326 753 376 807 per
393 734 508 791 Wilhel.
526 735 649 790 Mmum
669 749 769 789 000000
787 747 855 786 suae
873 732 921 785 sd·
946 736 1104 801 terrueritis,
1122 754 1179 791 non
1195 738 1351 791 terroribus
1369 738 1482 802 mortr‘s,
1500 745 1532 791 ut
1548 737 1695 807 inquisitio
1711 735 1784 790 solet

82 826 213 874 vocatum
237 820 400 891 grevisdme
423 826 642 892 conqueratur,
671 819 746 890 quod
765 816 920 874 Catholicis
946 819 1108 891 Hispanira
1123 823 1190 891 (cui
1206 840 1266 876 una
1283 840 1345 877 cum
1360 823 1531 877 Castellonis
1549 823 1637 877 amnis
1653 821 1783 875 Jesuitac

82 906 234 973 reliqionis
253 907 371 961 libertas
382 909 413 962 in
424 907 534 976 Anqlia
551 915 678 976 neqalur.
696 905 717 962 f.
731 910 796 961 2473
813 903 922 961 Ariani
946 913 1090 975 acceptam
1107 907 1212 974 serunt
1233 908 1382 976 reliqiorsis
1405 907 1569 964 Catholicae
1595 906 1782 962 0000000000·

82 990 266 1062 s'mperatcris
293 993 424 1048 naturali
456 995 581 1062 00000000
610 991 780 1060 beniqnitate
810 989 922 1042 inducti
945 997 1039 1060 nem),
1058 995 1111 1046 sed
1128 993 1229 1060 plodio
1246 995 1340 1048 000000
1358 994 1483 1064 Spiritus
1500 1003 1669 1064 aeternoque
1686 993 1778 1047 rerba.

80 1077 208 1143 suerum,
228 1085 259 1132 ut
277 1079 410 1133 ecclesias
427 1077 536 1148 aliquot
554 1086 580 1132 et
598 1077 727 1131 aratoria
743 1075 775 1129 in
792 1081 920 1129 cosmae
946 1076 1046 1132 Petrus
1072 1077 1189 1134 Coretm
1213 1079 1322 1136 desuits
1349 1080 1379 1135 in
1404 1081 1510 1136 defens.
1534 1085 1632 1136 000000
1654 1079 1781 1137 Noeeum

81 1165 137 1218 riis
153 1164 276 1235 00000000
299 1165 437 1233 conliquis
456 1163 664 1219 Catholicorum
680 1162 775 1215 usibus
792 1161 919 1230 assiqua·
947 1179 971 1218 c.
988 1168 1019 1220 8:
1045 1162 1174 1219 Ohrsstus
1190 1166 1329 1236 apostolis
1340 1167 1438 1234 jussit,
1453 1174 1485 1219 ut
1504 1168 1635 1222 00000000
1652 1172 1678 1219 et
1693 1166 1782 1235 bapti-

81 1258 154 1306 rent.
194 1250 243 1304 Sic
264 1250 461 1305 Oomtanliuus
478 1250 605 1304 Asianus
629 1256 655 1303 et
679 1248 780 1302 Valens
798 1247 919 1316 impera·
946 1256 1055 1315 sarent,
1080 1267 1136 1304 non
1155 1251 1317 1320 mandari,
1341 1259 1372 1305 ut
1389 1269 1451 1316 000,
1476 1254 1526 1321 qui
1544 1252 1781 1316 audiendiam,

83 1343 159 1390 tores
181 1336 341 1395 Athanasio
370 1344 397 1390 et
424 1336 486 1406 ejus
517 1335 702 1390 sectatoribus
721 1333 922 1388 <almadricus
946 1335 1042 1388 statim
1061 1335 1263 1405 interficerent,
1286 1344 1335 1390 aut
1352 1340 1394 1391 ad
1409 1339 1580 1393 ardendum
1596 1337 1688 1391 0000400
1703 1344 1782 1406 pote-

82 1423 178 1477 tocuu
199 1441 256 1477 non
277 1424 438 1493 denepcait,
461 1421 655 1492 quamtulam
672 1419 796 1489 qratiam
813 1419 921 1472 utturm
946 1420 1029 1474 states
1047 1422 1214 1476 auotors'tate
1231 1423 1436 1491 compellerent.
1467 1422 1590 1479 Ibidem:
1607 1422 1715 1478 Melius
1733 1429 1783 1490 ert,

83 1527 104 1562 a
118 1510 252 1579 principe
269 1517 370 1580 ‚nostro
395 1510 545 1579 impetrare
566 1523 724 1577 possemus.
761 1505 782 1563 i.
802 1509 866 1560 3943
887 1503 923 1558 Si
947 1508 989 1560 ad
1006 1509 1117 1561 ·Dcum
1146 1508 1294 1563 colendum
1328 1509 1452 1563 homines
1480 1509 1550 1564 duci
1581 1508 1782 1574 informatione

82 1596 128 1649 rel
141 1604 255 1665 partem
272 1595 398 1664 aliquam
414 1595 478 1663 ejus
495 1592 634 1656 libertatis
657 1591 750 1646 000000
765 1589 921 1660 potuissent
947 1596 1324 1664 qreampoenaefomnidinc.
1354 1595 1493 1650 Badinum
1506 1594 1610 1651 ets-lec.
1622 1593 1782 1666 Augustum

83 1681 322 1750 adipiscimur»
340 1681 441 1735 habern
461 1679 602 1734 Catholici
617 1679 648 1731 in
668 1675 832 1744 0000000000,
850 1675 921 1729 Hel·
946 1678 1094 1734 Thusuum
1124 1681 1354 1737 moderatioribus
1383 1680 1537 1737 Poutifieiis
1566 1680 1784 1748 recensebimus,

81 1769 159 1822 retia
175 1768 296 1837 aliisque
313 1767 344 1820 iu
362 1767 441 1835 00000,
454 1766 508 1819 ubi
521 1771 648 1837 potestas
665 1781 773 1817 summa
785 1769 825 1816 est
834 1777 921 1831 penes
945 1782 1009 1820 cum
1021 1766 1058 1821 ab
1071 1766 1127 1820 iliis
1137 1767 1250 1837 publice
1260 1767 1326 1822 fidei
1343 1767 1516 1838 professione
1534 1783 1591 1822 nan
1609 1766 1783 1834 recesserint,

84 1855 287 1922 Protedautcs,
304 1861 354 1907 aut
371 1868 457 1922 queam
473 1852 575 1905 habent
590 1850 747 1919 Hisponotti
763 1849 794 1903 in
809 1847 920 1904 Gallia.
947 1852 1074 1923 quamvis
1084 1852 1114 1907 in
1124 1852 1339 1925 Hugonoterum
1358 1859 1451 1925 partes
1463 1852 1565 1909 elicubi
1574 1852 1663 1907 rideri
1674 1851 1783 1924 possint

84 1940 132 1999 fol.
151 1945 219 1997 3903
242 1940 427 1994 [1000000000οη
445 1945 500 2007 cst,
525 1945 556 1992 ut
573 1954 675 1992 manus
698 1936 830 2006 deisoeps
846 1933 921 1988 cohi·
945 1938 1147 2008 propensiores.
1193 1938 1241 1994 Sic
1268 1955 1334 1994 vero
1362 1938 1489 1994 Bodinus
1514 1938 1549 1993 de
1572 1937 1700 2004 uiolentia
1725 1937 1782 1992 illis

84 2028 169 2081 baaru
186 2046 205 2082 a
223 2024 378 2079 Catholicis
395 2025 528 2094 subjectis
546 2030 574 2078 et
592 2022 735 2087 fratribus
753 2022 813 2075 0000
825 2035 921 2090 perse·
945 2024 1182 2093 persecutionibus
1207 2030 1237 2079 et
1259 2024 1403 2096 suppliciis
1431 2024 1573 2096 religionis
1594 2039 1678 2078 ceusu
1695 2023 1781 2078 illatis

84 2113 214 2184 quendis,
230 2121 262 2166 ut
289 2113 331 2166 eis
345 2111 514 2181 permittant
533 2110 623 2164 libera
642 2107 812 2164 conscientia
829 2106 921 2161 sacris
946 2109 1044 2164 scribit
1065 2109 1114 2166 lib.
1139 2117 1163 2166 t.
1186 2110 1223 2165 de
1247 2110 1356 2180 republ.
1376 2127 1398 2166 a
1418 2117 1448 2166 73
1474 2111 1509 2165 Si
1521 2111 1655 2180 princeps
1674 2110 1782 2188 aliquis

84 2202 128 2255 uti
137 2200 220 2269 frui,
240 2216 294 2269 quo
313 2199 355 2252 sic
373 2198 500 2266 rapinam
517 2197 634 2267 ejusque
660 2194 840 2249 000000000οἰ00
855 2209 921 2264 pre-
946 2196 1117 2251 eerlissimas
1149 2199 1185 2251 de
1212 2198 1272 2266 leqe
1299 2197 1398 2251 derina
1426 2200 1515 2267 deque
1541 2213 1609 2251 rera
1634 2197 1783 2266 relipione,

84 2287 162 2340 csbrss
176 2287 236 2338 suis
255 2287 320 2339 Deo
339 2285 532 2339 eorumdem
542 2290 676 2351 tanqrsam
683 2288 831 2352 patruum,
851 2296 921 2348 quos
946 2297 1018 2351 qssas
1029 2283 1225 2353 praepotentis
1246 2283 1306 2336 Dei
1327 2299 1393 2337 roes
1408 2283 1592 2356 promulqata
1608 2283 1660 2351 sit,
1685 2299 1782 2336 assen-

83 2390 158 2425 nunc
177 2379 395 2426 commemorant
414 2371 545 2425 solumut
558 2375 763 2438 perecutores.
796 2365 921 2438 sicergo
946 2368 1040 2422 siones
1058 2370 1153 2425 animo
1171 2368 1385 2438 eonrprdensas
1403 2369 1504 2423 habeat
1522 2369 1701 2437 redditosque
1718 2368 1781 2437 opi-

84 2457 121 2512 00
141 2456 197 2512 illis
214 2460 324 2527 petunt,
343 2455 418 2528 quod
429 2454 483 2526 ipsi
500 2452 530 2508 in
550 2453 632 2508 simili
653 2469 720 2508 casu
730 2451 826 2524 largiri
843 2467 921 2506 reeu-
946 2454 1061 2508 nionum
1078 2455 1214 2509 raridate
1235 2462 1263 2509 et
1277 2453 1457 2509 multitudine
1477 2456 1631 2510 distractos
1651 2455 1682 2509 in
1699 2471 1781 2508 suam

84 2547 149 2598 aaut
167 2548 196 2596 et
214 2560 292 2597 susm
309 2541 433 2612 ipsorum
445 2539 639 2596 crudelitatem
658 2539 687 2594 in
700 2538 763 2594 aliis
781 2539 921 2593 damnant
946 2540 1012 2594 uelit
1029 2541 1199 2610 pertrahere
1222 2542 1400 2609 sententiam,
1428 2541 1484 2595 cim
1509 2556 1637 2594 amouere
1663 2546 1781 2609 oportet

83 2629 148 2686 lou.
161 2629 265 2685 Paulus
276 2627 463 2685 Wmdeckius
475 2627 505 2682 in
525 2633 669 2699 progucst
682 2626 732 2681 fol.
748 2631 805 2682 1⁵7.
820 2624 856 2679 de
867 2623 921 2679 ier·
946 2627 1024 2681 Nam
1049 2645 1104 2696 quo
1134 2627 1249 2698 maiora
1274 2626 1417 2696 supplicia
1446 2626 1601 2697 irroqabis,
1630 2644 1664 2681 eo
1690 2627 1782 2681 minus

83 2732 150 2771 vore
176 2733 227 2770 suc
258 2714 404 2787 paululum
431 2714 576 2768 remittens
601 2712 712 2767 scribit:
742 2710 921 2783 imposturae
944 2714 1084 2782 proficies,
1102 2731 1165 2767 cum
1177 2730 1211 2767 ea
1226 2714 1265 2766 eit
1281 2713 1438 2768 homiuibus
1455 2713 1543 2767 imita
1558 2714 1601 2767 ris
1618 2730 1654 2768 ac
1667 2721 1781 2780 natura,

84 2804 289 2857 haeretieorum
311 2802 365 2856 toti
390 2807 532 2854 terrarum
549 2799 612 2852 orbi
630 2798 867 2868 patefaciendae,
890 2803 921 2850 ut
945 2806 976 2853 ut
993 2800 1035 2852 ad
1050 2799 1164 2868 aliquid
1183 2800 1390 2854 assentiendum
1412 2805 1512 2868 sponte
1530 2799 1599 2853 duci
1614 2799 1696 2866 uelit,
1718 2799 1782 2866 copi

85 2889 201 2943 detectis
232 2887 374 2941 0000000000
399 2893 426 2939 st
451 2887 551 2954 aquito
576 2885 693 2938 ueritate
719 2883 842 2938 hominm
861 2899 920 2951 pro
945 2884 1024 2939 nolit.
1055 2883 1166 2939 Ibidem
1184 2883 1299 2939 adducit
1315 2899 1480 2954 responsum
1491 2882 1658 2939 Theudorici
1675 2882 1781 2939 Gathe-

83 2976 175 3029 nshs'lo
193 2976 299 3028 ducant
316 2981 342 3026 et
355 2973 444 3042 plane
458 2977 643 3038 contemnant,
661 2970 802 3039 quidquid
813 2968 920 3022 abillis
945 2986 1007 3030 rum
1025 2969 1109 3041 regis,
1129 2968 1177 3040 qui
1196 2969 1310 3039 dkemt,
1329 2985 1360 3023 se
1376 2968 1542 3037 reliqionem
1562 2970 1704 3039 imperare
1725 2986 1782 3024 non
1863 3027 1867 3034 ,

79 3063 242 3132 profectum
247 3059 350 3126 fuerit.
380 3058 484 3112 Postea
496 3056 590 3112 addit:
604 3057 684 3109 Haec
696 3056 773 3110 ratio
786 3062 827 3108 est
839 3054 920 3120 lonqe
940 3071 1041 3123 posse,
1066 3072 1129 3109 erun
1149 3072 1228 3110 uerna
1254 3061 1386 3125 coqahsr,
1410 3062 1441 3108 ut
1458 3057 1558 3109 eredat
1575 3056 1687 3122 irritus,
1703 3055 1781 3125 apud

85 3148 208 3201 omnium
225 3147 374 3215 aptissima
387 3145 429 3197 ad
439 3144 619 3197 minuendam
632 3141 746 3196 ellonem
756 3141 919 3210 potentiam,
946 3141 1141 3197 cassiodorum
1159 3140 1222 3196 libr.
1241 3147 1266 3199 2.
1284 3140 1476 3212 sarisaeque.
1490 3147 1531 3198 27.
1544 3146 1574 3197 et
1589 3140 1682 3198 addit:
1700 3142 1781 3194 Haec

84 3235 190 3288 riribsss
216 3239 241 3285 et
264 3232 353 3285 armis
369 3248 425 3284 non
442 3244 552 3298 semper
567 3228 731 3300 proficitur,
748 3234 774 3280 et
793 3243 919 3280 nonntsn·
945 3229 1021 3283 ratio
1037 3230 1159 3292 00000000
1176 3228 1376 3297 q'ficacissima
1395 3227 1466 3281 mihi
1482 3228 1545 3281 risa
1564 3234 1605 3281 est
1622 3225 1782 3296 adsuppli-

84 3336 169 3389 quom
190 3320 237 3384 tit,
263 3324 294 3371 ut
318 3315 481 3369 0000000000
504 3312 699 3382 belliqerando
718 3313 809 3381 maqts
835 3312 920 3366 etiam
946 3316 1000 3379 cia,
1017 3330 1091 3384 quae
1107 3314 1256 3383 reliqionis
1268 3314 1548 3386 specieirroqantur,
1567 3313 1782 3378 tenendarum

85 3407 299 3474 confirmentur,
330 3402 409 3471 quod
433 3401 465 3454 in
490 3399 593 3468 leqio
623 3399 753 3453 00000000
784 3398 919 3452 ridemus.
947 3409 1096 3470 eapropter
1108 3417 1155 3454 000
1167 3401 1216 3455 sile
1226 3399 1374 3468 reliqioris
1392 3417 1480 3454 emesa
1494 3400 1621 3454 cruciari
1633 3406 1783 3469 paterenu-

85 3490 194 3545 Auctor
215 3487 378 3560 eppeudicis
396 3486 434 3541 ad
458 3485 580 3541 edietum
599 3484 706 3556 regium
724 3482 835 3540 Gallico
851 3482 920 3538 idio·
946 3488 1090 3554 nemiuem,
1106 3503 1141 3542 ne
1159 3486 1205 3541 rel
1215 3486 1368 3556 impietatis
1385 3486 1479 3556 specie
1498 3487 1595 3540 alima
1608 3487 1690 3553 baua,
1707 3500 1780 3555 quae

86 3581 296 3639 msteexcusee,
310 3568 921 3645 quissPurisiensemsenutoremetquidem
947 3573 1031 3628 hodie
1055 3572 1152 3627 statim
1175 3572 1206 3626 in
1229 3572 1346 3627 00000000
1368 3572 1516 3627 0000000οο
1541 3573 1730 3640 confiscantur
1755 3577 1783 3625 et

86 3661 261 3718 catholicum
270 3664 364 3714 vocat:
376 3659 498 3728 Eaperti
507 3674 603 3712 sumus
612 3674 713 3726 mapno
725 3664 822 3711 nostro
834 3657 920 3726 malo,
946 3658 1079 3727 leqr'timis
1095 3658 1245 3713 heredibus
1262 3660 1449 3722 auferuntur,
1469 3657 1604 3726 diripere,
1619 3658 1663 3712 rel
1676 3657 1782 3711 liberas

86 3766 171 3819 quam
189 3746 330 3815 ejusmodi
346 3746 423 3798 acris
441 3745 581 3797 medicina
597 3743 666 3813 plus
684 3744 818 3813 00000000,
836 3759 920 3812 quam
946 3745 1087 3800 hominum
1103 3745 1271 3810 uoluntates,
1295 3761 1369 3814 quae
1387 3743 1476 3798 nullis
1493 3743 1620 3814 imperiis
1638 3743 1702 3814 coqi
1714 3761 1781 3813 pos·

79 3833 234 3904 profuerit.
266 3831 354 3886 hidre
368 3830 573 3899 proruperis
590 3828 695 3896 anima,
713 3844 786 3899 quae
804 3828 922 3899 spiritus
946 3840 1021 3901 suut,-
1036 3830 1226 3900 constrinqcre
1243 3831 1315 3886 uelle
1325 3831 1477 3885 rideretur.
1506 3829 1641 3885 Theanus
1660 3829 1689 3884 in
1703 3846 1781 3900 pree·

85 3928 126 3975 est
151 3928 177 3974 et
194 3919 258 3986 coqi
273 3935 330 3973 non
343 3924 446 3986 potest,
463 3914 603 3984 0000000000,
622 3915 672 3984 qui
688 3931 752 3970 eam
768 3915 806 3968 ab
824 3929 920 3969 errore
946 3918 995 3975 fat
1013 3917 1104 3988 operis
1124 3916 1261 3974 historici:
1280 3917 1469 3986 Euporiertia
1486 3917 1553 3970 satis
1566 3917 1660 3972 edocti
1676 3934 1780 3982 000000,

84 4008 144 4061 rull
161 4006 299 4073 liberare,
317 4004 399 4058 illum
417 4009 540 4075 oportet,
562 4009 593 4056 ut
610 4001 777 4070 spiritualia
793 4001 920 4055 rensedia
944 4003 1783 4075 ferrumflammas,eceilia,prosrriptionesim·itaseepotius

84 4092 228 4148 adhibeat.
259 4090 366 4152 Quodsi
382 4091 446 4159 quis
456 4088 525 4144 aliis
540 4087 585 4141 uti
600 4088 677 4158 rells't,
695 4094 795 4141 contra
812 4086 920 4141 cocitum
946 4108 1030 4161 quam
1049 4107 1166 4144 0000000
1189 4091 1316 4145 morbum
1331 4087 1418 4145 menti
1435 4089 1626 4143 inhaerentem
1645 4088 1784 4156 (haeresin

85 4186 111 4233 et
128 4187 235 4233 terram
246 4183 366 4245 puqnat.
402 4176 484 4244 Eupo
502 4189 613 4228 0000000
632 4180 681 4237 eet,
693 4180 728 4226 ut
744 4173 921 4241 Huqonotae,
946 4176 1100 4247 intelligit),
1118 4177 1160 4229 ad
1173 4192 1253 4246 queem
1261 4176 1388 4247 proinde
1402 4177 1559 4230 curandum
1575 4193 1633 4229 ron
1644 4175 1691 4242 iis,
1710 4190 1782 4244 quae

85 4265 137 4334 qui
153 4282 173 4317 a
189 4263 270 4317 nolis
286 4261 468 4316 sermionem
482 4260 628 4327 fecermt,
646 4259 795 4314 0000000000
808 4261 921 4328 patien·
947 4265 977 4317 in
995 4280 1100 4332 eorpus
1119 4269 1228 4316 tantum
1242 4269 1401 4332 penetrant,
1421 4263 1474 4315 sed
1489 4262 1621 4315 doctrim
1638 4268 1664 4315 et
1681 4261 1784 4314 sedula

85 4358 138 4417 ter,
156 4350 222 4418 quia
231 4350 309 4415 fides
322 4355 432 4401 nonest
445 4363 516 4416 optes
527 4345 656 4410 hominu,
674 4346 727 4399 ssd
737 4346 798 4400 Dei
809 4348 921 4414 (000000,
947 4350 1129 4413 institutione,
1141 4363 1213 4417 quae
1225 4347 1257 4400 in
1272 4348 1395 4402 animum
1408 4347 1504 4401 0000000·
1516 4347 1657 4401 instillata
1669 4346 1783 4400 descen·

86 4437 136 4506 qui
168 4436 263 4490 omnia
290 4451 345 4488 sua
367 4432 550 4502 procidentia
576 4432 713 4500 qsebmnat
743 4440 770 4487 ct
793 4435 922 4488 00000000
947 4437 1000 4503 dit,
1020 4452 1091 4505 opus
1109 4450 1177 4489 esse.
1209 4433 1282 4487 Alia
1299 4433 1404 4502 quippe
1421 4431 1516 4487 omnia
1530 4450 1587 4501 pro
1604 4431 1725 4486 arbitrio
1741 4431 1784 4485 00-

37 4530 73 4574 na
87 4538 146 4576 esse
164 4527 290 4590 oportere
306 4518 485 4589 praemiat,
504 4525 530 4572 et
549 4518 673 4588 asupio
691 4527 852 4574 scamarum
867 4538 921 4589 pa
947 4523 1013 4576 ritis
1033 4521 1217 4590 eloqueretur
1241 4526 1326 4588 utque
1354 4519 1428 4573 adeo
1447 4518 1591 4590 prindpis
1608 4519 1783 4584 sanciuntur,

87 4617 161 4662 trum
175 4606 337 4671 didicimus,
348 4605 496 4674 reliqt'cnie
508 4622 564 4660 non
573 4604 921 4675 essereliqionsmeoqere.
947 4607 1011 4661 sola
1028 4607 1131 4674 reliqio
1153 4624 1210 4660 nors
1226 4605 1400 4675 imperatur,
1425 4606 1477 4658 sed
1494 4620 1527 4657 00
1540 4613 1695 4674 praecepta
1712 4606 1783 4660 0000·

86 4694 124 4748 Et
140 4699 249 4764 postes:
272 4693 408 4761 Plerique
429 4709 487 4746 non
511 4697 650 4760 quaeruut
668 4707 776 4755 eorum,
801 4707 871 4759 quos
891 4692 922 4745 in
948 4692 1014 4746 totis
1031 4691 1171 4762 opimiore,
1190 4692 1337 4745 accedente
1350 4690 1442 4744 diuini
1452 4690 1584 4744 Numinis
1594 4691 1699 4760 qratia,
1716 4693 1784 4746 bene

85 4780 198 4849 nsqotio
220 4777 369 4846 retiqionis
388 4785 608 4847 persequuntur,
631 4777 750 4831 salutem
771 4783 922 4843 00000000,
945 4779 1131 4850 praeparatis
1148 4777 1283 4831 mentibus
1300 4777 1480 4844 tumudtrur,
1497 4777 1540 4830 ad
1558 4792 1621 4830 eam
1642 4777 1784 4831 cruciatus

85 4867 138 4920 sed
155 4883 209 4920 sua
223 4866 320 4934 potius
337 4866 483 4919 commoda
500 4871 652 4928 secantur,
669 4880 725 4917 nen
737 4864 837 4932 polum
852 4863 922 4933 illis,
947 4864 1019 4919 nihil
1034 4865 1143 4928 000000,
1162 4864 1230 4933 quin
1253 4862 1400 4934 obfirmant
1419 4862 1517 4932 potius
1539 4863 1673 4928 citimum,
1698 4881 1784 4934 quam
1830 4881 1843 4916 ¹.

85 4950 245 5007 seductum
269 4952 325 5005 sibi
339 4967 450 5021 parare
467 4950 600 5007 ambiunt.
638 4950 709 5006 Sola
727 4949 861 5004 diuinitas
878 4950 924 5004 in«
945 4953 1085 5020 franqrust
1096 4958 1146 5004 aut
1161 4951 1343 5019 perredderet.
1372 4947 1411 5002 lit
1426 4952 1539 5019 postea:
1561 4949 1639 5008 cers
1652 4951 1681 5004 si
1689 4968 1784 5004 remum

86 5038 193 5093 teriora
206 5039 303 5093 cordis
314 5039 463 5106 coqnoscit,
474 5044 681 5108 perscrutatur,
697 5037 826 5106 iudicat,
843 5037 922 5092 solus
948 5054 1085 5103 amamus,
1101 5036 1132 5089 iss
1149 5052 1249 5089 sacrae
1262 5035 1441 5104 antiquitatis
1457 5035 1572 5090 uetustis
1583 5036 1710 5091 omnibus
1727 5054 1784 5091 sno·

85 5141 145 5189 rec,
164 5143 221 5179 non
243 5132 336 5178 autem
352 5124 476 5178 ministri
490 5124 566 5193 ejus,
585 5123 635 5192 qui
651 5124 781 5178 conuiuas
798 5126 840 5178 ad
856 5139 922 5192 epu·
948 5122 1085 5177 numemie
1109 5121 1219 5176 mullum
1249 5120 1385 5192 supplicii
1409 5122 1446 5175 de
1476 5122 1607 5176 sectariis
1634 5122 1720 5177 sumti
1747 5140 1784 5177 ac

86 5213 145 5267 lusu
164 5212 274 5279 rupium
290 5218 458 5266 rorarerant
482 5217 508 5264 et
528 5209 729 5273 inritarcrant,
753 5209 849 5278 illum,
873 5210 924 5279 qui
943 5210 1062 5279 probati
1094 5207 1248 5277 erensplrsm
1271 5213 1381 5260 0000000
1408 5209 1553 5271 fateamur
1581 5225 1694 5263 neccsse
1734 5216 1784 5278 cst,

85 5297 212 5367 nuptiali
231 5305 305 5354 reste
330 5297 447 5351 indues
470 5312 527 5350 non
544 5303 621 5360 crat,
643 5296 728 5360 foras
746 5295 814 5365 eiiei
823 5296 922 5365 jussit,
948 5296 1147 5366 materiamque
1170 5293 1297 5364 priscam
1324 5310 1343 5347 0
1369 5310 1470 5348 cruore
1493 5297 1645 5361 hendendo
1673 5312 1784 5365 semper

86 5385 137 5453 qui
161 5386 202 5440 ast
222 5385 300 5452 reqis
324 5383 489 5438 mandatum
506 5380 689 5436 0000000000οί
703 5398 762 5435 non
776 5382 922 5450 potuisset,
948 5382 1143 5447 abhorruisse,
1169 5383 1248 5450 quod
1266 5380 1294 5434 00
1321 5384 1435 5450 qundo
1453 5382 1572 5447 accidit,
1599 5383 1634 5435 id
1655 5382 1704 5452 pii
1720 5399 1784 5437 rere

85 5472 113 5524 si
131 5479 195 5527 ante
214 5489 233 5526 a
253 5471 391 5527 0000000000
402 5469 555 5538 judicatus
572 5475 599 5523 et
616 5468 853 5535 0000000010οὺκῄ
870 5469 923 5538 qui
949 5470 1077 5540 episcopi
1094 5468 1224 5523 detestati
1241 5475 1321 5534 sucu,
1336 5475 1367 5523 ut
1384 5469 1415 5524 in
1431 5467 1620 5523 Priscilliano
1637 5468 1783 5539 apparuit,
