4020 6014
127 172 167 233 tt
703 163 827 226 LOCUS
845 162 1051 226 metamus
1068 163 1233 226 TERTIUS

125 320 271 376 nutritium
290 321 333 376 vel
354 320 384 376 in
403 321 521 378 solidum
539 322 582 378 vel
602 322 701 378 saltem
718 338 751 378 ex
769 327 850 394 parts
866 322 960 379 divino
987 321 1092 376 habent
1116 321 1152 376 ad
1170 322 1406 392 praesentandum
1425 321 1479 378 sibi
1496 321 1693 394 praestitutum
1711 327 1829 394 tempus

123 410 187 479 jnre
209 408 379 478 pertineant)
405 409 599 481 praetermisso
617 408 737 479 interim,
755 410 830 481 quod
849 411 960 481 proprie
987 415 1105 480 quatuor
1123 410 1265 473 mensinm,
1282 427 1306 465 c.
1344 409 1374 466 si
1399 409 1495 466 laicus
1521 408 1549 482 ξ.
1575 426 1685 480 verum,
1704 409 1828 481 dejure

124 510 159 549 ac
181 493 331 565 praecipue
355 493 392 548 ad
417 495 465 565 jus
493 494 651 566 episcopale
682 495 817 566 pertinet,
848 497 960 569 publice
986 501 1149 565 patronatus
1168 496 1197 550 in
1215 503 1238 551 6,
1257 514 1312 568 quo
1332 504 1455 567 ternpore
1473 497 1660 567 praeterlapso
1673 497 1827 568 episeopus

124 580 154 635 in
183 580 301 636 ecclesia
333 580 450 635 docendi
482 587 510 636 et
541 588 715 636 sacramenta
746 582 959 639 administrandi
985 581 1064 636 nulls
1092 582 1212 637 admissa
1242 582 1466 652 praesentatione
1495 599 1548 652 pro
1575 582 1665 637 lubitu
1692 583 1826 638 idoneam

125 683 247 723 munere.
985 667 1105 738 aliquam
1135 685 1281 738 personam
1312 669 1456 724 instituere
1494 669 1665 741 eandemque
1706 669 1825 740 praevio

163 777 219 827 11³.
254 772 311 826 Jm
326 779 498 841 pamm,
524 770 622 827 definit
640 771 738 827 Mam,
757 770 890 842 Stephani
910 771 958 825 fib,
985 755 1109 809 examine
1130 755 1259 810 ordinare
1275 772 1330 809 non
1355 755 1531 825 prohibetur,
1556 773 1579 809 c.
1599 755 1721 823 sivero,
1752 763 1824 810 extr.
1839 759 1930 802 ¹112!

125 864 150 916 3.
167 858 202 914 de
219 857 357 927 jurisdict
376 877 405 929 p.
427 858 957 928 l.c.l'1.quodsit7'ashonorifi0nm‚
985 840 1045 895 eod.
1097 839 1126 896 si
1149 858 1214 896 vero
1238 841 1423 896 ecclesiastica
1449 858 1568 911 persona
1590 842 1637 911 jus
1656 847 1824 912 patronatus

124 946 193 1000 utile
216 955 242 999 et
266 963 412 1000 onerosum
431 953 586 1015 competens
605 946 695 999 alicui
721 946 750 998 in
771 945 888 999 eeclmia
902 963 959 1015 pro
984 925 1084 992 hahet,
1120 927 1193 982 inm
1229 946 1276 983 ⁸0¹
1312 945 1418 983 meum
1455 928 1705 998 Pffflessmifflleffl
1741 928 1823 983 ¹⁴⁸⁰st

124 1048 166 1096 so,
183 1034 260 1102 quod
278 1032 440 1087 dioecesani
456 1049 590 1085 consensu
603 1032 802 1086 ecclesiumvel
817 1033 960 1101 fundauit,
984 1013 1008 1067 Ρ
1011 1056 1017 1067 -
1035 1013 1166 1068 pridem
1195 1014 1243 1072 fib·
1269 1021 1292 1070 3·
1318 1015 1353 1069 de
1379 1015 1481 1070 wlffin-
1507 1032 1581 1069 ⁰⁸⁰⁸·
1604 1032 1628 1071 θ·
1656 1020 1695 1070 ¹9·
1719 1032 1747 1071 ¹1·
1780 1021 1823 1071 Π·

122 1119 167 1174 „01
183 1119 344 1183 memma,
361 1119 404 1172 vel
425 1120 541 1188 domme,
558 1118 624 1173 hine
643 1118 809 1174 peniculus,
984 1100 1044 1156 Nee
1062 1099 1186 1165 interest,
1205 1118 1241 1155 an
1253 1102 1347 1172 plures
1361 1101 1470 1171 patroni
1487 1102 1551 1165 siut,
1569 1101 1627 1156 sive
1641 1119 1721 1164 unus,
1741 1101 1823 1155 durn-

985 1185 1066 1239 modo
1078 1187 1102 1240 si
1115 1187 1209 1257 plures
1229 1187 1293 1256 sint,
1312 1188 1340 1241 in
1356 1187 1559 1258 praesentando
1576 1203 1670 1241 omnes
1688 1188 1731 1242 vel
1745 1195 1823 1242 certe

192 1240 348 1293 Pa'w'mm
365 1239 480 1303 fadum
500 1241 560 1307 ‘¹⁰⁸’
579 1239 749 1306 “mmmm
764 1239 889 1304 summ·
985 1274 1073 1343 major
1091 1289 1185 1327 eorum
1204 1290 1268 1345 pars
1287 1274 1316 1327 in
1334 1273 1453 1328 eundern
1467 1273 1639 1336 conveniant,
1658 1290 1691 1327 aa
1703 1279 1823 1344 possunt

123 1359 208 1432 Origo
233 1360 305 1430 juris
333 1364 496 1430 patronatus
515 1375 549 1413 ea
575 1365 625 1413 est.
664 1358 697 1412 ln
714 1358 854 1428 primitiva
872 1359 959 1414 eccle·
986 1360 1095 1429 patroni
1113 1359 1185 1414 inter
1203 1377 1232 1414 se
1258 1359 1376 1430 pacisci,
1404 1365 1436 1412 ut
1458 1359 1569 1414 alternis
1589 1358 1697 1413 vicibus
1715 1358 1820 1429 singuli

124 1446 167 1502 sia
184 1446 223 1517 pii
239 1464 272 1501 ex
290 1445 397 1501 sincero
411 1445 534 1499 divinum
551 1444 656 1499 cultum
671 1445 852 1515 promovendi
866 1445 959 1499 studio
986 1452 1175 1516 praesentent,
1201 1462 1224 1499 c.
1245 1452 1267 1500 2.
1296 1446 1331 1499 de
1352 1447 1416 1516 jure
1439 1453 1546 1516 patron.
1573 1445 1601 1498 iii
1628 1453 1652 1500 6.
1690 1446 1753 1498 Hoc
1766 1445 1822 1512 jus

122 1532 179 1588 suis
206 1531 337 1602 impensis
367 1531 502 1594 oratoria,
530 1531 635 1601 templa
663 1538 690 1586 et
715 1531 771 1586 alia
794 1532 856 1585 loca
880 1548 960 1585 sacra
984 1539 1153 1601 potronatus
1179 1531 1207 1585 iii
1239 1531 1440 1586 Constitutione
1466 1531 1653 1603 ecclesiastiea
1678 1530 1820 1586 electorali

125 1618 304 1673 exstruebant
336 1634 370 1672 ac
401 1616 548 1671 facultates
575 1633 639 1671 suas
668 1615 704 1671 ad
732 1617 959 1672 sustentationem
986 1617 1156 1687 approbatur
1179 1624 1207 1672 et
1231 1617 1298 1681 illis,
1336 1617 1437 1688 quibus
1463 1617 1526 1688 lege
1550 1616 1593 1671 vel
1620 1616 1821 1672 cousuetudine

122 1705 310 1759 ministrorum
342 1703 417 1757 illius
448 1703 580 1758 ecclesias
612 1702 728 1774 largiter
762 1703 959 1766 conferebant3
985 1702 1028 1758 vel
1048 1703 1110 1757 aliis
1130 1703 1253 1758 honestis
1271 1703 1359 1758 titulis
1378 1704 1517 1773 competit,
1535 1702 1722 1757 confirmatur.

53 1776 56 1781 ⁴
121 1789 184 1845 illos
208 1790 369 1845 fundatores
397 1796 425 1843 et
455 1790 618 1854 donatores,
650 1790 698 1860 qui
725 1791 883 1859 patrimonii
915 1792 958 1845 sui

122 1875 252 1932 heredem
270 1875 476 1930 constituebant
487 1876 641 1944 ecclesiam,
661 1883 797 1930 vocarunt
810 1886 955 1946 patronos,
1020 1881 1075 1930 ill.
1112 1875 1153 1929 Ex
1172 1875 1239 1942 illis,
1263 1892 1334 1946 quae
1360 1875 1395 1928 ds
1417 1876 1481 1945 jure
1509 1875 1659 1945 episcopali
1679 1882 1708 1929 et
1725 1883 1818 1945 patro·

121 1961 302 2017 similitudine
326 1960 520 2032 appellationis
545 1979 577 2017 ex
602 1963 725 2032 patronis
750 1962 866 2017 Romani
883 1964 956 2033 juris
980 1969 1063 2016 natus
1088 1962 1212 2018 interae
1236 1962 1385 2032 plurimum
1404 1961 1540 2015 distinctis
1560 1961 1692 2025 diximus,
1710 1962 1819 2034 colligi·

122 2048 250 2104 deducta.
294 2046 335 2103 Ut
357 2046 430 2101 enim
453 2065 527 2103 more
554 2047 583 2101 in
610 2048 724 2118 imperio
744 2048 870 2102 Romano
889 2057 955 2104 tuuc
981 2065 1042 2101 mus
1066 2048 1133 2102 haec
1152 2048 1336 2103 consectaria:
1364 2056 1385 2104 1.
1404 2065 1455 2102 nee
1473 2048 1688 2114 institutionem,
1706 2066 1758 2103 nec
1775 2067 1818 2102 re-

121 2134 252 2204 temporis
277 2132 369 2188 adh'uc
403 2134 505 2188 usitato
533 2134 624 2189 liberti
652 2135 810 2189 manumissi
838 2135 955 2190 dominis
980 2134 1126 2189 motionem
1157 2135 1214 2188 sive
1240 2134 1439 2204 depositionem
1463 2135 1651 2189 ministrorum
1680 2136 1815 2191 ecclesiae

122 2220 178 2274 auis
195 2220 266 2292 grati
287 2221 370 2275 animi
383 2235 449 2291 ergo
466 2221 645 2276 reverentiam
660 2227 797 2291 etoperas
816 2239 850 2275 ex
869 2223 953 2292 stipu-
981 2227 1136 2290 competere
1160 2220 1211 2287 iis,
1234 2221 1282 2291 qui
1301 2222 1365 2290 jure
1390 2226 1551 2290 patronatus
1581 2220 1725 2286 fruuntur,
1750 2240 1814 2276 cum

120 2306 221 2362 latione
247 2314 275 2361 et
301 2306 483 2376 jurejurando
515 2307 695 2376 praestabant
724 2308 818 2378 eisque
848 2308 954 2378 obliga·
981 2307 1117 2376 pertineat
1134 2308 1170 2362 ad
1185 2308 1234 2378 jus
1247 2307 1411 2378 episcopale,
1430 2325 1486 2379 qua
1502 2307 1578 2363 dere
1591 2315 1698 2363 exstant
1716 2309 1813 2364 diserti

120 2392 222 2447 hantur
250 2400 282 2447 ut
309 2392 448 2462 patronis;
476 2393 515 2447 ita
538 2376 649 2464 quoque
674 2393 748 2461 illos,
777 2394 824 2465 qui
851 2396 955 2466 templa
980 2410 1097 2448 canones
1116 2412 1138 2448 c.
1165 2400 1323 2464 praeterea,
1354 2395 1470 2465 equod
1491 2401 1599 2457 autem,
1627 2411 1650 2449 c.
1678 2396 1815 2466 querimo-

121 2477 178 2532 suis
210 2477 345 2531 sumtibus
377 2477 556 2532 exstruebant
593 2485 621 2533 et
650 2479 782 2533 ministris
815 2497 953 2535 sacrorum
980 2480 1053 2534 iiiam
1082 2498 1146 2535 cum
1176 2481 1252 2544 laici,
1291 2499 1314 2538 c.
1342 2481 1494 2549 consuluit,
1525 2498 1550 2535 c.
1580 2487 1744 2553 suggestum
1779 2483 1814 2538 de

120 2562 347 2618 sustentationem
368 2563 559 2635 assignabant,
576 2571 707 2635 patronos
729 2564 783 2620 dici
800 2567 954 2621 voluerunt.
976 2567 1041 2636 jure
1059 2572 1166 2636 patron.
1204 2566 1250 2620 Ad
1269 2583 1332 2621 euin
1351 2567 1445 2637 igitur,
1463 2566 1510 2637 qui
1530 2566 1687 2637 episcopale
1701 2569 1749 2636 jus
1769 2586 1813 2624 ex·

120 2649 245 2705 Effectus
263 2649 346 2719 hujus
359 2651 431 2720 juris
450 2656 505 2715 est,
532 2652 603 2721 quod
629 2657 760 2721 patronus
778 2651 862 2707 habet
879 2659 954 2723 pote·
980 2656 1072 2719 ercet,
1101 2651 1216 2706 crimina
1239 2652 1425 2706 ministrorum
1458 2653 1609 2708 deferenda
1639 2659 1667 2708 et
1689 2653 1814 2724 legitimo

107 2735 412 2814 *etamxnominonrli
438 2736 495 2791 sive
517 2739 724 2807 praesentandi
746 2738 953 2794 instituendum.
980 2755 1080 2793 causas
1107 2739 1233 2793 examine
1258 2739 1409 2809 praemisso
1434 2739 1469 2794 de
1496 2739 1649 2816 remotione
1666 2740 1814 2811 dispicien-

123 2801 454 2898 DWWQ
469 2824 527 2877 'ure
544 2828 708 2894 patronatus
730 2825 813 2890 civili,
832 2825 907 2896 quod
925 2826 953 2880 iii
981 2824 1063 2890 dum,
1095 2842 1174 2879 secus
1203 2841 1285 2896 quani
1311 2825 1392 2880 hodie
1417 2825 1449 2879 fit
1473 2826 1500 2880 in
1526 2826 1593 2880 loeis
1616 2826 1813 2897 compluribus,

123 2903 215 2942 '⁶¹7⁰‘
233 2904 251 2941 ⁸
274 2900 303 2937 ’θ
329 2900 496 2942 mmmm
518 2905 655 2964 “‘fflaent
681 2907 953 2983 dominicorumque
980 2913 1029 2968 ubi
1056 2912 1166 2983 patroni
1192 2912 1348 2967 absolutum
1368 2915 1416 2983 jus
1433 2912 1462 2966 in
1487 2912 1626 2968 ministros
1646 2912 1699 2967 sibi
1718 2913 1813 2967 vendi·

124 2974 221 3063 liberi,
247 2967 281 3023 de
307 2987 361 3039 (1¹1⁰
381 2976 430 3068 nh
449 2972 479 3025 ff·
499 2973 533 3028 de
548 2976 613 3043 jure
631 2989 739 3048 Pstirmi'i
755 3003 788 3055 st
804 2999 846 3055 tit.
866 2998 896 3052 C,
918 2998 953 3052 de
980 3007 1045 3053 cant
1070 3018 1120 3066 pro
1147 2999 1237 3055 lubitu
1264 3016 1311 3054 eos
1338 2999 1499 3055 instituendi
1527 3016 1560 3054 ac
1586 2999 1648 3056 loco
1676 3001 1813 3055 movendi.

123 3061 184 3107 uon.
203 3051 293 3109 libert.
317 3052 370 3109 hoc
388 3072 468 3155 enim,
485 3058 595 3157 denque
614 3064 740 3134 agimus,
763 3084 781 3123 a
804 3077 956 3128 canonibus
981 3091 1004 3142 2,
1031 3080 1209 3138 Visitatioues
1236 3088 1281 3137 vel
1298 3085 1441 3155 speciales,
1469 3087 1513 3141 vel
1539 3087 1682 3158 generales
1709 3087 1745 3142 ab
1771 3105 1814 3154 eo,

121 3138 313 3193 ecelesiasticis
339 3143 500 3197 conceditur
519 3163 568 3213 iis,
593 3148 641 3218 qui
660 3151 713 3206 rel.
728 3153 888 3218 fundarunt,
912 3158 955 3210 vel
983 3167 1029 3232 qui
1039 3161 1109 3233 juris
1125 3163 1288 3232 episcopalis
1301 3167 1450 3220 eminentia
1461 3172 1570 3239 fruitur,
1591 3172 1730 3227 institutas
1743 3174 1812 3229 nihil

120 3232 346 3289 construxerunt,
375 3227 419 3281 vel
445 3228 576 3286 dotarunt
601 3235 759 3305 ecclesiam,
786 3242 832 3293 ubi
861 3246 953 3297 tamen
981 3247 1115 3315 derogare
1129 3247 1187 3317 juri
1206 3255 1376 3318 patronatus,
1395 3267 1474 3306 secus
1488 3270 1570 3323 quain
1588 3258 1640 3311 sibi
1658 3259 1812 3331 imaginan-

119 3316 231 3410 monent
248 3314 422 3384 canonistas,
440 3333 495 3370 non
516 3318 603 3373 solani
621 3321 820 3391 fundationem,
839 3325 891 3380 lioc
910 3334 953 3382 est
980 3338 1024 3384 tur
1051 3331 1129 3385 multi
1155 3350 1187 3388 ex
1212 3334 1349 3404 patronis,
1377 3336 1425 3407 qui
1449 3354 1481 3392 eo
1506 3341 1615 3396 nomine
1639 3352 1764 3400 sanctum
1784 3351 1812 3398 et

119 3397 200 3496 fundi
219 3399 442 3471 assignationem,
457 3405 505 3475 jus
521 3412 685 3476 patronatus
703 3410 831 3481 tribuere,
851 3415 899 3469 sed
911 3433 952 3470 re·
979 3417 1096 3472 maxime
1122 3420 1306 3474 necessarium
1333 3422 1498 3478 visitationis
1522 3444 1592 3497 opus
1617 3430 1683 3484 totis
1706 3428 1810 3484 viribus

120 3486 292 3554 quinetiam
317 3489 407 3559 operis
432 3492 645 3549 exstructionem
671 3497 790 3566 propriis
817 3500 952 3555 sumtibus
978 3503 1146 3574 impediunt,
1178 3523 1212 3560 ne
1238 3508 1295 3576 juri
1324 3514 1486 3579 patronatus
1514 3514 1655 3584 quippiam
1685 3514 1809 3571 decedat.

119 3569 221 3669 factem
246 3579 274 3627 et
301 3573 479 3646 dotationem,
504 3596 527 3634 c.
552 3580 692 3636 Abbatem
716 3588 740 3640 t.
769 3591 808 3641 ia.
835 3605 860 3658 q.
887 3593 911 3644 2.
928 3607 952 3642 c.
978 3595 1003 3645 3.
1032 3589 1163 3646 Rationes
1193 3593 1441 3651 ecclesiasticorum
1471 3599 1623 3661 redituum,
1658 3600 1742 3672 vulgo
1770 3603 1809 3656 bit

119 3656 206 3714 uobis.
233 3676 257 3716 e.
284 3660 347 3730 piae
369 3663 475 3718 mentis.
499 3681 522 3721 e.
548 3669 744 3724 monasterium
764 3677 802 3728 16.
823 3691 849 3744 q.
878 3677 900 3731 7,
926 3693 949 3732 c.
977 3676 1238 3747 tossenrtdnanqrn,
1259 3680 1295 3733 ad
1304 3681 1352 3750 jus
1365 3682 1531 3752 episcopale,
1545 3700 1600 3738 uon
1614 3685 1649 3739 ad
1659 3688 1706 3756 jus
1717 3695 1808 3757 patro-

118 3743 206 3801 Nauio
231 3743 265 3800 de
290 3755 440 3805 consecrat.
465 3750 527 3804 dist.
558 3759 578 3807 1.
616 3753 748 3811 Statuunt
778 3759 872 3823 etiam,
898 3761 949 3817 hoc
977 3769 1058 3817 natus
1072 3763 1226 3833 pertinere,
1244 3780 1324 3819 secus
1336 3784 1419 3837 quam
1433 3773 1559 3824 statuunt
1570 3771 1649 3824 multi
1671 3790 1704 3827 ex
1716 3779 1807 3844 patro·

114 3830 162 3898 jus
190 3831 297 3902 acquiri
312 3917 318 3929 .
324 3835 550 3904 praescriptione
583 3839 792 3908 inimemoriali,
828 3846 880 3903 hoe
906 3855 949 3903 est
975 3849 1031 3918 nis,
1062 3849 1110 3919 qui
1139 3850 1409 3919 superintendentem
1437 3854 1472 3908 ad
1498 3872 1591 3910 earum
1616 3874 1633 3910 a
1657 3859 1807 3929 praefectis

117 3916 338 3987 quadragenaria
367 3937 429 3974 eum
462 3921 535 3977 bona
567 3924 637 3990 fide,
668 3945 690 3983 c.
729 3929 874 3993 Querelam
906 3941 947 3994 it.
974 3934 1071 3990 aerarii
1102 3935 1283 3991 ecclesiastici
1315 3939 1485 3996 exactionem
1514 3942 1660 3999 admittere
1695 3945 1806 4001 omnino

116 4007 194 4056 extra
218 4002 253 4056 de
278 4003 356 4060 elect.
380 4006 417 4076 gl.
442 4024 466 4064 c.
489 4010 562 4064 cirea
583 4012 622 4067 'de
635 4014 684 4083 jur
702 4021 809 4085 patron.
831 4020 947 4090 antiqno
973 4027 1108 4076 recusant
1136 4028 1160 4077 t.
1180 4022 1496 4080 Excommunicationem
1516 4033 1574 4080 tum
1594 4032 1733 4101 majorem,
1746 4037 1805 4087 tuni

115 4091 329 4158 consuetudine,
356 4092 435 4146 titulo
455 4096 629 4163 (tonationis,
645 4103 865 4170 permutatione,
885 4125 946 4161 oen·
973 4106 1112 4174 minorem,
1131 4123 1195 4160 cum
1213 4115 1288 4163 certo
1307 4116 1433 4180 respectu
1452 4128 1485 4165 ac
1501 4112 1628 4168 modoad
1649 4117 1804 4187 episcopale

115 4175 222 4230 ditione
240 4177 439 4247 universitatis,
458 4182 582 4236 cessione
599 4185 643 4237 vel
655 4186 793 4254 lepatione
810 4207 871 4243 eum
884 4211 946 4247 con·
969 4191 1016 4260 jus
1035 4192 1187 4263 pertineat,
1209 4193 1283 4264 quod
1301 4212 1352 4265 per
1370 4197 1573 4252 consistoriales
1591 4218 1654 4255 suos
1673 4204 1803 4259 reforma·

115 4277 199 4357 sensa
222 4263 346 4331 episcopi
364 4266 467 4334 fucta,
495 4266 561 4322 item
589 4272 736 4326 transmitti
765 4275 800 4328 ad
824 4276 946 4334 heredes.
971 4283 1017 4333 tae
1039 4278 1181 4350 religionis
1204 4279 1343 4351 principes
1368 4291 1511 4352 exercent,
1541 4303 1596 4340 uon
1623 4288 1724 4345 debere
1747 4293 1802 4361 pri-

114 4344 223 4401 Dicitur
237 4348 285 4444 jus
308 4350 392 4414 utile,
417 4350 483 4421 quia
504 4358 637 4422 patronus
655 4357 739 4413 habet
752 4360 800 4429 jus
820 4365 945 4435 exedrae,
972 4370 1036 4418 vato
1065 4365 1182 4420 ministri
1211 4366 1344 4422 ecclesiae
1370 4368 1483 4423 arbitrio
1508 4370 1613 4442 absque
1638 4377 1802 4434 auctoritate

113 4433 263 4502 sepulchri,
282 4436 464 4504 processionis
478 4444 530 4495 ete.
543 4438 573 4494 in
585 4441 711 4511 ecelesia,
730 4453 757 4500 ct
775 4464 838 4502 eum
857 4453 946 4524 vergit
972 4456 1000 4504 et
1018 4451 1148 4505 mandato
1170 4451 1324 4507 consistorii
1349 4455 1483 4519 exerceri,
1506 4460 1579 4528 quod
1603 4461 1692 4532 ipsum
1717 4465 1801 4520 etiam

113 4517 150 4570 ad
169 4526 317 4616 extremam
334 4521 465 4593 inopiam,
484 4541 541 4579 una
560 4543 623 4580 cuni
636 4528 731 4584 liberis
752 4532 834 4589 debet
852 4537 889 4591 ali
909 4539 944 4594 ab
972 4537 1080 4591 disertis
1102 4543 1130 4591 et
1149 4539 1281 4610 gramhus
1302 4541 1393 4595 verbis
1414 4541 1442 4594 iii
1468 4542 1561 4602 Const.
1582 4548 1679 4606 eccles.
1700 4551 1800 4606 electo·

114 4604 229 4702 ecclesia
242 4613 395 4675 patronata,
414 4626 436 4665 c.
454 4610 533 4665 nobis
546 4608 572 4687 ξ.
586 4611 632 4667 fin,
652 4615 756 4684 dejure
768 4626 944 4695 patronatus;
970 4624 1022 4678 rali
1037 4641 1098 4693 cap.
1118 4623 1153 4679 de
1172 4641 1301 4680 excomm.
1326 4627 1495 4697 prohibetur.
1527 4638 1550 4686 5.
1569 4631 1631 4688 Nou
1650 4637 1737 4690 soluni
1753 4640 1800 4708 jus

113 4689 308 4759 honorificem,
333 4695 399 4764 quia
426 4703 558 4766 patronus
583 4707 700 4754 vacante
727 4701 860 4761 beneficio
888 4711 943 4780 epi·
970 4716 1147 4780 patronatus,
1170 4711 1218 4765 scd
1237 4712 1319 4767 etiam
1334 4714 1382 4783 jus
1399 4713 1556 4787 episcopale
1576 4737 1609 4774 ea
1627 4721 1800 4778 Christianae

112 4792 196 4846 scopo
216 4785 374 4874 praesentat
390 4781 598 4854 instituendum,
618 4802 642 4841 c,
669 4786 840 4843 decernimus
862 4799 898 4848 19.
917 4813 943 4865 q.
970 4796 1162 4851 moderationis
1188 4798 1292 4852 mutina
1319 4802 1472 4856 exercenda
1497 4821 1570 4872 esse,
1597 4824 1633 4862 ne
1659 4807 1799 4879 ecclesiae,

111 4867 135 4918 7.
154 4879 177 4915 c.
200 4880 233 4917 ex
252 4865 438 4961 insinuatione
456 4886 518 4924 cuni
537 4887 614 4943 seqq.
634 4871 749 4942 dejure
765 4882 943 4948 patronatum
969 4883 1013 4936 eui
1041 4890 1134 4952 pastor
1163 4884 1269 4938 dandus
1295 4891 1350 4954 est,
1384 4904 1532 4945 consensus
1560 4898 1589 4946 et
1612 4892 1799 4951 testimonium

109 4965 269 5016 onerosum,
298 4966 364 5020 quia
392 4960 524 5020 patronus
554 4963 664 5013 tenetur
690 4960 832 5016 ecclesiam
865 4983 942 5021 suam
969 4967 1051 5037 plane
1069 4967 1246 5030 excludatur,
1271 4970 1389 5043 ideoque
1408 4976 1430 5028 si
1455 4978 1574 5032 eeclesia
1593 4977 1694 5032 habeat
1708 4980 1799 5049 justas

109 5033 257 5132 defendere
283 5042 310 5090 et
337 5038 508 5107 prospicere,
535 5061 570 5099 ne
596 5044 669 5100 bona
694 5046 891 5117 dilapidentur,
917 5071 940 5110 c.
968 5060 996 5106 et
1014 5062 1199 5125 praegnantes
1218 5072 1315 5110 causas
1336 5058 1364 5112 in
1384 5079 1530 5130 personam
1549 5070 1751 5133 praesentatam
1771 5076 1799 5123 et

109 5118 172 5216 filiis
200 5127 237 5176 16.
265 5139 291 5193 q.
318 5129 340 5177 l.
370 5130 398 5178 et
420 5124 442 5177 si
470 5125 542 5182 bona
567 5147 621 5185 non
643 5131 783 5187 sufficiant
802 5135 941 5206 ccclesiae,
968 5138 1079 5209 publice
1100 5140 1223 5195 auditam
1244 5158 1298 5196 uon
1316 5148 1514 5216 consentiendi,
1533 5147 1672 5203 audienda
1687 5154 1797 5209 omniuo

108 5222 167 5304 {pse
193 5212 302 5262 tenetur
326 5209 360 5265 de
386 5210 443 5264 suis
468 5211 529 5266 aliis
547 5217 690 5287 supplere,
710 5218 842 5275 Clemeut.
867 5229 888 5278 1.
907 5224 941 5280 de
968 5231 1022 5292 est,
1048 5242 1098 5281 uec
1116 5225 1218 5281 invitae
1236 5227 1427 5286 obtrudendas
1447 5238 1489 5288 est
1505 5232 1642 5298 minister,
1664 5239 1729 5308 quia
1747 5259 1797 5295 nec

103 5308 167 5362 June
196 5301 303 5363 patron.
355 5295 385 5352 Si
415 5303 576 5367 patronatus
599 5303 647 5371 jus
673 5305 712 5359 sit
736 5323 820 5377 penes
847 5307 940 5381 laicos,
966 5311 1129 5382 episcopale,
1154 5330 1203 5367 nec
1223 5322 1384 5384 patronatus
1406 5319 1453 5387 jus
1477 5317 1668 5377 ecclesiasticis
1686 5327 1795 5380 canoni·
