<?xml version="1.0" encoding="UTF-8"?>
<!DOCTYPE html PUBLIC "-//W3C//DTD XHTML 1.0 Transitional//EN"
    "http://www.w3.org/TR/xhtml1/DTD/xhtml1-transitional.dtd">
<html xmlns="http://www.w3.org/1999/xhtml" xml:lang="en" lang="en">
 <head>
  <title>
</title>
<meta http-equiv="Content-Type" content="text/html;charset=utf-8" />
  <meta name='ocr-system' content='tesseract 3.04.00' />
  <meta name='ocr-capabilities' content='ocr_page ocr_carea ocr_par ocr_line ocrx_word'/>
</head>
<body>
  <div class='ocr_page' id='page_1' title='image "./locitheologicic01gerhgoog/locitheologicic01gerhgoog_0188.png"; bbox 0 0 4020 6014; ppageno 0'>
   <div class='ocr_carea' id='block_1_1' title="bbox 633 237 1790 335">
    <p class='ocr_par' dir='ltr' id='par_1_1' title="bbox 633 237 1790 335">
     <span class='ocr_line' id='line_1_1' title="bbox 633 237 1790 335; baseline 0.016 -19"><span class='ocrx_word' id='word_1_1' title='bbox 633 260 685 317; x_wconf 84' lang='lat' dir='ltr'><strong>DE</strong></span> <span class='ocrx_word' id='word_1_2' title='bbox 703 259 927 319; x_wconf 69' lang='lat' dir='ltr'><strong>mummulo</strong></span> <span class='ocrx_word' id='word_1_3' title='bbox 944 237 1790 335; x_wconf 64' lang='lat' dir='ltr'><strong>reclamassemus</strong></span> 
     </span>
    </p>
   </div>
   <div class='ocr_carea' id='block_1_2' title="bbox 10 372 1909 3072">
    <p class='ocr_par' dir='ltr' id='par_1_2' title="bbox 83 372 1908 1265">
     <span class='ocr_line' id='line_1_2' title="bbox 83 372 1792 514; baseline 0.004 -44"><span class='ocrx_word' id='word_1_4' title='bbox 83 419 156 471; x_wconf 86' lang='lat' dir='ltr'><strong>runt</strong></span> <span class='ocrx_word' id='word_1_5' title='bbox 204 430 308 486; x_wconf 79' lang='lat' dir='ltr'><strong>easque</strong></span> <span class='ocrx_word' id='word_1_6' title='bbox 348 414 454 486; x_wconf 89' lang='lat' dir='ltr'><strong>pabulo</strong></span> <span class='ocrx_word' id='word_1_7' title='bbox 496 415 623 471; x_wconf 87' lang='lat' dir='ltr'><strong>eoelestis</strong></span> <span class='ocrx_word' id='word_1_8' title='bbox 669 416 748 472; x_wconf 77' lang='lat' dir='ltr'><strong>verbi</strong></span> <span class='ocrx_word' id='word_1_9' title='bbox 784 419 929 514; x_wconf 83' lang='lat' dir='ltr'><strong>paverunt.</strong></span> <span class='ocrx_word' id='word_1_10' title='bbox 956 413 1053 485; x_wconf 87' lang='lat' dir='ltr'><strong>lesque</strong></span> <span class='ocrx_word' id='word_1_11' title='bbox 1080 431 1183 471; x_wconf 83' lang='lat' dir='ltr'><strong>arenas</strong></span> <span class='ocrx_word' id='word_1_12' title='bbox 1208 372 1346 486; x_wconf 78' lang='grc'><strong>66611666;</strong></span> <span class='ocrx_word' id='word_1_13' title='bbox 1372 417 1413 472; x_wconf 89' lang='grc'><strong>616</strong></span> <span class='ocrx_word' id='word_1_14' title='bbox 1435 417 1558 491; x_wconf 73' lang='lat' dir='ltr'>theologi</span> <span class='ocrx_word' id='word_1_15' title='bbox 1577 425 1620 475; x_wconf 92' lang='lat' dir='ltr'><strong>est</strong></span> <span class='ocrx_word' id='word_1_16' title='bbox 1636 423 1792 478; x_wconf 89' lang='lat' dir='ltr'><strong>nonsolum</strong></span> 
     </span>
     <span class='ocr_line' id='line_1_3' title="bbox 85 500 1791 575; baseline 0.003 -17"><span class='ocrx_word' id='word_1_17' title='bbox 85 507 113 559; x_wconf 81' lang='grc'><strong>1.</strong></span> <span class='ocrx_word' id='word_1_18' title='bbox 133 501 292 572; x_wconf 88' lang='lat' dir='ltr'><strong>Utrumque</strong></span> <span class='ocrx_word' id='word_1_19' title='bbox 309 500 461 572; x_wconf 77' lang='lat' dir='ltr'>requiritur</span> <span class='ocrx_word' id='word_1_20' title='bbox 480 501 516 555; x_wconf 91' lang='lat' dir='ltr'><strong>sd</strong></span> <span class='ocrx_word' id='word_1_21' title='bbox 536 501 657 556; x_wconf 85' lang='lat' dir='ltr'><strong>officium</strong></span> <span class='ocrx_word' id='word_1_22' title='bbox 677 502 809 572; x_wconf 88' lang='lat' dir='ltr'><strong>episcopi,</strong></span> <span class='ocrx_word' id='word_1_23' title='bbox 830 502 929 557; x_wconf 90' lang='lat' dir='ltr'><strong>docere</strong></span> <span class='ocrx_word' id='word_1_24' title='bbox 953 517 1038 556; x_wconf 88' lang='lat' dir='ltr'><strong>sanae</strong></span> <span class='ocrx_word' id='word_1_25' title='bbox 1058 500 1201 558; x_wconf 88' lang='lat' dir='ltr'><strong>doctrinae</strong></span> <span class='ocrx_word' id='word_1_26' title='bbox 1219 519 1313 558; x_wconf 91' lang='lat' dir='ltr'><strong>semen</strong></span> <span class='ocrx_word' id='word_1_27' title='bbox 1334 521 1480 575; x_wconf 87' lang='lat' dir='ltr'><strong>spargere,</strong></span> <span class='ocrx_word' id='word_1_28' title='bbox 1499 506 1549 560; x_wconf 93' lang='lat' dir='ltr'><strong>sed</strong></span> <span class='ocrx_word' id='word_1_29' title='bbox 1567 505 1649 561; x_wconf 84' lang='lat' dir='ltr'><strong>etiam</strong></span> <span class='ocrx_word' id='word_1_30' title='bbox 1668 524 1791 564; x_wconf 90' lang='lat' dir='ltr'><strong>errorum</strong></span> 
     </span>
     <span class='ocr_line' id='line_1_4' title="bbox 83 585 1790 666; baseline 0.005 -24"><span class='ocrx_word' id='word_1_31' title='bbox 83 594 117 642; x_wconf 87' lang='lat' dir='ltr'><strong>et</strong></span> <span class='ocrx_word' id='word_1_32' title='bbox 136 587 208 643; x_wconf 87' lang='lat' dir='ltr'><strong>alios</strong></span> <span class='ocrx_word' id='word_1_33' title='bbox 226 587 352 643; x_wconf 89' lang='lat' dir='ltr'><strong>doctores</strong></span> <span class='ocrx_word' id='word_1_34' title='bbox 371 587 508 652; x_wconf 85' lang='lat' dir='ltr'><strong>ordinare,</strong></span> <span class='ocrx_word' id='word_1_35' title='bbox 525 588 608 642; x_wconf 88' lang='lat' dir='ltr'><strong>unius</strong></span> <span class='ocrx_word' id='word_1_36' title='bbox 634 588 721 660; x_wconf 88' lang='lat' dir='ltr'><strong>igitur</strong></span> <span class='ocrx_word' id='word_1_37' title='bbox 737 588 855 644; x_wconf 88' lang='lat' dir='ltr'><strong>inclusio</strong></span> <span class='ocrx_word' id='word_1_38' title='bbox 873 605 928 642; x_wconf 89' lang='grc'><strong>606</strong></span> <span class='ocrx_word' id='word_1_39' title='bbox 953 585 1064 643; x_wconf 86' lang='lat' dir='ltr'><strong>zinsnia</strong></span> <span class='ocrx_word' id='word_1_40' title='bbox 1081 605 1114 642; x_wconf 90' lang='lat' dir='ltr'><strong>ex</strong></span> <span class='ocrx_word' id='word_1_41' title='bbox 1127 605 1196 660; x_wconf 91' lang='lat' dir='ltr'><strong>agro</strong></span> <span class='ocrx_word' id='word_1_42' title='bbox 1208 589 1357 644; x_wconf 89' lang='lat' dir='ltr'><strong>Dominieo</strong></span> <span class='ocrx_word' id='word_1_43' title='bbox 1368 590 1495 646; x_wconf 84' lang='lat' dir='ltr'><strong>evellere.</strong></span> <span class='ocrx_word' id='word_1_44' title='bbox 1521 590 1643 648; x_wconf 89' lang='lat' dir='ltr'><strong>Pulchre</strong></span> <span class='ocrx_word' id='word_1_45' title='bbox 1656 593 1790 666; x_wconf 86' lang='lat' dir='ltr'><strong>Origenes</strong></span> 
     </span>
     <span class='ocr_line' id='line_1_5' title="bbox 86 671 1894 750; baseline 0.003 -21"><span class='ocrx_word' id='word_1_46' title='bbox 86 673 175 731; x_wconf 86' lang='lat' dir='ltr'><strong>debet</strong></span> <span class='ocrx_word' id='word_1_47' title='bbox 203 690 264 730; x_wconf 85' lang='lat' dir='ltr'><strong>erse</strong></span> <span class='ocrx_word' id='word_1_48' title='bbox 289 673 404 729; x_wconf 66' lang='lat' dir='ltr'><strong>alteias</strong></span> <span class='ocrx_word' id='word_1_49' title='bbox 432 674 564 729; x_wconf 78' lang='lat' dir='ltr'><strong>exclusio.</strong></span> <span class='ocrx_word' id='word_1_50' title='bbox 599 679 624 729; x_wconf 96' lang='grc'><strong>5.</strong></span> <span class='ocrx_word' id='word_1_51' title='bbox 649 674 683 729; x_wconf 90' lang='grc'><strong>16</strong></span> <span class='ocrx_word' id='word_1_52' title='bbox 700 676 794 746; x_wconf 87' lang='lat' dir='ltr'><strong>regnis</strong></span> <span class='ocrx_word' id='word_1_53' title='bbox 812 674 928 730; x_wconf 87' lang='lat' dir='ltr'><strong>terrenis</strong></span> <span class='ocrx_word' id='word_1_54' title='bbox 952 671 1070 728; x_wconf 79' lang='grc'><strong>110162.</strong></span> <span class='ocrx_word' id='word_1_55' title='bbox 1094 673 1124 727; x_wconf 91' lang='lat' dir='ltr'><strong>in</strong></span> <span class='ocrx_word' id='word_1_56' title='bbox 1144 673 1246 730; x_wconf 81' lang='lat' dir='ltr'><strong>Genea.</strong></span> <span class='ocrx_word' id='word_1_57' title='bbox 1267 680 1338 746; x_wconf 84' lang='lat' dir='ltr'><strong>part</strong></span> <span class='ocrx_word' id='word_1_58' title='bbox 1360 682 1381 732; x_wconf 94' lang='grc'><strong>1.</strong></span> <span class='ocrx_word' id='word_1_59' title='bbox 1399 694 1474 747; x_wconf 88' lang='lat' dir='ltr'><strong>oper.</strong></span> <span class='ocrx_word' id='word_1_60' title='bbox 1494 695 1521 749; x_wconf 91' lang='lat' dir='ltr'><strong>p.</strong></span> <span class='ocrx_word' id='word_1_61' title='bbox 1544 684 1589 734; x_wconf 73' lang='lat'><strong>142</strong></span> <span class='ocrx_word' id='word_1_62' title='bbox 1611 680 1704 749; x_wconf 83' lang='lat' dir='ltr'><strong>Lipna</strong></span> <span class='ocrx_word' id='word_1_63' title='bbox 1723 698 1790 750; x_wconf 85' lang='lat' dir='ltr'><strong>qua·</strong></span> <span class='ocrx_word' id='word_1_64' title='bbox 1890 740 1894 746; x_wconf 67' lang='grc'><strong>,</strong></span> 
     </span>
     <span class='ocr_line' id='line_1_6' title="bbox 86 758 1788 832; baseline 0.004 -17"><span class='ocrx_word' id='word_1_65' title='bbox 86 759 177 832; x_wconf 87' lang='lat' dir='ltr'><strong>legati</strong></span> <span class='ocrx_word' id='word_1_66' title='bbox 200 776 300 831; x_wconf 87' lang='lat' dir='ltr'><strong>regum</strong></span> <span class='ocrx_word' id='word_1_67' title='bbox 314 758 496 815; x_wconf 84' lang='lat' dir='ltr'><strong>habentsuos</strong></span> <span class='ocrx_word' id='word_1_68' title='bbox 512 759 718 831; x_wconf 72' lang='lat' dir='ltr'><strong>subdelegatos,</strong></span> <span class='ocrx_word' id='word_1_69' title='bbox 733 760 826 816; x_wconf 90' lang='lat' dir='ltr'><strong>sedin</strong></span> <span class='ocrx_word' id='word_1_70' title='bbox 839 776 927 832; x_wconf 88' lang='lat' dir='ltr'><strong>regno</strong></span> <span class='ocrx_word' id='word_1_71' title='bbox 953 760 1039 812; x_wconf 79' lang='lat' dir='ltr'><strong>cirata</strong></span> <span class='ocrx_word' id='word_1_72' title='bbox 1067 759 1098 813; x_wconf 88' lang='lat' dir='ltr'><strong>in</strong></span> <span class='ocrx_word' id='word_1_73' title='bbox 1126 778 1195 814; x_wconf 89' lang='lat' dir='ltr'><strong>arca</strong></span> <span class='ocrx_word' id='word_1_74' title='bbox 1222 763 1304 816; x_wconf 85' lang='lat' dir='ltr'><strong>Noae</strong></span> <span class='ocrx_word' id='word_1_75' title='bbox 1332 763 1466 817; x_wconf 80' lang='lat' dir='ltr'><strong>denotant</strong></span> <span class='ocrx_word' id='word_1_76' title='bbox 1492 767 1622 819; x_wconf 85' lang='lat' dir='ltr'><strong>doctores</strong></span> <span class='ocrx_word' id='word_1_77' title='bbox 1646 763 1788 825; x_wconf 82' lang='lat' dir='ltr'><strong>ecclesiae.</strong></span> 
     </span>
     <span class='ocr_line' id='line_1_7' title="bbox 84 844 1791 923; baseline 0.004 -23"><span class='ocrx_word' id='word_1_78' title='bbox 84 844 227 916; x_wconf 72' lang='lat' dir='ltr'><strong>spirituali</strong></span> <span class='ocrx_word' id='word_1_79' title='bbox 249 844 367 900; x_wconf 86' lang='lat' dir='ltr'><strong>ministri</strong></span> <span class='ocrx_word' id='word_1_80' title='bbox 393 845 527 901; x_wconf 85' lang='lat' dir='ltr'><strong>ecclesiae</strong></span> <span class='ocrx_word' id='word_1_81' title='bbox 544 864 644 901; x_wconf 89' lang='lat' dir='ltr'><strong>munus</strong></span> <span class='ocrx_word' id='word_1_82' title='bbox 662 847 810 918; x_wconf 74' lang='lat' dir='ltr'><strong>legationis</strong></span> <span class='ocrx_word' id='word_1_83' title='bbox 828 845 927 901; x_wconf 82' lang='lat' dir='ltr'><strong>divini·</strong></span> <span class='ocrx_word' id='word_1_84' title='bbox 956 845 1133 907; x_wconf 72' lang='lat' dir='ltr'><strong><em>Quadratum</em></strong></span> <span class='ocrx_word' id='word_1_85' title='bbox 1156 855 1212 911; x_wconf 90' lang='lat' dir='ltr'><strong>est,</strong></span> <span class='ocrx_word' id='word_1_86' title='bbox 1239 849 1318 917; x_wconf 82' lang='lat' dir='ltr'><strong>quod</strong></span> <span class='ocrx_word' id='word_1_87' title='bbox 1332 849 1413 903; x_wconf 83' lang='lat' dir='ltr'><strong>nulla</strong></span> <span class='ocrx_word' id='word_1_88' title='bbox 1430 850 1549 905; x_wconf 79' lang='lat' dir='ltr'><strong>vacillat</strong></span> <span class='ocrx_word' id='word_1_89' title='bbox 1567 860 1712 923; x_wconf 78' lang='lat' dir='ltr'><strong>exparte,</strong></span> <span class='ocrx_word' id='word_1_90' title='bbox 1737 856 1791 908; x_wconf 83' lang='lat' dir='ltr'><strong>scd</strong></span> 
     </span>
     <span class='ocr_line' id='line_1_8' title="bbox 86 930 1908 1002; baseline 0.003 -16"><span class='ocrx_word' id='word_1_91' title='bbox 86 937 137 986; x_wconf 90' lang='lat' dir='ltr'><strong>tus</strong></span> <span class='ocrx_word' id='word_1_92' title='bbox 152 930 207 985; x_wconf 88' lang='lat' dir='ltr'><strong>sibi</strong></span> <span class='ocrx_word' id='word_1_93' title='bbox 224 931 398 986; x_wconf 89' lang='lat' dir='ltr'><strong>commissum</strong></span> <span class='ocrx_word' id='word_1_94' title='bbox 412 931 525 1002; x_wconf 83' lang='lat' dir='ltr'><strong>ipsimet</strong></span> <span class='ocrx_word' id='word_1_95' title='bbox 538 932 632 988; x_wconf 91' lang='lat' dir='ltr'><strong>subire</strong></span> <span class='ocrx_word' id='word_1_96' title='bbox 644 932 755 988; x_wconf 90' lang='lat' dir='ltr'><strong>debent.</strong></span> <span class='ocrx_word' id='word_1_97' title='bbox 787 939 812 989; x_wconf 81' lang='grc'><strong>1.</strong></span> <span class='ocrx_word' id='word_1_98' title='bbox 826 933 889 989; x_wconf 70' lang='lat' dir='ltr'><strong>(ior.</strong></span> <span class='ocrx_word' id='word_1_99' title='bbox 901 939 926 1002; x_wconf 90' lang='lat'><strong>5,</strong></span> <span class='ocrx_word' id='word_1_100' title='bbox 953 949 1115 1002; x_wconf 89' lang='lat' dir='ltr'><strong>quocunque</strong></span> <span class='ocrx_word' id='word_1_101' title='bbox 1137 935 1268 999; x_wconf 60' lang='lat' dir='ltr'><strong>verterim</strong></span> <span class='ocrx_word' id='word_1_102' title='bbox 1290 936 1350 999; x_wconf 75' lang='grc'><strong>166</strong></span> <span class='ocrx_word' id='word_1_103' title='bbox 1369 942 1396 989; x_wconf 84' lang='grc'><strong>61</strong></span> <span class='ocrx_word' id='word_1_104' title='bbox 1413 936 1510 990; x_wconf 84' lang='lat' dir='ltr'><strong>solida</strong></span> <span class='ocrx_word' id='word_1_105' title='bbox 1524 938 1680 994; x_wconf 71' lang='lat' dir='ltr'><strong>stabilitate</strong></span> <span class='ocrx_word' id='word_1_106' title='bbox 1699 941 1908 993; x_wconf 72' lang='grc'><strong>6066161616</strong></span> 
     </span>
     <span class='ocr_line' id='line_1_9' title="bbox 85 1016 1788 1092; baseline 0.005 -22"><span class='ocrx_word' id='word_1_107' title='bbox 85 1035 115 1071; x_wconf 89' lang='grc'><strong>6.</strong></span> <span class='ocrx_word' id='word_1_108' title='bbox 134 1023 181 1074; x_wconf 74' lang='lat' dir='ltr'><strong>tt:</strong></span> <span class='ocrx_word' id='word_1_109' title='bbox 202 1019 264 1072; x_wconf 91' lang='lat' dir='ltr'><strong>Pro</strong></span> <span class='ocrx_word' id='word_1_110' title='bbox 290 1016 403 1072; x_wconf 80' lang='lat' dir='ltr'><strong>Christo</strong></span> <span class='ocrx_word' id='word_1_111' title='bbox 427 1018 567 1086; x_wconf 82' lang='lat' dir='ltr'><strong>lopatione</strong></span> <span class='ocrx_word' id='word_1_112' title='bbox 579 1020 812 1088; x_wconf 84' lang='lat' dir='ltr'><strong>sunpimurDeo</strong></span> <span class='ocrx_word' id='word_1_113' title='bbox 829 1019 925 1074; x_wconf 77' lang='lat' dir='ltr'><strong>ecber-</strong></span> <span class='ocrx_word' id='word_1_114' title='bbox 952 1019 1008 1072; x_wconf 88' lang='lat' dir='ltr'><strong>stit.</strong></span> <span class='ocrx_word' id='word_1_115' title='bbox 1047 1020 1111 1072; x_wconf 88' lang='lat' dir='ltr'><strong>Ista</strong></span> <span class='ocrx_word' id='word_1_116' title='bbox 1129 1027 1194 1072; x_wconf 85' lang='lat' dir='ltr'><strong>sunt</strong></span> <span class='ocrx_word' id='word_1_117' title='bbox 1212 1019 1307 1089; x_wconf 80' lang='lat' dir='ltr'><strong>lipsa,</strong></span> <span class='ocrx_word' id='word_1_118' title='bbox 1337 1036 1410 1089; x_wconf 87' lang='lat' dir='ltr'><strong>quae</strong></span> <span class='ocrx_word' id='word_1_119' title='bbox 1432 1038 1513 1075; x_wconf 83' lang='lat' dir='ltr'><strong>orme</strong></span> <span class='ocrx_word' id='word_1_120' title='bbox 1533 1026 1650 1092; x_wconf 85' lang='lat' dir='ltr'><strong>pondus</strong></span> <span class='ocrx_word' id='word_1_121' title='bbox 1665 1024 1788 1079; x_wconf 75' lang='grc'><strong>661061</strong></span> 
     </span>
     <span class='ocr_line' id='line_1_10' title="bbox 85 1102 1788 1180; baseline 0.005 -23"><span class='ocrx_word' id='word_1_122' title='bbox 85 1110 166 1157; x_wconf 79' lang='lat' dir='ltr'><strong>tante</strong></span> <span class='ocrx_word' id='word_1_123' title='bbox 180 1120 237 1172; x_wconf 86' lang='lat' dir='ltr'><strong>per</strong></span> <span class='ocrx_word' id='word_1_124' title='bbox 252 1120 315 1160; x_wconf 86' lang='lat' dir='ltr'><strong>ace.</strong></span> <span class='ocrx_word' id='word_1_125' title='bbox 352 1109 377 1161; x_wconf 99' lang='grc'><strong>6.</strong></span> <span class='ocrx_word' id='word_1_126' title='bbox 398 1102 459 1159; x_wconf 88' lang='lat' dir='ltr'><strong>Nec</strong></span> <span class='ocrx_word' id='word_1_127' title='bbox 472 1104 609 1173; x_wconf 83' lang='lat' dir='ltr'><strong>convenit,</strong></span> <span class='ocrx_word' id='word_1_128' title='bbox 628 1103 785 1176; x_wconf 89' lang='lat' dir='ltr'><strong>pontificem</strong></span> <span class='ocrx_word' id='word_1_129' title='bbox 798 1105 926 1176; x_wconf 89' lang='lat' dir='ltr'><strong>etipsius</strong></span> <span class='ocrx_word' id='word_1_130' title='bbox 953 1104 1070 1159; x_wconf 81' lang='lat' dir='ltr'><strong>mulium</strong></span> <span class='ocrx_word' id='word_1_131' title='bbox 1088 1105 1255 1159; x_wconf 83' lang='lat' dir='ltr'><strong>intrinsecus</strong></span> <span class='ocrx_word' id='word_1_132' title='bbox 1271 1107 1315 1160; x_wconf 84' lang='lat' dir='ltr'><strong>oei</strong></span> <span class='ocrx_word' id='word_1_133' title='bbox 1336 1107 1474 1174; x_wconf 81' lang='lat' dir='ltr'><strong>fluctuum</strong></span> <span class='ocrx_word' id='word_1_134' title='bbox 1493 1109 1663 1163; x_wconf 69' lang='lat' dir='ltr'><strong>extrinsecus</strong></span> <span class='ocrx_word' id='word_1_135' title='bbox 1679 1111 1788 1180; x_wconf 76' lang='lat' dir='ltr'><strong>ferunt,</strong></span> 
     </span>
     <span class='ocr_line' id='line_1_11' title="bbox 87 1188 1786 1265; baseline 0.004 -23.271"><span class='ocrx_word' id='word_1_136' title='bbox 87 1189 235 1260; x_wconf 85' lang='lat' dir='ltr'><strong>episcopos</strong></span> <span class='ocrx_word' id='word_1_137' title='bbox 260 1188 407 1261; x_wconf 87' lang='lat' dir='ltr'><strong>indignum</strong></span> <span class='ocrx_word' id='word_1_138' title='bbox 425 1207 478 1246; x_wconf 85' lang='lat' dir='ltr'><strong>sua</strong></span> <span class='ocrx_word' id='word_1_139' title='bbox 495 1188 667 1246; x_wconf 82' lang='lat' dir='ltr'><strong>sublimitate</strong></span> <span class='ocrx_word' id='word_1_140' title='bbox 681 1191 809 1261; x_wconf 87' lang='lat' dir='ltr'><strong>judicare</strong></span> <span class='ocrx_word' id='word_1_141' title='bbox 826 1208 926 1247; x_wconf 90' lang='lat' dir='ltr'><strong>munus</strong></span> <span class='ocrx_word' id='word_1_142' title='bbox 954 1208 1023 1260; x_wconf 84' lang='lat' dir='ltr'><strong>quos</strong></span> <span class='ocrx_word' id='word_1_143' title='bbox 1040 1208 1090 1260; x_wconf 78' lang='lat' dir='ltr'><strong>epo</strong></span> <span class='ocrx_word' id='word_1_144' title='bbox 1108 1192 1233 1246; x_wconf 84' lang='lat' dir='ltr'><strong>arbitror</strong></span> <span class='ocrx_word' id='word_1_145' title='bbox 1253 1194 1381 1246; x_wconf 84' lang='lat' dir='ltr'><strong>doctores</strong></span> <span class='ocrx_word' id='word_1_146' title='bbox 1401 1209 1459 1245; x_wconf 87' lang='lat' dir='ltr'><strong>esse</strong></span> <span class='ocrx_word' id='word_1_147' title='bbox 1478 1193 1508 1246; x_wconf 89' lang='lat' dir='ltr'><strong>in</strong></span> <span class='ocrx_word' id='word_1_148' title='bbox 1528 1194 1646 1247; x_wconf 84' lang='lat' dir='ltr'><strong>ecelesia</strong></span> <span class='ocrx_word' id='word_1_149' title='bbox 1660 1197 1786 1265; x_wconf 65' lang='grc'><strong>6161091-</strong></span> 
     </span>
    </p>

    <p class='ocr_par' dir='ltr' id='par_1_3' title="bbox 67 1274 1788 2037">
     <span class='ocr_line' id='line_1_12' title="bbox 85 1274 1787 1351; baseline 0.004 -21"><span class='ocrx_word' id='word_1_150' title='bbox 85 1274 215 1343; x_wconf 76' lang='lat' dir='ltr'><strong>doemdi,</strong></span> <span class='ocrx_word' id='word_1_151' title='bbox 234 1291 298 1330; x_wconf 88' lang='lat' dir='ltr'><strong>cum</strong></span> <span class='ocrx_word' id='word_1_152' title='bbox 316 1291 349 1330; x_wconf 91' lang='lat' dir='ltr'><strong>eo</strong></span> <span class='ocrx_word' id='word_1_153' title='bbox 369 1280 429 1330; x_wconf 87' lang='lat' dir='ltr'><strong>tota</strong></span> <span class='ocrx_word' id='word_1_154' title='bbox 446 1280 622 1331; x_wconf 73' lang='lat' dir='ltr'><strong>sacrosancte</strong></span> <span class='ocrx_word' id='word_1_155' title='bbox 632 1275 755 1332; x_wconf 71' lang='lat' dir='ltr'><strong>&#39;lh-initas</strong></span> <span class='ocrx_word' id='word_1_156' title='bbox 770 1276 925 1349; x_wconf 83' lang='lat' dir='ltr'><strong>fueritpsr·</strong></span> <span class='ocrx_word' id='word_1_157' title='bbox 952 1283 1027 1329; x_wconf 88' lang='lat' dir='ltr'><strong>stros</strong></span> <span class='ocrx_word' id='word_1_158' title='bbox 1043 1285 1126 1345; x_wconf 88' lang='lat' dir='ltr'><strong>atque</strong></span> <span class='ocrx_word' id='word_1_159' title='bbox 1146 1278 1334 1331; x_wconf 84' lang='lat' dir='ltr'><strong>aemulatores</strong></span> <span class='ocrx_word' id='word_1_160' title='bbox 1352 1278 1427 1346; x_wconf 76' lang='grc'><strong>11661,</strong></span> <span class='ocrx_word' id='word_1_161' title='bbox 1446 1279 1495 1346; x_wconf 90' lang='lat' dir='ltr'><strong>qui</strong></span> <span class='ocrx_word' id='word_1_162' title='bbox 1514 1287 1540 1331; x_wconf 89' lang='lat' dir='ltr'><strong>et</strong></span> <span class='ocrx_word' id='word_1_163' title='bbox 1552 1280 1677 1351; x_wconf 78' lang='lat' dir='ltr'><strong>populos</strong></span> <span class='ocrx_word' id='word_1_164' title='bbox 1688 1282 1787 1336; x_wconf 85' lang='lat' dir='ltr'><strong>intrin-</strong></span> 
     </span>
     <span class='ocr_line' id='line_1_13' title="bbox 84 1358 1787 1434; baseline 0.003 -18"><span class='ocrx_word' id='word_1_165' title='bbox 84 1361 186 1416; x_wconf 76' lang='lat' dir='ltr'><strong>runca</strong></span> <span class='ocrx_word' id='word_1_166' title='bbox 212 1359 297 1416; x_wconf 90' lang='lat' dir='ltr'><strong>Pater</strong></span> <span class='ocrx_word' id='word_1_167' title='bbox 319 1358 418 1415; x_wconf 84' lang='lat' dir='ltr'><strong>Matth.</strong></span> <span class='ocrx_word' id='word_1_168' title='bbox 440 1365 471 1428; x_wconf 98' lang='grc'><strong>3,</strong></span> <span class='ocrx_word' id='word_1_169' title='bbox 497 1378 522 1416; x_wconf 88' lang='grc'><strong>6.</strong></span> <span class='ocrx_word' id='word_1_170' title='bbox 549 1367 589 1416; x_wconf 87' lang='grc'><strong>11.</strong></span> <span class='ocrx_word' id='word_1_171' title='bbox 627 1379 650 1419; x_wconf 91' lang='lat' dir='ltr'><strong>c.</strong></span> <span class='ocrx_word' id='word_1_172' title='bbox 677 1368 725 1430; x_wconf 84' lang='grc'><strong>17,</strong></span> <span class='ocrx_word' id='word_1_173' title='bbox 746 1381 773 1416; x_wconf 90' lang='grc'><strong>6.</strong></span> <span class='ocrx_word' id='word_1_174' title='bbox 794 1370 818 1418; x_wconf 91' lang='grc'><strong>5.</strong></span> <span class='ocrx_word' id='word_1_175' title='bbox 837 1363 925 1418; x_wconf 74' lang='lat' dir='ltr'><strong>Filius</strong></span> <span class='ocrx_word' id='word_1_176' title='bbox 952 1378 1031 1415; x_wconf 85' lang='lat' dir='ltr'><strong>secus</strong></span> <span class='ocrx_word' id='word_1_177' title='bbox 1045 1363 1156 1431; x_wconf 89' lang='lat' dir='ltr'><strong>positos</strong></span> <span class='ocrx_word' id='word_1_178' title='bbox 1174 1364 1258 1417; x_wconf 85' lang='lat' dir='ltr'><strong>uerbo</strong></span> <span class='ocrx_word' id='word_1_179' title='bbox 1278 1363 1499 1418; x_wconf 71' lang='lat' dir='ltr'><strong>commonitionis</strong></span> <span class='ocrx_word' id='word_1_180' title='bbox 1516 1371 1542 1417; x_wconf 93' lang='grc'><strong>61</strong></span> <span class='ocrx_word' id='word_1_181' title='bbox 1562 1365 1708 1420; x_wconf 80' lang='lat' dir='ltr'><strong>doetrinae</strong></span> <span class='ocrx_word' id='word_1_182' title='bbox 1722 1385 1787 1434; x_wconf 81' lang='lat' dir='ltr'><strong>pra·</strong></span> 
     </span>
     <span class='ocr_line' id='line_1_14' title="bbox 85 1446 1788 1520; baseline 0.004 -19"><span class='ocrx_word' id='word_1_183' title='bbox 85 1446 275 1516; x_wconf 64' lang='grc'><strong>16611616.</strong></span> <span class='ocrx_word' id='word_1_184' title='bbox 299 1451 339 1500; x_wconf 85' lang='grc'><strong>11.</strong></span> <span class='ocrx_word' id='word_1_185' title='bbox 373 1450 437 1500; x_wconf 86' lang='lat' dir='ltr'><strong>Act.</strong></span> <span class='ocrx_word' id='word_1_186' title='bbox 460 1452 482 1513; x_wconf 92' lang='grc'><strong>1,</strong></span> <span class='ocrx_word' id='word_1_187' title='bbox 502 1463 528 1500; x_wconf 89' lang='grc'><strong>6.</strong></span> <span class='ocrx_word' id='word_1_188' title='bbox 547 1451 572 1504; x_wconf 89' lang='grc'><strong>3.</strong></span> <span class='ocrx_word' id='word_1_189' title='bbox 592 1453 644 1502; x_wconf 89' lang='grc'><strong>616.</strong></span> <span class='ocrx_word' id='word_1_190' title='bbox 677 1448 796 1520; x_wconf 90' lang='lat' dir='ltr'><strong>Spiritus</strong></span> <span class='ocrx_word' id='word_1_191' title='bbox 813 1457 926 1504; x_wconf 89' lang='lat' dir='ltr'><strong>sanctus</strong></span> <span class='ocrx_word' id='word_1_192' title='bbox 953 1448 994 1501; x_wconf 91' lang='lat' dir='ltr'><strong>tia</strong></span> <span class='ocrx_word' id='word_1_193' title='bbox 1025 1449 1208 1503; x_wconf 85' lang='lat' dir='ltr'><strong>consolantur</strong></span> <span class='ocrx_word' id='word_1_194' title='bbox 1240 1458 1266 1503; x_wconf 87' lang='lat' dir='ltr'><strong>et</strong></span> <span class='ocrx_word' id='word_1_195' title='bbox 1293 1451 1521 1518; x_wconf 78' lang='lat' dir='ltr'><strong>impupaantihus</strong></span> <span class='ocrx_word' id='word_1_196' title='bbox 1547 1453 1716 1506; x_wconf 72' lang='lat' dir='ltr'><strong>sutrinseoas</strong></span> <span class='ocrx_word' id='word_1_197' title='bbox 1742 1453 1788 1508; x_wconf 83' lang='lat' dir='ltr'><strong>oei</strong></span> 
     </span>
     <span class='ocr_line' id='line_1_15' title="bbox 87 1531 1787 1607; baseline 0.002 -18"><span class='ocrx_word' id='word_1_198' title='bbox 87 1539 113 1589; x_wconf 91' lang='grc'><strong>2.</strong></span> <span class='ocrx_word' id='word_1_199' title='bbox 132 1534 205 1589; x_wconf 83' lang='lat' dir='ltr'><strong>Sam</strong></span> <span class='ocrx_word' id='word_1_200' title='bbox 228 1538 273 1596; x_wconf 98' lang='grc'><strong>23,</strong></span> <span class='ocrx_word' id='word_1_201' title='bbox 297 1550 323 1586; x_wconf 86' lang='grc'><strong>6.</strong></span> <span class='ocrx_word' id='word_1_202' title='bbox 344 1537 369 1588; x_wconf 89' lang='grc'><strong>2.</strong></span> <span class='ocrx_word' id='word_1_203' title='bbox 406 1538 430 1588; x_wconf 90' lang='grc'><strong>2.</strong></span> <span class='ocrx_word' id='word_1_204' title='bbox 449 1531 524 1589; x_wconf 84' lang='lat' dir='ltr'><strong>Patr.</strong></span> <span class='ocrx_word' id='word_1_205' title='bbox 547 1539 573 1600; x_wconf 93' lang='grc'><strong>1,</strong></span> <span class='ocrx_word' id='word_1_206' title='bbox 591 1551 618 1590; x_wconf 83' lang='lat' dir='ltr'><strong>r.</strong></span> <span class='ocrx_word' id='word_1_207' title='bbox 638 1540 679 1590; x_wconf 91' lang='grc'><strong>21.</strong></span> <span class='ocrx_word' id='word_1_208' title='bbox 699 1535 766 1590; x_wconf 87' lang='grc'><strong>1666</strong></span> <span class='ocrx_word' id='word_1_209' title='bbox 784 1537 926 1606; x_wconf 86' lang='lat' dir='ltr'><strong>apostolus</strong></span> <span class='ocrx_word' id='word_1_210' title='bbox 952 1535 1110 1601; x_wconf 75' lang='lat' dir='ltr'><strong>pentilibsss,</strong></span> <span class='ocrx_word' id='word_1_211' title='bbox 1132 1536 1176 1589; x_wconf 84' lang='lat' dir='ltr'><strong>oei</strong></span> <span class='ocrx_word' id='word_1_212' title='bbox 1200 1537 1350 1590; x_wconf 73' lang='lat' dir='ltr'><strong>haereticis</strong></span> <span class='ocrx_word' id='word_1_213' title='bbox 1373 1544 1400 1589; x_wconf 89' lang='lat' dir='ltr'><strong>et</strong></span> <span class='ocrx_word' id='word_1_214' title='bbox 1420 1538 1614 1605; x_wconf 72' lang='lat' dir='ltr'><strong>quaestionum</strong></span> <span class='ocrx_word' id='word_1_215' title='bbox 1630 1540 1734 1607; x_wconf 75' lang='lat' dir='ltr'><strong>fluctues</strong></span> <span class='ocrx_word' id='word_1_216' title='bbox 1752 1555 1787 1593; x_wconf 86' lang='lat' dir='ltr'><strong>ao</strong></span> 
     </span>
     <span class='ocr_line' id='line_1_16' title="bbox 86 1616 1788 1693; baseline 0.002 -18"><span class='ocrx_word' id='word_1_217' title='bbox 86 1619 156 1675; x_wconf 84' lang='lat' dir='ltr'><strong>dicit</strong></span> <span class='ocrx_word' id='word_1_218' title='bbox 172 1618 253 1675; x_wconf 86' lang='lat' dir='ltr'><strong>Rom.</strong></span> <span class='ocrx_word' id='word_1_219' title='bbox 276 1623 301 1685; x_wconf 91' lang='lat' dir='ltr'><strong>l,</strong></span> <span class='ocrx_word' id='word_1_220' title='bbox 318 1635 343 1673; x_wconf 90' lang='grc'><strong>6.</strong></span> <span class='ocrx_word' id='word_1_221' title='bbox 366 1624 406 1675; x_wconf 90' lang='grc'><strong>16.</strong></span> <span class='ocrx_word' id='word_1_222' title='bbox 424 1616 475 1674; x_wconf 81' lang='grc' dir='ltr'><strong>οὐκ</strong></span> <span class='ocrx_word' id='word_1_223' title='bbox 496 1618 701 1693; x_wconf 71' lang='grc' dir='ltr'><strong>ἐπαισχύνομαι</strong></span> <span class='ocrx_word' id='word_1_224' title='bbox 714 1619 746 1674; x_wconf 81' lang='lat' dir='ltr'><strong>si</strong></span> <span class='ocrx_word' id='word_1_225' title='bbox 763 1620 925 1692; x_wconf 75' lang='grc' dir='ltr'><strong>εὐαγγέλιον</strong></span> <span class='ocrx_word' id='word_1_226' title='bbox 949 1622 1095 1689; x_wconf 84' lang='lat' dir='ltr'><strong>procellas</strong></span> <span class='ocrx_word' id='word_1_227' title='bbox 1112 1624 1294 1676; x_wconf 78' lang='lat' dir='ltr'><strong>certaminum</strong></span> <span class='ocrx_word' id='word_1_228' title='bbox 1308 1623 1536 1678; x_wconf 80' lang='lat' dir='ltr'><strong>cornmooentihus</strong></span> <span class='ocrx_word' id='word_1_229' title='bbox 1548 1625 1650 1678; x_wconf 83' lang='lat' dir='ltr'><strong>uirtute</strong></span> <span class='ocrx_word' id='word_1_230' title='bbox 1661 1625 1739 1678; x_wconf 83' lang='lat' dir='ltr'><strong>serti</strong></span> <span class='ocrx_word' id='word_1_231' title='bbox 1752 1642 1788 1679; x_wconf 84' lang='lat' dir='ltr'><strong>ac</strong></span> 
     </span>
     <span class='ocr_line' id='line_1_17' title="bbox 67 1704 1787 1779; baseline 0.003 -17"><span class='ocrx_word' id='word_1_232' title='bbox 67 1705 136 1762; x_wconf 79' lang='lat' dir='ltr'><strong>‚soi</strong></span> <span class='ocrx_word' id='word_1_233' title='bbox 156 1706 288 1777; x_wconf 80' lang='grc' dir='ltr'><strong>Χριστοῦ.</strong></span> <span class='ocrx_word' id='word_1_234' title='bbox 322 1710 345 1759; x_wconf 86' lang='grc'><strong>1.</strong></span> <span class='ocrx_word' id='word_1_235' title='bbox 363 1704 492 1776; x_wconf 90' lang='lat' dir='ltr'><strong>Illiquos</strong></span> <span class='ocrx_word' id='word_1_236' title='bbox 505 1705 630 1775; x_wconf 83' lang='lat' dir='ltr'><strong>pontifex</strong></span> <span class='ocrx_word' id='word_1_237' title='bbox 643 1706 680 1760; x_wconf 90' lang='grc'><strong>66</strong></span> <span class='ocrx_word' id='word_1_238' title='bbox 694 1707 850 1763; x_wconf 89' lang='lat' dir='ltr'><strong>docendum</strong></span> <span class='ocrx_word' id='word_1_239' title='bbox 864 1708 926 1764; x_wconf 89' lang='lat' dir='ltr'><strong>mit·</strong></span> <span class='ocrx_word' id='word_1_240' title='bbox 952 1707 1093 1776; x_wconf 81' lang='lat' dir='ltr'><strong>sapientia</strong></span> <span class='ocrx_word' id='word_1_241' title='bbox 1104 1708 1224 1763; x_wconf 87' lang='lat' dir='ltr'><strong>rationis</strong></span> <span class='ocrx_word' id='word_1_242' title='bbox 1236 1709 1378 1765; x_wconf 74' lang='grc'><strong>01616661.</strong></span> <span class='ocrx_word' id='word_1_243' title='bbox 1409 1709 1635 1779; x_wconf 64' lang='lat' dir='ltr'><strong>“Hieronymus</strong></span> <span class='ocrx_word' id='word_1_244' title='bbox 1649 1711 1727 1779; x_wconf 82' lang='lat' dir='ltr'><strong>epist</strong></span> <span class='ocrx_word' id='word_1_245' title='bbox 1743 1715 1787 1767; x_wconf 86' lang='grc'><strong>63.</strong></span> 
     </span>
     <span class='ocr_line' id='line_1_18' title="bbox 86 1789 1787 1866; baseline 0.004 -22"><span class='ocrx_word' id='word_1_246' title='bbox 86 1790 131 1858; x_wconf 87' lang='grc'><strong>111,</strong></span> <span class='ocrx_word' id='word_1_247' title='bbox 149 1789 321 1861; x_wconf 83' lang='lat' dir='ltr'><strong>quandoque</strong></span> <span class='ocrx_word' id='word_1_248' title='bbox 338 1790 374 1844; x_wconf 89' lang='lat' dir='ltr'><strong>ad</strong></span> <span class='ocrx_word' id='word_1_249' title='bbox 386 1790 457 1846; x_wconf 90' lang='lat' dir='ltr'><strong>illud</strong></span> <span class='ocrx_word' id='word_1_250' title='bbox 470 1799 535 1846; x_wconf 90' lang='lat' dir='ltr'><strong>sunt</strong></span> <span class='ocrx_word' id='word_1_251' title='bbox 546 1791 634 1861; x_wconf 87' lang='lat' dir='ltr'><strong>inepti</strong></span> <span class='ocrx_word' id='word_1_252' title='bbox 648 1809 682 1847; x_wconf 88' lang='lat' dir='ltr'><strong>ac</strong></span> <span class='ocrx_word' id='word_1_253' title='bbox 692 1792 818 1866; x_wconf 87' lang='lat' dir='ltr'><strong>plerique</strong></span> <span class='ocrx_word' id='word_1_254' title='bbox 830 1812 925 1850; x_wconf 89' lang='lat' dir='ltr'><strong>omnes</strong></span> <span class='ocrx_word' id='word_1_255' title='bbox 952 1791 988 1845; x_wconf 89' lang='lat' dir='ltr'><strong>ad</strong></span> <span class='ocrx_word' id='word_1_256' title='bbox 1006 1791 1122 1849; x_wconf 82' lang='lat' dir='ltr'><strong>Ossan:</strong></span> <span class='ocrx_word' id='word_1_257' title='bbox 1141 1796 1263 1848; x_wconf 85' lang='lat' dir='ltr'><strong>Latratu</strong></span> <span class='ocrx_word' id='word_1_258' title='bbox 1281 1812 1382 1848; x_wconf 87' lang='lat' dir='ltr'><strong>canum</strong></span> <span class='ocrx_word' id='word_1_259' title='bbox 1400 1795 1555 1864; x_wconf 84' lang='lat' dir='ltr'><strong>baculoque</strong></span> <span class='ocrx_word' id='word_1_260' title='bbox 1569 1795 1697 1864; x_wconf 85' lang='lat' dir='ltr'><strong>pastoris</strong></span> <span class='ocrx_word' id='word_1_261' title='bbox 1708 1797 1787 1866; x_wconf 84' lang='lat' dir='ltr'><strong>lupo-</strong></span> 
     </span>
     <span class='ocr_line' id='line_1_19' title="bbox 86 1874 1785 1951; baseline 0.006 -22"><span class='ocrx_word' id='word_1_262' title='bbox 86 1876 149 1930; x_wconf 89' lang='lat' dir='ltr'><strong>loco</strong></span> <span class='ocrx_word' id='word_1_263' title='bbox 165 1874 244 1930; x_wconf 79' lang='lat' dir='ltr'><strong>verbi</strong></span> <span class='ocrx_word' id='word_1_264' title='bbox 258 1875 385 1932; x_wconf 86' lang='lat' dir='ltr'><strong>coelestis</strong></span> <span class='ocrx_word' id='word_1_265' title='bbox 401 1876 542 1933; x_wconf 74' lang='grc'><strong>60661666</strong></span> <span class='ocrx_word' id='word_1_266' title='bbox 562 1878 697 1934; x_wconf 86' lang='lat' dir='ltr'><strong>humanas</strong></span> <span class='ocrx_word' id='word_1_267' title='bbox 716 1881 924 1951; x_wconf 86' lang='lat' dir='ltr'><strong>superstitiones</strong></span> <span class='ocrx_word' id='word_1_268' title='bbox 952 1896 1014 1932; x_wconf 86' lang='lat' dir='ltr'><strong>rum</strong></span> <span class='ocrx_word' id='word_1_269' title='bbox 1040 1880 1136 1932; x_wconf 83' lang='lat' dir='ltr'><strong>rabies</strong></span> <span class='ocrx_word' id='word_1_270' title='bbox 1161 1881 1333 1933; x_wconf 84' lang='lat' dir='ltr'><strong>deterrenda</strong></span> <span class='ocrx_word' id='word_1_271' title='bbox 1356 1888 1405 1936; x_wconf 86' lang='lat' dir='ltr'><strong>est.</strong></span> <span class='ocrx_word' id='word_1_272' title='bbox 1443 1879 1620 1949; x_wconf 80' lang='lat' dir='ltr'><strong>Augustinus</strong></span> <span class='ocrx_word' id='word_1_273' title='bbox 1647 1899 1726 1936; x_wconf 87' lang='lat' dir='ltr'><strong>serm.</strong></span> <span class='ocrx_word' id='word_1_274' title='bbox 1745 1887 1785 1940; x_wconf 83' lang='grc'><strong>61.</strong></span> 
     </span>
     <span class='ocr_line' id='line_1_20' title="bbox 88 1961 1785 2037; baseline 0.005 -20"><span class='ocrx_word' id='word_1_275' title='bbox 88 1967 117 2017; x_wconf 86' lang='grc'><strong>61</strong></span> <span class='ocrx_word' id='word_1_276' title='bbox 131 1961 305 2032; x_wconf 77' lang='lat' dir='ltr'><strong>conuptelas</strong></span> <span class='ocrx_word' id='word_1_277' title='bbox 323 1962 496 2018; x_wconf 85' lang='lat' dir='ltr'><strong>auditoribus</strong></span> <span class='ocrx_word' id='word_1_278' title='bbox 513 1971 681 2034; x_wconf 89' lang='lat' dir='ltr'><strong>proponunt.</strong></span> <span class='ocrx_word' id='word_1_279' title='bbox 951 1965 987 2019; x_wconf 91' lang='lat' dir='ltr'><strong>de</strong></span> <span class='ocrx_word' id='word_1_280' title='bbox 1005 1969 1105 2034; x_wconf 79' lang='lat' dir='ltr'><strong>temp:</strong></span> <span class='ocrx_word' id='word_1_281' title='bbox 1129 1967 1193 2019; x_wconf 87' lang='lat' dir='ltr'><strong>Hoc</strong></span> <span class='ocrx_word' id='word_1_282' title='bbox 1208 1982 1264 2034; x_wconf 88' lang='lat' dir='ltr'><strong>per</strong></span> <span class='ocrx_word' id='word_1_283' title='bbox 1281 1966 1354 2019; x_wconf 83' lang='grc'><strong>1066</strong></span> <span class='ocrx_word' id='word_1_284' title='bbox 1371 1967 1492 2035; x_wconf 68' lang='lat' dir='ltr'><strong>siparum</strong></span> <span class='ocrx_word' id='word_1_285' title='bbox 1510 1965 1604 2033; x_wconf 83' lang='lat' dir='ltr'><strong>(Num.</strong></span> <span class='ocrx_word' id='word_1_286' title='bbox 1626 1973 1665 2034; x_wconf 89' lang='grc'><strong>16,</strong></span> <span class='ocrx_word' id='word_1_287' title='bbox 1684 1984 1710 2021; x_wconf 93' lang='grc'><strong>6.</strong></span> <span class='ocrx_word' id='word_1_288' title='bbox 1731 1971 1785 2037; x_wconf 84' lang='lat' dir='ltr'><strong>se.)</strong></span> 
     </span>
    </p>

    <p class='ocr_par' dir='ltr' id='par_1_4' title="bbox 10 2047 1787 2125">
     <span class='ocr_line' id='line_1_21' title="bbox 10 2047 1787 2125; baseline 0.003 -22"><span class='ocrx_word' id='word_1_289' title='bbox 10 2091 13 2112; x_wconf 77' lang='grc'><strong>,</strong></span> <span class='ocrx_word' id='word_1_290' title='bbox 36 2086 60 2114; x_wconf 82' lang='grc'><strong>,.</strong></span> <span class='ocrx_word' id='word_1_291' title='bbox 124 2053 183 2104; x_wconf 83' lang='grc'><strong>366.</strong></span> <span class='ocrx_word' id='word_1_292' title='bbox 219 2047 345 2103; x_wconf 87' lang='grc'><strong>1)006661</strong></span> <span class='ocrx_word' id='word_1_293' title='bbox 373 2065 473 2103; x_wconf 86' lang='lat' dir='ltr'><strong>munus</strong></span> <span class='ocrx_word' id='word_1_294' title='bbox 503 2048 532 2103; x_wconf 91' lang='lat' dir='ltr'><strong>in</strong></span> <span class='ocrx_word' id='word_1_295' title='bbox 561 2049 697 2105; x_wconf 89' lang='lat' dir='ltr'><strong>habendis</strong></span> <span class='ocrx_word' id='word_1_296' title='bbox 728 2051 764 2104; x_wconf 88' lang='lat' dir='ltr'><strong>ad</strong></span> <span class='ocrx_word' id='word_1_297' title='bbox 790 2050 924 2121; x_wconf 90' lang='lat' dir='ltr'><strong>populum</strong></span> <span class='ocrx_word' id='word_1_298' title='bbox 949 2051 1060 2104; x_wconf 78' lang='grc'><strong>0166166</strong></span> <span class='ocrx_word' id='word_1_299' title='bbox 1077 2053 1200 2120; x_wconf 87' lang='lat' dir='ltr'><strong>ostendi,</strong></span> <span class='ocrx_word' id='word_1_300' title='bbox 1219 2054 1296 2120; x_wconf 85' lang='lat' dir='ltr'><strong>qaod</strong></span> <span class='ocrx_word' id='word_1_301' title='bbox 1313 2052 1457 2106; x_wconf 79' lang='lat' dir='ltr'><strong>thuribula</strong></span> <span class='ocrx_word' id='word_1_302' title='bbox 1468 2052 1532 2115; x_wconf 88' lang='lat' dir='ltr'><strong>ieta,</strong></span> <span class='ocrx_word' id='word_1_303' title='bbox 1550 2052 1787 2125; x_wconf 79' lang='lat' dir='ltr'><strong>quaeScriptura</strong></span> 
     </span>
    </p>

    <p class='ocr_par' dir='ltr' id='par_1_5' title="bbox 10 2133 1909 3072">
     <span class='ocr_line' id='line_1_22' title="bbox 10 2133 1786 2209; baseline 0.002 -18"><span class='ocrx_word' id='word_1_304' title='bbox 10 2153 13 2165; x_wconf 93' lang='lat'><em>·</em></span> <span class='ocrx_word' id='word_1_305' title='bbox 88 2133 268 2191; x_wconf 87' lang='lat' dir='ltr'><strong>concionibus</strong></span> <span class='ocrx_word' id='word_1_306' title='bbox 298 2141 423 2192; x_wconf 72' lang='lat' dir='ltr'><strong>vereatur</strong></span> <span class='ocrx_word' id='word_1_307' title='bbox 452 2135 498 2190; x_wconf 85' lang='grc'><strong>661</strong></span> <span class='ocrx_word' id='word_1_308' title='bbox 523 2136 656 2205; x_wconf 63' lang='lat' dir='ltr'><strong>maxima</strong></span> <span class='ocrx_word' id='word_1_309' title='bbox 690 2155 762 2208; x_wconf 89' lang='lat' dir='ltr'><strong>quse</strong></span> <span class='ocrx_word' id='word_1_310' title='bbox 787 2137 924 2209; x_wconf 89' lang='lat' dir='ltr'><strong>quomodo</strong></span> <span class='ocrx_word' id='word_1_311' title='bbox 950 2138 1079 2191; x_wconf 85' lang='lat' dir='ltr'><strong>nominat</strong></span> <span class='ocrx_word' id='word_1_312' title='bbox 1091 2153 1185 2205; x_wconf 84' lang='lat' dir='ltr'><strong>aereo,</strong></span> <span class='ocrx_word' id='word_1_313' title='bbox 1199 2139 1348 2206; x_wconf 79' lang='lat' dir='ltr'><strong>imcpinem</strong></span> <span class='ocrx_word' id='word_1_314' title='bbox 1360 2145 1472 2191; x_wconf 89' lang='lat' dir='ltr'><strong>teneant</strong></span> <span class='ocrx_word' id='word_1_315' title='bbox 1484 2138 1653 2207; x_wconf 74' lang='lat' dir='ltr'><strong>Scripturas</strong></span> <span class='ocrx_word' id='word_1_316' title='bbox 1663 2140 1786 2196; x_wconf 83' lang='lat' dir='ltr'><strong>diuinae.</strong></span> 
     </span>
     <span class='ocr_line' id='line_1_23' title="bbox 88 2220 1787 2295; baseline 0.004 -19"><span class='ocrx_word' id='word_1_317' title='bbox 88 2220 275 2276; x_wconf 85' lang='lat' dir='ltr'><strong>instituendae</strong></span> <span class='ocrx_word' id='word_1_318' title='bbox 295 2221 366 2287; x_wconf 90' lang='lat' dir='ltr'><strong>sint,</strong></span> <span class='ocrx_word' id='word_1_319' title='bbox 391 2221 525 2276; x_wconf 85' lang='lat' dir='ltr'><strong>latissime</strong></span> <span class='ocrx_word' id='word_1_320' title='bbox 551 2223 726 2294; x_wconf 83' lang='lat' dir='ltr'><strong>exposuimus</strong></span> <span class='ocrx_word' id='word_1_321' title='bbox 745 2224 775 2278; x_wconf 87' lang='lat' dir='ltr'><strong>in</strong></span> <span class='ocrx_word' id='word_1_322' title='bbox 793 2224 923 2278; x_wconf 89' lang='lat' dir='ltr'><strong>methodo</strong></span> <span class='ocrx_word' id='word_1_323' title='bbox 951 2220 1005 2276; x_wconf 81' lang='lat' dir='ltr'><strong>Oui</strong></span> <span class='ocrx_word' id='word_1_324' title='bbox 1025 2222 1189 2292; x_wconf 76' lang='lat' dir='ltr'><strong>Scripturas</strong></span> <span class='ocrx_word' id='word_1_325' title='bbox 1207 2225 1344 2278; x_wconf 72' lang='grc'><strong>16666116·</strong></span> <span class='ocrx_word' id='word_1_326' title='bbox 1360 2224 1484 2277; x_wconf 86' lang='lat' dir='ltr'><strong>alienum</strong></span> <span class='ocrx_word' id='word_1_327' title='bbox 1502 2223 1594 2293; x_wconf 84' lang='lat' dir='ltr'><strong>ipnem</strong></span> <span class='ocrx_word' id='word_1_328' title='bbox 1605 2224 1787 2295; x_wconf 83' lang='lat' dir='ltr'><strong>imponentes,</strong></span> 
     </span>
     <span class='ocr_line' id='line_1_24' title="bbox 89 2306 1785 2389; baseline 0.004 -29"><span class='ocrx_word' id='word_1_329' title='bbox 89 2306 175 2362; x_wconf 89' lang='lat' dir='ltr'><strong>studii</strong></span> <span class='ocrx_word' id='word_1_330' title='bbox 202 2306 353 2378; x_wconf 83' lang='lat' dir='ltr'><strong>theologici</strong></span> <span class='ocrx_word' id='word_1_331' title='bbox 369 2313 440 2389; x_wconf 76' lang='lat' dir='ltr'><strong>pqrt.</strong></span> <span class='ocrx_word' id='word_1_332' title='bbox 461 2313 485 2364; x_wconf 88' lang='grc'><strong>3.</strong></span> <span class='ocrx_word' id='word_1_333' title='bbox 513 2313 580 2364; x_wconf 89' lang='lat' dir='ltr'><strong>sect.</strong></span> <span class='ocrx_word' id='word_1_334' title='bbox 602 2315 626 2364; x_wconf 82' lang='grc'><strong>4.</strong></span> <span class='ocrx_word' id='word_1_335' title='bbox 647 2326 672 2364; x_wconf 88' lang='grc'><strong>6.</strong></span> <span class='ocrx_word' id='word_1_336' title='bbox 693 2309 923 2365; x_wconf 78' lang='grc' dir='ltr'><strong>261106166ᾱί-</strong></span> <span class='ocrx_word' id='word_1_337' title='bbox 950 2324 1060 2363; x_wconf 81' lang='lat' dir='ltr'><strong>sermm</strong></span> <span class='ocrx_word' id='word_1_338' title='bbox 1082 2309 1213 2364; x_wconf 67' lang='lat' dir='ltr'><strong>uidelicet</strong></span> <span class='ocrx_word' id='word_1_339' title='bbox 1229 2311 1274 2365; x_wconf 82' lang='grc'><strong>661</strong></span> <span class='ocrx_word' id='word_1_340' title='bbox 1294 2326 1418 2364; x_wconf 83' lang='lat' dir='ltr'><strong>errorem</strong></span> <span class='ocrx_word' id='word_1_341' title='bbox 1437 2317 1464 2364; x_wconf 93' lang='lat' dir='ltr'><strong>et</strong></span> <span class='ocrx_word' id='word_1_342' title='bbox 1483 2309 1699 2376; x_wconf 80' lang='lat' dir='ltr'><strong>inteiiipentiam</strong></span> <span class='ocrx_word' id='word_1_343' title='bbox 1716 2313 1785 2366; x_wconf 89' lang='lat' dir='ltr'><strong>alie·</strong></span> 
     </span>
     <span class='ocr_line' id='line_1_25' title="bbox 87 2392 1785 2468; baseline 0.002 -20"><span class='ocrx_word' id='word_1_344' title='bbox 87 2411 157 2461; x_wconf 90' lang='lat' dir='ltr'><strong>mus,</strong></span> <span class='ocrx_word' id='word_1_345' title='bbox 182 2392 362 2449; x_wconf 84' lang='lat' dir='ltr'><strong>ecclesiastici</strong></span> <span class='ocrx_word' id='word_1_346' title='bbox 387 2393 502 2450; x_wconf 88' lang='lat' dir='ltr'><strong>oratoris</strong></span> <span class='ocrx_word' id='word_1_347' title='bbox 522 2394 577 2449; x_wconf 89' lang='lat' dir='ltr'><strong>duo</strong></span> <span class='ocrx_word' id='word_1_348' title='bbox 595 2411 656 2451; x_wconf 90' lang='lat' dir='ltr'><strong>esse</strong></span> <span class='ocrx_word' id='word_1_349' title='bbox 673 2394 766 2450; x_wconf 86' lang='lat' dir='ltr'><strong>officia</strong></span> <span class='ocrx_word' id='word_1_350' title='bbox 784 2396 923 2466; x_wconf 88' lang='lat' dir='ltr'><strong>primaria,</strong></span> <span class='ocrx_word' id='word_1_351' title='bbox 949 2413 1014 2448; x_wconf 88' lang='lat' dir='ltr'><strong>nam</strong></span> <span class='ocrx_word' id='word_1_352' title='bbox 1044 2413 1064 2448; x_wconf 89' lang='lat' dir='ltr'><strong>a</strong></span> <span class='ocrx_word' id='word_1_353' title='bbox 1090 2399 1155 2451; x_wconf 88' lang='lat' dir='ltr'><strong>Deo</strong></span> <span class='ocrx_word' id='word_1_354' title='bbox 1183 2405 1209 2450; x_wconf 88' lang='lat' dir='ltr'><strong>et</strong></span> <span class='ocrx_word' id='word_1_355' title='bbox 1238 2396 1352 2450; x_wconf 82' lang='lat' dir='ltr'><strong>veritati</strong></span> <span class='ocrx_word' id='word_1_356' title='bbox 1374 2396 1550 2449; x_wconf 86' lang='lat' dir='ltr'><strong>contrarium</strong></span> <span class='ocrx_word' id='word_1_357' title='bbox 1568 2396 1785 2468; x_wconf 84' lang='lat' dir='ltr'><strong>introducentes,</strong></span> 
     </span>
     <span class='ocr_line' id='line_1_26' title="bbox 90 2479 1782 2553; baseline 0.004 -20"><span class='ocrx_word' id='word_1_358' title='bbox 90 2479 258 2550; x_wconf 74' lang='lat' dir='ltr'><strong>Scripturas</strong></span> <span class='ocrx_word' id='word_1_359' title='bbox 285 2480 392 2535; x_wconf 86' lang='lat' dir='ltr'><strong>seilicet</strong></span> <span class='ocrx_word' id='word_1_360' title='bbox 410 2481 668 2550; x_wconf 72' lang='lat' dir='ltr'><strong>interpretationem</strong></span> <span class='ocrx_word' id='word_1_361' title='bbox 686 2483 863 2552; x_wconf 82' lang='lat' dir='ltr'><strong>ejusdemque</strong></span> <span class='ocrx_word' id='word_1_362' title='bbox 883 2484 924 2536; x_wconf 82' lang='lat' dir='ltr'><strong>ad</strong></span> <span class='ocrx_word' id='word_1_363' title='bbox 949 2481 1089 2537; x_wconf 83' lang='lat' dir='ltr'><strong>incensum</strong></span> <span class='ocrx_word' id='word_1_364' title='bbox 1103 2483 1228 2537; x_wconf 87' lang='lat' dir='ltr'><strong>Domino</strong></span> <span class='ocrx_word' id='word_1_365' title='bbox 1240 2500 1296 2535; x_wconf 89' lang='lat' dir='ltr'><strong>non</strong></span> <span class='ocrx_word' id='word_1_366' title='bbox 1307 2483 1467 2550; x_wconf 66' lang='lat' dir='ltr'><strong>sacrasset</strong></span> <span class='ocrx_word' id='word_1_367' title='bbox 1477 2482 1782 2553; x_wconf 78' lang='lat' dir='ltr'><strong>euseerahiieofferunt.</strong></span> 
     </span>
     <span class='ocr_line' id='line_1_27' title="bbox 87 2566 1783 2639; baseline 0.002 -19"><span class='ocrx_word' id='word_1_368' title='bbox 87 2567 243 2621; x_wconf 74' lang='lat' dir='ltr'><strong>edutarem</strong></span> <span class='ocrx_word' id='word_1_369' title='bbox 254 2566 418 2622; x_wconf 75' lang='grc'><strong>6661106666</strong></span> <span class='ocrx_word' id='word_1_370' title='bbox 431 2586 512 2623; x_wconf 84' lang='lat' dir='ltr'><strong>usum</strong></span> <span class='ocrx_word' id='word_1_371' title='bbox 525 2570 814 2625; x_wconf 83' lang='lat' dir='ltr'><strong>accommodationem.</strong></span> <span class='ocrx_word' id='word_1_372' title='bbox 834 2569 921 2625; x_wconf 88' lang='lat' dir='ltr'><strong>Inter-</strong></span> <span class='ocrx_word' id='word_1_373' title='bbox 947 2567 1009 2621; x_wconf 88' lang='lat' dir='ltr'><strong>Ista</strong></span> <span class='ocrx_word' id='word_1_374' title='bbox 1028 2586 1095 2635; x_wconf 81' lang='lat' dir='ltr'><strong>erpo</strong></span> <span class='ocrx_word' id='word_1_375' title='bbox 1114 2569 1257 2623; x_wconf 75' lang='grc'><strong>1116661616</strong></span> <span class='ocrx_word' id='word_1_376' title='bbox 1274 2585 1367 2638; x_wconf 89' lang='lat' dir='ltr'><strong>aerea,</strong></span> <span class='ocrx_word' id='word_1_377' title='bbox 1386 2569 1420 2621; x_wconf 83' lang='grc'><strong>16</strong></span> <span class='ocrx_word' id='word_1_378' title='bbox 1433 2575 1475 2622; x_wconf 90' lang='lat' dir='ltr'><strong>est</strong></span> <span class='ocrx_word' id='word_1_379' title='bbox 1484 2568 1686 2623; x_wconf 69' lang='lat' dir='ltr'><strong>hamaicorum</strong></span> <span class='ocrx_word' id='word_1_380' title='bbox 1696 2587 1783 2639; x_wconf 82' lang='grc'><strong>06666,</strong></span> 
     </span>
     <span class='ocr_line' id='line_1_28' title="bbox 88 2652 1783 2726; baseline 0.001 -18"><span class='ocrx_word' id='word_1_381' title='bbox 88 2654 206 2724; x_wconf 83' lang='lat' dir='ltr'><strong>pretatis</strong></span> <span class='ocrx_word' id='word_1_382' title='bbox 223 2652 384 2723; x_wconf 84' lang='lat' dir='ltr'><strong>Scripturas</strong></span> <span class='ocrx_word' id='word_1_383' title='bbox 400 2653 593 2725; x_wconf 86' lang='lat' dir='ltr'><strong>complectitur</strong></span> <span class='ocrx_word' id='word_1_384' title='bbox 609 2663 666 2710; x_wconf 87' lang='lat' dir='ltr'><strong>tum</strong></span> <span class='ocrx_word' id='word_1_385' title='bbox 685 2656 747 2710; x_wconf 82' lang='lat' dir='ltr'><strong>neri</strong></span> <span class='ocrx_word' id='word_1_386' title='bbox 763 2664 790 2710; x_wconf 89' lang='lat' dir='ltr'><strong>et</strong></span> <span class='ocrx_word' id='word_1_387' title='bbox 809 2657 924 2726; x_wconf 80' lang='lat' dir='ltr'><strong>penuiai</strong></span> <span class='ocrx_word' id='word_1_388' title='bbox 947 2655 974 2707; x_wconf 90' lang='lat' dir='ltr'><strong>si</strong></span> <span class='ocrx_word' id='word_1_389' title='bbox 991 2654 1175 2709; x_wconf 79' lang='lat' dir='ltr'><strong>adhibeamus</strong></span> <span class='ocrx_word' id='word_1_390' title='bbox 1192 2657 1234 2708; x_wconf 82' lang='lat' dir='ltr'><strong>ad</strong></span> <span class='ocrx_word' id='word_1_391' title='bbox 1249 2655 1341 2709; x_wconf 84' lang='lat' dir='ltr'><strong>altare</strong></span> <span class='ocrx_word' id='word_1_392' title='bbox 1360 2655 1426 2721; x_wconf 87' lang='lat' dir='ltr'><strong>Dei,</strong></span> <span class='ocrx_word' id='word_1_393' title='bbox 1445 2654 1495 2707; x_wconf 83' lang='lat' dir='ltr'><strong>udi</strong></span> <span class='ocrx_word' id='word_1_394' title='bbox 1511 2655 1623 2709; x_wconf 81' lang='lat' dir='ltr'><strong>divinus</strong></span> <span class='ocrx_word' id='word_1_395' title='bbox 1641 2656 1716 2723; x_wconf 80' lang='lat' dir='ltr'><strong>ipsis</strong></span> <span class='ocrx_word' id='word_1_396' title='bbox 1736 2664 1783 2723; x_wconf 84' lang='lat' dir='ltr'><strong>est,</strong></span> 
     </span>
     <span class='ocr_line' id='line_1_29' title="bbox 87 2739 1782 2812; baseline 0.001 -19"><span class='ocrx_word' id='word_1_397' title='bbox 87 2757 184 2795; x_wconf 87' lang='lat' dir='ltr'><strong>sensus</strong></span> <span class='ocrx_word' id='word_1_398' title='bbox 217 2739 470 2808; x_wconf 67' lang='lat' dir='ltr'><strong>inoesnpationem,</strong></span> <span class='ocrx_word' id='word_1_399' title='bbox 506 2746 566 2795; x_wconf 89' lang='lat' dir='ltr'><strong>tum</strong></span> <span class='ocrx_word' id='word_1_400' title='bbox 592 2742 716 2812; x_wconf 87' lang='lat' dir='ltr'><strong>ejusdem</strong></span> <span class='ocrx_word' id='word_1_401' title='bbox 738 2745 921 2812; x_wconf 86' lang='lat' dir='ltr'><strong>perspicuam</strong></span> <span class='ocrx_word' id='word_1_402' title='bbox 947 2740 996 2793; x_wconf 86' lang='lat' dir='ltr'><strong>uhi</strong></span> <span class='ocrx_word' id='word_1_403' title='bbox 1018 2757 1086 2794; x_wconf 86' lang='lat' dir='ltr'><strong>uera</strong></span> <span class='ocrx_word' id='word_1_404' title='bbox 1107 2742 1289 2810; x_wconf 85' lang='lat' dir='ltr'><strong>praedicatio</strong></span> <span class='ocrx_word' id='word_1_405' title='bbox 1310 2741 1395 2808; x_wconf 75' lang='grc'><strong>1661,</strong></span> <span class='ocrx_word' id='word_1_406' title='bbox 1419 2740 1519 2794; x_wconf 85' lang='lat' dir='ltr'><strong>melius</strong></span> <span class='ocrx_word' id='word_1_407' title='bbox 1540 2741 1605 2809; x_wconf 87' lang='lat' dir='ltr'><strong>ipsa</strong></span> <span class='ocrx_word' id='word_1_408' title='bbox 1626 2741 1730 2794; x_wconf 79' lang='grc'><strong>6661166</strong></span> <span class='ocrx_word' id='word_1_409' title='bbox 1748 2757 1782 2794; x_wconf 82' lang='lat' dir='ltr'><strong>ec</strong></span> 
     </span>
     <span class='ocr_line' id='line_1_30' title="bbox 89 2824 1503 2900; baseline -0.002 -20"><span class='ocrx_word' id='word_1_410' title='bbox 89 2825 304 2882; x_wconf 77' lang='grc'><strong>660666110666.</strong></span> <span class='ocrx_word' id='word_1_411' title='bbox 340 2824 569 2881; x_wconf 82' lang='lat' dir='ltr'><strong>Accommodatio</strong></span> <span class='ocrx_word' id='word_1_412' title='bbox 587 2827 624 2882; x_wconf 90' lang='lat' dir='ltr'><strong>sd</strong></span> <span class='ocrx_word' id='word_1_413' title='bbox 641 2827 763 2899; x_wconf 90' lang='lat' dir='ltr'><strong>quinque</strong></span> <span class='ocrx_word' id='word_1_414' title='bbox 781 2829 922 2900; x_wconf 90' lang='lat' dir='ltr'><strong>generalia</strong></span> <span class='ocrx_word' id='word_1_415' title='bbox 946 2826 1089 2888; x_wconf 68' lang='lat' dir='ltr'><strong>sacoma</strong></span> <span class='ocrx_word' id='word_1_416' title='bbox 1106 2827 1317 2898; x_wconf 83' lang='lat' dir='ltr'><strong>comparatione</strong></span> <span class='ocrx_word' id='word_1_417' title='bbox 1332 2826 1503 2894; x_wconf 66' lang='grc'><strong>1619611111</strong></span> 
     </span>
     <span class='ocr_line' id='line_1_31' title="bbox 89 2906 1909 2999; baseline 0.001 -33"><span class='ocrx_word' id='word_1_418' title='bbox 89 2911 181 2983; x_wconf 80' lang='lat' dir='ltr'><strong>capita</strong></span> <span class='ocrx_word' id='word_1_419' title='bbox 200 2911 286 2981; x_wconf 83' lang='lat' dir='ltr'><strong>juxta</strong></span> <span class='ocrx_word' id='word_1_420' title='bbox 308 2909 512 2982; x_wconf 84' lang='lat' dir='ltr'><strong>praescriptum</strong></span> <span class='ocrx_word' id='word_1_421' title='bbox 536 2913 655 2982; x_wconf 87' lang='lat' dir='ltr'><strong>apostoli</strong></span> <span class='ocrx_word' id='word_1_422' title='bbox 676 2913 755 2969; x_wconf 89' lang='lat' dir='ltr'><strong>Rom.</strong></span> <span class='ocrx_word' id='word_1_423' title='bbox 778 2920 823 2982; x_wconf 90' lang='lat'><strong>15,</strong></span> <span class='ocrx_word' id='word_1_424' title='bbox 851 2932 876 2970; x_wconf 89' lang='lat' dir='ltr'><strong>r.</strong></span> <span class='ocrx_word' id='word_1_425' title='bbox 896 2922 920 2972; x_wconf 96' lang='grc'><strong>4.</strong></span> <span class='ocrx_word' id='word_1_426' title='bbox 982 2917 1041 2969; x_wconf 90' lang='grc'><strong>269.</strong></span> <span class='ocrx_word' id='word_1_427' title='bbox 1077 2911 1226 2976; x_wconf 86' lang='lat' dir='ltr'><strong>Quaeritur</strong></span> <span class='ocrx_word' id='word_1_428' title='bbox 1255 2913 1308 2966; x_wconf 86' lang='lat' dir='ltr'><strong>hoc</strong></span> <span class='ocrx_word' id='word_1_429' title='bbox 1331 2910 1392 2966; x_wconf 91' lang='lat' dir='ltr'><strong>loco</strong></span> <span class='ocrx_word' id='word_1_430' title='bbox 1418 2909 1640 2981; x_wconf 79' lang='grc' dir='ltr'><strong>61666116γχον.</strong></span> <span class='ocrx_word' id='word_1_431' title='bbox 1685 2918 1707 2968; x_wconf 90' lang='grc'><strong>1.</strong></span> <span class='ocrx_word' id='word_1_432' title='bbox 1732 2906 1909 2999; x_wconf 55' lang='grc'><strong>66931111</strong></span> 
     </span>
     <span class='ocr_line' id='line_1_32' title="bbox 89 2996 1874 3072; baseline 0.001 -19"><span class='ocrx_word' id='word_1_433' title='bbox 89 3005 112 3054; x_wconf 88' lang='grc'><strong>2.</strong></span> <span class='ocrx_word' id='word_1_434' title='bbox 129 2996 201 3055; x_wconf 78' lang='lat' dir='ltr'><strong>‘tim</strong></span> <span class='ocrx_word' id='word_1_435' title='bbox 223 3002 254 3061; x_wconf 91' lang='grc'><strong>3,</strong></span> <span class='ocrx_word' id='word_1_436' title='bbox 276 3014 303 3053; x_wconf 87' lang='grc'><strong>6.</strong></span> <span class='ocrx_word' id='word_1_437' title='bbox 325 3003 364 3053; x_wconf 93' lang='grc'><strong>16.</strong></span> <span class='ocrx_word' id='word_1_438' title='bbox 390 2997 535 3054; x_wconf 90' lang='lat' dir='ltr'><strong>commode</strong></span> <span class='ocrx_word' id='word_1_439' title='bbox 553 2999 649 3055; x_wconf 81' lang='lat' dir='ltr'><strong>referri</strong></span> <span class='ocrx_word' id='word_1_440' title='bbox 667 3007 773 3072; x_wconf 85' lang='lat' dir='ltr'><strong>potest,</strong></span> <span class='ocrx_word' id='word_1_441' title='bbox 792 3003 922 3059; x_wconf 79' lang='lat' dir='ltr'><strong>videlieet</strong></span> <span class='ocrx_word' id='word_1_442' title='bbox 947 3000 1128 3068; x_wconf 80' lang='lat' dir='ltr'><strong>mapistratus</strong></span> <span class='ocrx_word' id='word_1_443' title='bbox 1147 2999 1324 3054; x_wconf 76' lang='lat' dir='ltr'><strong>Christianus</strong></span> <span class='ocrx_word' id='word_1_444' title='bbox 1335 2998 1484 3067; x_wconf 70' lang='lat' dir='ltr'><strong>probatem</strong></span> <span class='ocrx_word' id='word_1_445' title='bbox 1492 2999 1593 3067; x_wconf 79' lang='lat' dir='ltr'><strong>possit</strong></span> <span class='ocrx_word' id='word_1_446' title='bbox 1612 3000 1784 3055; x_wconf 80' lang='lat' dir='ltr'><strong>nemrnutrs</strong></span> <span class='ocrx_word' id='word_1_447' title='bbox 1796 3020 1874 3050; x_wconf 79' lang='lat' dir='ltr'><strong>esrem</strong></span> 
     </span>
    </p>
   </div>
   <div class='ocr_carea' id='block_1_3' title="bbox 88 3062 1914 3328">
    <p class='ocr_par' dir='ltr' id='par_1_6' title="bbox 88 3062 1904 3328">
     <span class='ocr_line' id='line_1_33' title="bbox 88 3062 1891 3162; baseline 0.001 -24"><span class='ocrx_word' id='word_1_448' title='bbox 88 3084 123 3138; x_wconf 87' lang='lat' dir='ltr'><strong>ad</strong></span> <span class='ocrx_word' id='word_1_449' title='bbox 146 3083 345 3154; x_wconf 75' lang='grc' dir='ltr'><strong>διδασκαλίαν,</strong></span> <span class='ocrx_word' id='word_1_450' title='bbox 371 3083 408 3138; x_wconf 86' lang='grc'><strong>66</strong></span> <span class='ocrx_word' id='word_1_451' title='bbox 433 3084 561 3155; x_wconf 70' lang='grc' dir='ltr'><strong>ἔλεγχον,</strong></span> <span class='ocrx_word' id='word_1_452' title='bbox 588 3085 625 3141; x_wconf 87' lang='lat' dir='ltr'><strong>ad</strong></span> <span class='ocrx_word' id='word_1_453' title='bbox 644 3086 857 3160; x_wconf 75' lang='grc' dir='ltr'><strong>ἐπανόρθωσιν,</strong></span> <span class='ocrx_word' id='word_1_454' title='bbox 884 3090 920 3144; x_wconf 85' lang='grc'><strong>66</strong></span> <span class='ocrx_word' id='word_1_455' title='bbox 947 3085 1082 3139; x_wconf 90' lang='lat' dir='ltr'><strong>ecclesiae</strong></span> <span class='ocrx_word' id='word_1_456' title='bbox 1105 3085 1260 3139; x_wconf 77' lang='lat' dir='ltr'><strong>haereticos</strong></span> <span class='ocrx_word' id='word_1_457' title='bbox 1274 3085 1437 3152; x_wconf 81' lang='lat' dir='ltr'><strong>pertinaces</strong></span> <span class='ocrx_word' id='word_1_458' title='bbox 1455 3092 1481 3138; x_wconf 87' lang='lat' dir='ltr'><strong>st</strong></span> <span class='ocrx_word' id='word_1_459' title='bbox 1501 3085 1639 3140; x_wconf 84' lang='lat' dir='ltr'><strong>convictos</strong></span> <span class='ocrx_word' id='word_1_460' title='bbox 1657 3062 1891 3162; x_wconf 49' lang='grc' dir='ltr'><strong>60666611,ῗῇ</strong></span> 
     </span>
     <span class='ocr_line' id='line_1_34' title="bbox 89 3141 1914 3256; baseline 0.002 -33"><span class='ocrx_word' id='word_1_461' title='bbox 89 3170 216 3224; x_wconf 75' lang='grc' dir='ltr'><strong>παιδείαν</strong></span> <span class='ocrx_word' id='word_1_462' title='bbox 237 3173 266 3224; x_wconf 89' lang='grc'><strong>61</strong></span> <span class='ocrx_word' id='word_1_463' title='bbox 283 3167 321 3225; x_wconf 85' lang='grc'><strong>66</strong></span> <span class='ocrx_word' id='word_1_464' title='bbox 341 3167 524 3243; x_wconf 76' lang='grc' dir='ltr'><strong>παράκλησιν.</strong></span> <span class='ocrx_word' id='word_1_465' title='bbox 553 3171 690 3229; x_wconf 84' lang='lat' dir='ltr'><strong>Nimirum</strong></span> <span class='ocrx_word' id='word_1_466' title='bbox 708 3172 867 3245; x_wconf 83' lang='lat' dir='ltr'><strong>Scripturas</strong></span> <span class='ocrx_word' id='word_1_467' title='bbox 884 3174 922 3231; x_wconf 81' lang='lat' dir='ltr'><strong>ls-</strong></span> <span class='ocrx_word' id='word_1_468' title='bbox 949 3171 997 3224; x_wconf 91' lang='lat' dir='ltr'><strong>tim</strong></span> <span class='ocrx_word' id='word_1_469' title='bbox 1020 3171 1227 3240; x_wconf 82' lang='lat' dir='ltr'><strong>perstrinpant,</strong></span> <span class='ocrx_word' id='word_1_470' title='bbox 1253 3187 1287 3225; x_wconf 89' lang='lat' dir='ltr'><strong>ae</strong></span> <span class='ocrx_word' id='word_1_471' title='bbox 1311 3171 1339 3224; x_wconf 88' lang='lat' dir='ltr'><strong>si</strong></span> <span class='ocrx_word' id='word_1_472' title='bbox 1361 3170 1428 3224; x_wconf 87' lang='lat' dir='ltr'><strong>talis</strong></span> <span class='ocrx_word' id='word_1_473' title='bbox 1442 3171 1596 3240; x_wconf 73' lang='lat' dir='ltr'><strong>prohibitio</strong></span> <span class='ocrx_word' id='word_1_474' title='bbox 1614 3174 1805 3256; x_wconf 86' lang='lat' dir='ltr'><strong>auctoritate</strong></span> <span class='ocrx_word' id='word_1_475' title='bbox 1796 3141 1914 3214; x_wconf 72' lang='grc'><strong>11111111·</strong></span> 
     </span>
     <span class='ocr_line' id='line_1_35' title="bbox 89 3256 1874 3328; baseline -0.001 -17"><span class='ocrx_word' id='word_1_476' title='bbox 89 3256 184 3327; x_wconf 73' lang='lat' dir='ltr'><strong>gitim</strong></span> <span class='ocrx_word' id='word_1_477' title='bbox 209 3262 238 3312; x_wconf 88' lang='lat' dir='ltr'><strong>et</strong></span> <span class='ocrx_word' id='word_1_478' title='bbox 266 3272 334 3312; x_wconf 88' lang='lat' dir='ltr'><strong>sano</strong></span> <span class='ocrx_word' id='word_1_479' title='bbox 359 3273 443 3312; x_wconf 86' lang='lat' dir='ltr'><strong>sensu</strong></span> <span class='ocrx_word' id='word_1_480' title='bbox 469 3257 610 3328; x_wconf 86' lang='lat' dir='ltr'><strong>expositae</strong></span> <span class='ocrx_word' id='word_1_481' title='bbox 635 3261 854 3316; x_wconf 85' lang='lat' dir='ltr'><strong>accommodatio</strong></span> <span class='ocrx_word' id='word_1_482' title='bbox 879 3266 922 3316; x_wconf 88' lang='lat' dir='ltr'><strong>est</strong></span> <span class='ocrx_word' id='word_1_483' title='bbox 947 3257 1130 3326; x_wconf 83' lang='lat' dir='ltr'><strong>mapistratus</strong></span> <span class='ocrx_word' id='word_1_484' title='bbox 1144 3257 1348 3327; x_wconf 77' lang='lat' dir='ltr'><strong>promsslpetur,</strong></span> <span class='ocrx_word' id='word_1_485' title='bbox 1365 3273 1403 3308; x_wconf 87' lang='lat' dir='ltr'><strong>an</strong></span> <span class='ocrx_word' id='word_1_486' title='bbox 1419 3257 1544 3312; x_wconf 86' lang='lat' dir='ltr'><strong>ministri</strong></span> <span class='ocrx_word' id='word_1_487' title='bbox 1558 3221 1899 3313; x_wconf 74' lang='lat' dir='ltr'><strong>molesiaesalranrisis</strong></span> 
     </span>
    </p>
   </div>
   <div class='ocr_carea' id='block_1_4' title="bbox 88 3320 1877 3414">
    <p class='ocr_par' dir='ltr' id='par_1_7' title="bbox 88 3320 1877 3414">
     <span class='ocr_line' id='line_1_36' title="bbox 88 3320 1877 3414; baseline 0.002 -19"><span class='ocrx_word' id='word_1_488' title='bbox 88 3344 130 3397; x_wconf 81' lang='lat' dir='ltr'><strong>uel</strong></span> <span class='ocrx_word' id='word_1_489' title='bbox 161 3343 331 3407; x_wconf 79' lang='lat' dir='ltr'><strong>theoretica,</strong></span> <span class='ocrx_word' id='word_1_490' title='bbox 357 3343 403 3398; x_wconf 84' lang='lat' dir='ltr'><strong>ool</strong></span> <span class='ocrx_word' id='word_1_491' title='bbox 424 3345 563 3414; x_wconf 84' lang='lat' dir='ltr'><strong>practica.</strong></span> <span class='ocrx_word' id='word_1_492' title='bbox 607 3345 773 3401; x_wconf 84' lang='lat' dir='ltr'><strong>Tbeoretiea</strong></span> <span class='ocrx_word' id='word_1_493' title='bbox 796 3352 923 3401; x_wconf 84' lang='lat' dir='ltr'><strong>versatur</strong></span> <span class='ocrx_word' id='word_1_494' title='bbox 947 3351 973 3396; x_wconf 86' lang='lat' dir='ltr'><strong>et</strong></span> <span class='ocrx_word' id='word_1_495' title='bbox 996 3343 1098 3397; x_wconf 85' lang='lat' dir='ltr'><strong>illaesa</strong></span> <span class='ocrx_word' id='word_1_496' title='bbox 1117 3343 1288 3398; x_wconf 86' lang='lat' dir='ltr'><strong>conscientia</strong></span> <span class='ocrx_word' id='word_1_497' title='bbox 1314 3342 1362 3397; x_wconf 85' lang='grc'><strong>1111</strong></span> <span class='ocrx_word' id='word_1_498' title='bbox 1385 3343 1498 3397; x_wconf 82' lang='lat' dir='ltr'><strong>obedire</strong></span> <span class='ocrx_word' id='word_1_499' title='bbox 1509 3344 1629 3412; x_wconf 85' lang='lat' dir='ltr'><strong>possint</strong></span> <span class='ocrx_word' id='word_1_500' title='bbox 1657 3343 1782 3414; x_wconf 85' lang='lat' dir='ltr'><strong>Respcn·</strong></span> <span class='ocrx_word' id='word_1_501' title='bbox 1795 3320 1877 3369; x_wconf 41' lang='grc' dir='ltr'><strong>Μή</strong></span> 
     </span>
    </p>
   </div>
   <div class='ocr_carea' id='block_1_5' title="bbox 84 3427 1887 5649">
    <p class='ocr_par' dir='ltr' id='par_1_8' title="bbox 84 3427 1887 5649">
     <span class='ocr_line' id='line_1_37' title="bbox 88 3427 1783 3500; baseline 0.001 -18"><span class='ocrx_word' id='word_1_502' title='bbox 88 3429 161 3483; x_wconf 89' lang='lat' dir='ltr'><strong>circa</strong></span> <span class='ocrx_word' id='word_1_503' title='bbox 182 3429 244 3483; x_wconf 86' lang='lat' dir='ltr'><strong>ueri</strong></span> <span class='ocrx_word' id='word_1_504' title='bbox 267 3430 464 3499; x_wconf 68' lang='grc'><strong>6696160666,</strong></span> <span class='ocrx_word' id='word_1_505' title='bbox 490 3430 566 3487; x_wconf 92' lang='lat' dir='ltr'><strong>unde</strong></span> <span class='ocrx_word' id='word_1_506' title='bbox 589 3432 770 3500; x_wconf 73' lang='grc' dir='ltr'><strong>διδασκαλίας</strong></span> <span class='ocrx_word' id='word_1_507' title='bbox 798 3437 827 3486; x_wconf 85' lang='grc'><strong>61</strong></span> <span class='ocrx_word' id='word_1_508' title='bbox 848 3432 924 3499; x_wconf 80' lang='lat' dir='ltr'><strong>falsi</strong></span> <span class='ocrx_word' id='word_1_509' title='bbox 949 3427 1061 3484; x_wconf 82' lang='lat' dir='ltr'><strong>demus:</strong></span> <span class='ocrx_word' id='word_1_510' title='bbox 1078 3444 1264 3500; x_wconf 88' lang='lat' dir='ltr'><strong>nequaquem,</strong></span> <span class='ocrx_word' id='word_1_511' title='bbox 1276 3428 1305 3482; x_wconf 92' lang='lat' dir='ltr'><strong>id</strong></span> <span class='ocrx_word' id='word_1_512' title='bbox 1318 3431 1390 3484; x_wconf 90' lang='lat' dir='ltr'><strong>enim</strong></span> <span class='ocrx_word' id='word_1_513' title='bbox 1402 3435 1509 3500; x_wconf 86' lang='lat' dir='ltr'><strong>pugnat</strong></span> <span class='ocrx_word' id='word_1_514' title='bbox 1528 3435 1551 3484; x_wconf 92' lang='grc'><strong>1.</strong></span> <span class='ocrx_word' id='word_1_515' title='bbox 1562 3446 1625 3481; x_wconf 90' lang='lat' dir='ltr'><strong>cum</strong></span> <span class='ocrx_word' id='word_1_516' title='bbox 1637 3428 1783 3483; x_wconf 73' lang='lat' dir='ltr'><strong>vermiosae</strong></span> 
     </span>
     <span class='ocr_line' id='line_1_38' title="bbox 88 3514 1784 3587; baseline 0.001 -18"><span class='ocrx_word' id='word_1_517' title='bbox 88 3515 297 3582; x_wconf 72' lang='lat' dir='ltr'><strong>refutationem,</strong></span> <span class='ocrx_word' id='word_1_518' title='bbox 315 3514 390 3570; x_wconf 88' lang='lat' dir='ltr'><strong>unde</strong></span> <span class='ocrx_word' id='word_1_519' title='bbox 408 3515 527 3586; x_wconf 72' lang='grc' dir='ltr'><strong>ἔλεγχος.</strong></span> <span class='ocrx_word' id='word_1_520' title='bbox 558 3517 689 3573; x_wconf 87' lang='lat' dir='ltr'><strong>Praetiee</strong></span> <span class='ocrx_word' id='word_1_521' title='bbox 706 3519 922 3574; x_wconf 76' lang='lat' dir='ltr'><strong>vmsaturoirea</strong></span> <span class='ocrx_word' id='word_1_522' title='bbox 949 3515 1141 3569; x_wconf 84' lang='lat' dir='ltr'><strong>ministrorum</strong></span> <span class='ocrx_word' id='word_1_523' title='bbox 1158 3516 1310 3582; x_wconf 87' lang='lat' dir='ltr'><strong>ecelesiae,</strong></span> <span class='ocrx_word' id='word_1_524' title='bbox 1336 3517 1439 3587; x_wconf 89' lang='lat' dir='ltr'><strong>quippe</strong></span> <span class='ocrx_word' id='word_1_525' title='bbox 1459 3532 1575 3586; x_wconf 89' lang='lat' dir='ltr'><strong>quorum</strong></span> <span class='ocrx_word' id='word_1_526' title='bbox 1594 3532 1695 3571; x_wconf 91' lang='lat' dir='ltr'><strong>munus</strong></span> <span class='ocrx_word' id='word_1_527' title='bbox 1711 3515 1784 3571; x_wconf 86' lang='lat' dir='ltr'><strong>inter</strong></span> 
     </span>
     <span class='ocr_line' id='line_1_39' title="bbox 89 3600 1784 3673; baseline 0.002 -18"><span class='ocrx_word' id='word_1_528' title='bbox 89 3601 189 3655; x_wconf 83' lang='lat' dir='ltr'><strong>honum</strong></span> <span class='ocrx_word' id='word_1_529' title='bbox 208 3601 356 3669; x_wconf 81' lang='lat' dir='ltr'><strong>apendum,</strong></span> <span class='ocrx_word' id='word_1_530' title='bbox 375 3601 449 3657; x_wconf 89' lang='lat' dir='ltr'><strong>unde</strong></span> <span class='ocrx_word' id='word_1_531' title='bbox 469 3602 598 3668; x_wconf 71' lang='grc' dir='ltr'><strong>παιδείας</strong></span> <span class='ocrx_word' id='word_1_532' title='bbox 616 3603 692 3658; x_wconf 88' lang='lat' dir='ltr'><strong>circa</strong></span> <span class='ocrx_word' id='word_1_533' title='bbox 706 3605 813 3658; x_wconf 84' lang='lat' dir='ltr'><strong>malurn</strong></span> <span class='ocrx_word' id='word_1_534' title='bbox 825 3604 924 3673; x_wconf 83' lang='lat' dir='ltr'><strong>csslpae</strong></span> <span class='ocrx_word' id='word_1_535' title='bbox 948 3609 1040 3657; x_wconf 88' lang='lat' dir='ltr'><strong>cetera</strong></span> <span class='ocrx_word' id='word_1_536' title='bbox 1057 3618 1114 3655; x_wconf 91' lang='lat' dir='ltr'><strong>non</strong></span> <span class='ocrx_word' id='word_1_537' title='bbox 1132 3605 1302 3671; x_wconf 88' lang='lat' dir='ltr'><strong>postremum</strong></span> <span class='ocrx_word' id='word_1_538' title='bbox 1320 3607 1362 3656; x_wconf 88' lang='lat' dir='ltr'><strong>est</strong></span> <span class='ocrx_word' id='word_1_539' title='bbox 1380 3601 1542 3671; x_wconf 89' lang='lat' dir='ltr'><strong>corruptelis</strong></span> <span class='ocrx_word' id='word_1_540' title='bbox 1562 3600 1704 3658; x_wconf 76' lang='grc'><strong>1106161666</strong></span> <span class='ocrx_word' id='word_1_541' title='bbox 1722 3618 1784 3658; x_wconf 90' lang='lat' dir='ltr'><strong>coe·</strong></span> 
     </span>
     <span class='ocr_line' id='line_1_40' title="bbox 87 3685 1784 3760; baseline 0.001 -19"><span class='ocrx_word' id='word_1_542' title='bbox 87 3688 268 3756; x_wconf 72' lang='lat' dir='ltr'><strong>sapientiora,</strong></span> <span class='ocrx_word' id='word_1_543' title='bbox 294 3686 369 3743; x_wconf 91' lang='lat' dir='ltr'><strong>unde</strong></span> <span class='ocrx_word' id='word_1_544' title='bbox 395 3687 601 3760; x_wconf 63' lang='lat' dir='ltr'><strong>inscriptorum</strong></span> <span class='ocrx_word' id='word_1_545' title='bbox 629 3705 662 3744; x_wconf 89' lang='lat' dir='ltr'><strong>ec</strong></span> <span class='ocrx_word' id='word_1_546' title='bbox 688 3689 794 3743; x_wconf 84' lang='lat' dir='ltr'><strong>malum</strong></span> <span class='ocrx_word' id='word_1_547' title='bbox 813 3707 924 3759; x_wconf 86' lang='lat' dir='ltr'><strong>poenae</strong></span> <span class='ocrx_word' id='word_1_548' title='bbox 949 3687 1025 3742; x_wconf 86' lang='lat' dir='ltr'><strong>lestis</strong></span> <span class='ocrx_word' id='word_1_549' title='bbox 1044 3685 1185 3741; x_wconf 88' lang='lat' dir='ltr'><strong>obsistere.</strong></span> <span class='ocrx_word' id='word_1_550' title='bbox 1220 3685 1278 3741; x_wconf 85' lang='lat' dir='ltr'><strong>Jer.</strong></span> <span class='ocrx_word' id='word_1_551' title='bbox 1299 3693 1340 3754; x_wconf 88' lang='grc'><strong>15,</strong></span> <span class='ocrx_word' id='word_1_552' title='bbox 1358 3705 1384 3741; x_wconf 84' lang='lat' dir='ltr'><strong>r.</strong></span> <span class='ocrx_word' id='word_1_553' title='bbox 1405 3692 1448 3742; x_wconf 83' lang='lat'><strong>19:</strong></span> <span class='ocrx_word' id='word_1_554' title='bbox 1475 3686 1510 3740; x_wconf 76' lang='lat' dir='ltr'><strong>Si</strong></span> <span class='ocrx_word' id='word_1_555' title='bbox 1525 3688 1704 3756; x_wconf 84' lang='lat' dir='ltr'><strong>separaveris</strong></span> <span class='ocrx_word' id='word_1_556' title='bbox 1716 3705 1784 3758; x_wconf 88' lang='lat' dir='ltr'><strong>pre·</strong></span> 
     </span>
     <span class='ocr_line' id='line_1_41' title="bbox 89 3769 1783 3846; baseline 0.001 -18"><span class='ocrx_word' id='word_1_557' title='bbox 89 3774 279 3837; x_wconf 83' lang='lat' dir='ltr'><strong>talerandum,</strong></span> <span class='ocrx_word' id='word_1_558' title='bbox 307 3773 382 3828; x_wconf 88' lang='lat' dir='ltr'><strong>unde</strong></span> <span class='ocrx_word' id='word_1_559' title='bbox 409 3769 588 3846; x_wconf 79' lang='grc' dir='ltr'><strong>παράκλησις.</strong></span> <span class='ocrx_word' id='word_1_560' title='bbox 627 3774 661 3828; x_wconf 90' lang='grc'><strong>16</strong></span> <span class='ocrx_word' id='word_1_561' title='bbox 685 3773 761 3829; x_wconf 89' lang='lat' dir='ltr'><strong>hisce</strong></span> <span class='ocrx_word' id='word_1_562' title='bbox 787 3775 922 3838; x_wconf 88' lang='lat' dir='ltr'><strong>omnibus,</strong></span> <span class='ocrx_word' id='word_1_563' title='bbox 950 3773 1050 3826; x_wconf 80' lang='lat' dir='ltr'><strong>tiorum</strong></span> <span class='ocrx_word' id='word_1_564' title='bbox 1069 3790 1088 3825; x_wconf 89' lang='lat' dir='ltr'><strong>a</strong></span> <span class='ocrx_word' id='word_1_565' title='bbox 1105 3772 1164 3839; x_wconf 88' lang='lat' dir='ltr'><strong>oili,</strong></span> <span class='ocrx_word' id='word_1_566' title='bbox 1185 3773 1269 3841; x_wconf 78' lang='lat' dir='ltr'><strong>qzmsi</strong></span> <span class='ocrx_word' id='word_1_567' title='bbox 1285 3791 1316 3827; x_wconf 89' lang='lat' dir='ltr'><strong>os</strong></span> <span class='ocrx_word' id='word_1_568' title='bbox 1333 3789 1422 3826; x_wconf 89' lang='lat' dir='ltr'><strong>meum</strong></span> <span class='ocrx_word' id='word_1_569' title='bbox 1434 3772 1498 3827; x_wconf 89' lang='lat' dir='ltr'><strong>eris.</strong></span> <span class='ocrx_word' id='word_1_570' title='bbox 1525 3778 1549 3827; x_wconf 91' lang='grc'><strong>2.</strong></span> <span class='ocrx_word' id='word_1_571' title='bbox 1568 3771 1783 3838; x_wconf 70' lang='grc'><strong>’1116636161</strong></span> 
     </span>
     <span class='ocr_line' id='line_1_42' title="bbox 89 3858 1784 3930; baseline 0.001 -16"><span class='ocrx_word' id='word_1_572' title='bbox 89 3875 160 3930; x_wconf 89' lang='lat' dir='ltr'><strong>quae</strong></span> <span class='ocrx_word' id='word_1_573' title='bbox 179 3858 267 3930; x_wconf 87' lang='lat' dir='ltr'><strong>probe</strong></span> <span class='ocrx_word' id='word_1_574' title='bbox 286 3858 462 3915; x_wconf 86' lang='lat' dir='ltr'><strong>observanda</strong></span> <span class='ocrx_word' id='word_1_575' title='bbox 475 3859 548 3927; x_wconf 90' lang='lat' dir='ltr'><strong>sint,</strong></span> <span class='ocrx_word' id='word_1_576' title='bbox 573 3859 657 3915; x_wconf 88' lang='lat' dir='ltr'><strong>certis</strong></span> <span class='ocrx_word' id='word_1_577' title='bbox 674 3859 829 3915; x_wconf 85' lang='lat' dir='ltr'><strong>canonibus</strong></span> <span class='ocrx_word' id='word_1_578' title='bbox 850 3861 923 3915; x_wconf 91' lang='lat' dir='ltr'><strong>dicto</strong></span> <span class='ocrx_word' id='word_1_579' title='bbox 952 3858 1102 3927; x_wconf 77' lang='lat' dir='ltr'><strong>Scriptum</strong></span> <span class='ocrx_word' id='word_1_580' title='bbox 1119 3858 1199 3911; x_wconf 89' lang='lat' dir='ltr'><strong>utilis</strong></span> <span class='ocrx_word' id='word_1_581' title='bbox 1211 3866 1252 3911; x_wconf 86' lang='lat' dir='ltr'><strong>est</strong></span> <span class='ocrx_word' id='word_1_582' title='bbox 1264 3860 1306 3911; x_wconf 83' lang='lat' dir='ltr'><strong>ad</strong></span> <span class='ocrx_word' id='word_1_583' title='bbox 1317 3859 1440 3928; x_wconf 75' lang='grc' dir='ltr'><strong>ἔλεγχον,</strong></span> <span class='ocrx_word' id='word_1_584' title='bbox 1457 3867 1489 3912; x_wconf 85' lang='grc'><strong>61</strong></span> <span class='ocrx_word' id='word_1_585' title='bbox 1500 3861 1643 3928; x_wconf 72' lang='lat' dir='ltr'><strong>perfectrus</strong></span> <span class='ocrx_word' id='word_1_586' title='bbox 1654 3860 1784 3915; x_wconf 78' lang='lat' dir='ltr'><strong>sithomo</strong></span> 
     </span>
     <span class='ocr_line' id='line_1_43' title="bbox 87 3944 1784 4018; baseline 0 -18"><span class='ocrx_word' id='word_1_587' title='bbox 87 3949 210 4000; x_wconf 75' lang='grc'><strong>6661616</strong></span> <span class='ocrx_word' id='word_1_588' title='bbox 219 3944 272 3999; x_wconf 85' lang='grc'><strong>1611</strong></span> <span class='ocrx_word' id='word_1_589' title='bbox 284 3944 448 4015; x_wconf 88' lang='lat' dir='ltr'><strong>expositum.</strong></span> <span class='ocrx_word' id='word_1_590' title='bbox 477 3945 544 4000; x_wconf 86' lang='lat' dir='ltr'><strong>Pari</strong></span> <span class='ocrx_word' id='word_1_591' title='bbox 556 3946 759 4018; x_wconf 73' lang='grc'><strong>1660666606</strong></span> <span class='ocrx_word' id='word_1_592' title='bbox 773 3946 809 4001; x_wconf 86' lang='lat' dir='ltr'><strong>ad</strong></span> <span class='ocrx_word' id='word_1_593' title='bbox 824 3963 923 4001; x_wconf 86' lang='lat' dir='ltr'><strong>munus</strong></span> <span class='ocrx_word' id='word_1_594' title='bbox 950 3944 1009 3997; x_wconf 89' lang='lat' dir='ltr'><strong>Dei</strong></span> <span class='ocrx_word' id='word_1_595' title='bbox 1025 3945 1066 3996; x_wconf 82' lang='lat' dir='ltr'><strong>ad</strong></span> <span class='ocrx_word' id='word_1_596' title='bbox 1084 3960 1164 3998; x_wconf 87' lang='lat' dir='ltr'><strong>omne</strong></span> <span class='ocrx_word' id='word_1_597' title='bbox 1181 3957 1251 4012; x_wconf 87' lang='lat' dir='ltr'><strong>opas</strong></span> <span class='ocrx_word' id='word_1_598' title='bbox 1268 3944 1368 3998; x_wconf 81' lang='lat' dir='ltr'><strong>tonum</strong></span> <span class='ocrx_word' id='word_1_599' title='bbox 1385 3944 1545 3998; x_wconf 86' lang='lat' dir='ltr'><strong>instructus.</strong></span> <span class='ocrx_word' id='word_1_600' title='bbox 1582 3945 1638 4000; x_wconf 79' lang='lat' dir='ltr'><strong>&#39;lit</strong></span> <span class='ocrx_word' id='word_1_601' title='bbox 1660 3952 1682 4015; x_wconf 89' lang='lat' dir='ltr'><strong>l,</strong></span> <span class='ocrx_word' id='word_1_602' title='bbox 1704 3964 1730 4002; x_wconf 89' lang='grc'><strong>6.</strong></span> <span class='ocrx_word' id='word_1_603' title='bbox 1751 3952 1784 4002; x_wconf 93' lang='grc'><strong>9.·</strong></span> 
     </span>
     <span class='ocr_line' id='line_1_44' title="bbox 90 4027 1887 4111; baseline 0 -26"><span class='ocrx_word' id='word_1_604' title='bbox 90 4030 208 4085; x_wconf 87' lang='grc'><strong>6066661</strong></span> <span class='ocrx_word' id='word_1_605' title='bbox 235 4029 382 4101; x_wconf 86' lang='lat' dir='ltr'><strong>pertineat,</strong></span> <span class='ocrx_word' id='word_1_606' title='bbox 404 4047 460 4085; x_wconf 91' lang='lat' dir='ltr'><strong>non</strong></span> <span class='ocrx_word' id='word_1_607' title='bbox 484 4031 575 4087; x_wconf 91' lang='lat' dir='ltr'><strong>solum</strong></span> <span class='ocrx_word' id='word_1_608' title='bbox 591 4048 642 4102; x_wconf 88' lang='lat' dir='ltr'><strong>per</strong></span> <span class='ocrx_word' id='word_1_609' title='bbox 657 4032 842 4088; x_wconf 81' lang='grc' dir='ltr'><strong>διδασκαλίαν</strong></span> <span class='ocrx_word' id='word_1_610' title='bbox 859 4047 923 4086; x_wconf 82' lang='lat' dir='ltr'><strong>oves</strong></span> <span class='ocrx_word' id='word_1_611' title='bbox 950 4031 1109 4099; x_wconf 81' lang='lat' dir='ltr'><strong>Episcopus</strong></span> <span class='ocrx_word' id='word_1_612' title='bbox 1128 4030 1165 4083; x_wconf 88' lang='lat' dir='ltr'><strong>sit</strong></span> <span class='ocrx_word' id='word_1_613' title='bbox 1178 4028 1294 4090; x_wconf 80' lang='grc' dir='ltr'><strong>δυνατός</strong></span> <span class='ocrx_word' id='word_1_614' title='bbox 1305 4027 1498 4101; x_wconf 75' lang='grc' dir='ltr'><strong>ἀντιλέγοντας</strong></span> <span class='ocrx_word' id='word_1_615' title='bbox 1512 4031 1642 4101; x_wconf 70' lang='grc' dir='ltr'><strong>ἐλέγχειν.</strong></span> <span class='ocrx_word' id='word_1_616' title='bbox 1677 4037 1700 4087; x_wconf 93' lang='grc'><strong>2.</strong></span> <span class='ocrx_word' id='word_1_617' title='bbox 1715 4032 1785 4086; x_wconf 79' lang='lat' dir='ltr'><strong>Cum</strong></span> <span class='ocrx_word' id='word_1_618' title='bbox 1880 4100 1887 4111; x_wconf 85' lang='lat'><strong><em>.</em></strong></span> 
     </span>
     <span class='ocr_line' id='line_1_45' title="bbox 90 4114 1784 4188; baseline 0.001 -16"><span class='ocrx_word' id='word_1_619' title='bbox 90 4114 236 4187; x_wconf 85' lang='lat' dir='ltr'><strong>colligere,</strong></span> <span class='ocrx_word' id='word_1_620' title='bbox 261 4115 310 4171; x_wconf 90' lang='lat' dir='ltr'><strong>sed</strong></span> <span class='ocrx_word' id='word_1_621' title='bbox 328 4116 412 4172; x_wconf 90' lang='lat' dir='ltr'><strong>etiam</strong></span> <span class='ocrx_word' id='word_1_622' title='bbox 429 4133 480 4187; x_wconf 92' lang='lat' dir='ltr'><strong>per</strong></span> <span class='ocrx_word' id='word_1_623' title='bbox 498 4116 614 4188; x_wconf 73' lang='grc' dir='ltr'><strong>ἔλεγχον</strong></span> <span class='ocrx_word' id='word_1_624' title='bbox 633 4115 713 4187; x_wconf 89' lang='lat' dir='ltr'><strong>lupos</strong></span> <span class='ocrx_word' id='word_1_625' title='bbox 731 4117 767 4171; x_wconf 90' lang='lat' dir='ltr'><strong>ab</strong></span> <span class='ocrx_word' id='word_1_626' title='bbox 784 4116 850 4171; x_wconf 89' lang='grc'><strong>66111</strong></span> <span class='ocrx_word' id='word_1_627' title='bbox 867 4116 924 4172; x_wconf 83' lang='lat' dir='ltr'><strong>Do·</strong></span> <span class='ocrx_word' id='word_1_628' title='bbox 949 4116 1093 4169; x_wconf 82' lang='lat' dir='ltr'><strong>mandatis</strong></span> <span class='ocrx_word' id='word_1_629' title='bbox 1118 4115 1224 4170; x_wconf 85' lang='grc'><strong>6101616</strong></span> <span class='ocrx_word' id='word_1_630' title='bbox 1241 4123 1298 4169; x_wconf 88' lang='lat' dir='ltr'><strong>tum</strong></span> <span class='ocrx_word' id='word_1_631' title='bbox 1314 4116 1507 4185; x_wconf 78' lang='lat' dir='ltr'><strong>qeneralibus,</strong></span> <span class='ocrx_word' id='word_1_632' title='bbox 1533 4115 1635 4186; x_wconf 88' lang='lat' dir='ltr'><strong>quibus</strong></span> <span class='ocrx_word' id='word_1_633' title='bbox 1648 4117 1784 4187; x_wconf 84' lang='lat' dir='ltr'><strong>jubentur</strong></span> 
     </span>
     <span class='ocr_line' id='line_1_46' title="bbox 90 4200 1783 4275; baseline 0 -17"><span class='ocrx_word' id='word_1_634' title='bbox 90 4203 192 4258; x_wconf 89' lang='lat' dir='ltr'><strong>minico</strong></span> <span class='ocrx_word' id='word_1_635' title='bbox 211 4217 305 4258; x_wconf 80' lang='lat' dir='ltr'><strong>meere</strong></span> <span class='ocrx_word' id='word_1_636' title='bbox 323 4202 494 4258; x_wconf 88' lang='lat' dir='ltr'><strong>ostendimus</strong></span> <span class='ocrx_word' id='word_1_637' title='bbox 513 4203 543 4257; x_wconf 94' lang='lat' dir='ltr'><strong>in</strong></span> <span class='ocrx_word' id='word_1_638' title='bbox 561 4202 683 4275; x_wconf 80' lang='lat' dir='ltr'><strong>praefat.</strong></span> <span class='ocrx_word' id='word_1_639' title='bbox 704 4200 924 4273; x_wconf 88' lang='lat' dir='ltr'><strong>aphorismorum</strong></span> <span class='ocrx_word' id='word_1_640' title='bbox 949 4217 1044 4256; x_wconf 89' lang='lat' dir='ltr'><strong>omnes</strong></span> <span class='ocrx_word' id='word_1_641' title='bbox 1063 4217 1129 4257; x_wconf 83' lang='lat' dir='ltr'><strong>vere</strong></span> <span class='ocrx_word' id='word_1_642' title='bbox 1145 4201 1184 4272; x_wconf 89' lang='lat' dir='ltr'><strong>pii</strong></span> <span class='ocrx_word' id='word_1_643' title='bbox 1204 4218 1302 4269; x_wconf 74' lang='lat' dir='ltr'><strong>casem</strong></span> <span class='ocrx_word' id='word_1_644' title='bbox 1316 4203 1588 4274; x_wconf 78' lang='lat' dir='ltr'><strong>psasdoproplretas,</strong></span> <span class='ocrx_word' id='word_1_645' title='bbox 1605 4204 1707 4271; x_wconf 75' lang='lat' dir='ltr'><strong>sapere</strong></span> <span class='ocrx_word' id='word_1_646' title='bbox 1721 4205 1783 4258; x_wconf 84' lang='lat' dir='ltr'><strong>idc-</strong></span> 
     </span>
     <span class='ocr_line' id='line_1_47' title="bbox 88 4283 1783 4361; baseline 0 -17"><span class='ocrx_word' id='word_1_647' title='bbox 88 4289 307 4360; x_wconf 82' lang='lat' dir='ltr'><strong>theologicorum</strong></span> <span class='ocrx_word' id='word_1_648' title='bbox 325 4287 540 4345; x_wconf 87' lang='lat' dir='ltr'><strong>theoreticorum</strong></span> <span class='ocrx_word' id='word_1_649' title='bbox 558 4306 592 4345; x_wconf 89' lang='lat' dir='ltr'><strong>ex</strong></span> <span class='ocrx_word' id='word_1_650' title='bbox 609 4289 685 4345; x_wconf 85' lang='lat' dir='ltr'><strong>dieto</strong></span> <span class='ocrx_word' id='word_1_651' title='bbox 697 4288 816 4360; x_wconf 82' lang='lat' dir='ltr'><strong>apostoli</strong></span> <span class='ocrx_word' id='word_1_652' title='bbox 830 4288 886 4344; x_wconf 90' lang='lat' dir='ltr'><strong>Tit.</strong></span> <span class='ocrx_word' id='word_1_653' title='bbox 901 4283 924 4354; x_wconf 88' lang='grc'><strong>1,</strong></span> <span class='ocrx_word' id='word_1_654' title='bbox 949 4287 1109 4357; x_wconf 71' lang='lat' dir='ltr'><strong>letaniam,</strong></span> <span class='ocrx_word' id='word_1_655' title='bbox 1130 4288 1256 4357; x_wconf 85' lang='lat' dir='ltr'><strong>probare</strong></span> <span class='ocrx_word' id='word_1_656' title='bbox 1279 4288 1396 4357; x_wconf 84' lang='lat' dir='ltr'><strong>spiritus</strong></span> <span class='ocrx_word' id='word_1_657' title='bbox 1419 4293 1473 4361; x_wconf 74' lang='lat' dir='ltr'><strong>etp.</strong></span> <span class='ocrx_word' id='word_1_658' title='bbox 1510 4288 1609 4343; x_wconf 89' lang='lat' dir='ltr'><strong>Matth.</strong></span> <span class='ocrx_word' id='word_1_659' title='bbox 1636 4296 1665 4357; x_wconf 82' lang='grc'><strong>1,</strong></span> <span class='ocrx_word' id='word_1_660' title='bbox 1692 4307 1718 4343; x_wconf 86' lang='lat' dir='ltr'><strong>v.</strong></span> <span class='ocrx_word' id='word_1_661' title='bbox 1744 4295 1783 4345; x_wconf 92' lang='grc'><strong>15.</strong></span> 
     </span>
     <span class='ocr_line' id='line_1_48' title="bbox 88 4373 1782 4450; baseline 0 -20"><span class='ocrx_word' id='word_1_662' title='bbox 88 4394 114 4430; x_wconf 91' lang='grc'><strong>6.</strong></span> <span class='ocrx_word' id='word_1_663' title='bbox 133 4381 157 4432; x_wconf 92' lang='grc'><strong>9.</strong></span> <span class='ocrx_word' id='word_1_664' title='bbox 181 4375 342 4447; x_wconf 86' lang='lat' dir='ltr'><strong>episcopum</strong></span> <span class='ocrx_word' id='word_1_665' title='bbox 360 4382 468 4445; x_wconf 81' lang='lat' dir='ltr'><strong>oportet</strong></span> <span class='ocrx_word' id='word_1_666' title='bbox 484 4392 543 4430; x_wconf 88' lang='lat' dir='ltr'><strong>esse</strong></span> <span class='ocrx_word' id='word_1_667' title='bbox 562 4375 683 4430; x_wconf 80' lang='grc' dir='ltr'><strong>δυνατὸν</strong></span> <span class='ocrx_word' id='word_1_668' title='bbox 700 4379 873 4450; x_wconf 75' lang='grc' dir='ltr'><strong>παρακαλεῖν</strong></span> <span class='ocrx_word' id='word_1_669' title='bbox 894 4375 925 4430; x_wconf 83' lang='lat' dir='ltr'><strong>tr</strong></span> <span class='ocrx_word' id='word_1_670' title='bbox 950 4392 975 4431; x_wconf 90' lang='grc'><strong>6.</strong></span> <span class='ocrx_word' id='word_1_671' title='bbox 1004 4381 1050 4444; x_wconf 90' lang='grc'><strong>16,</strong></span> <span class='ocrx_word' id='word_1_672' title='bbox 1072 4392 1098 4428; x_wconf 84' lang='grc'><strong>6.</strong></span> <span class='ocrx_word' id='word_1_673' title='bbox 1126 4376 1165 4429; x_wconf 91' lang='grc'><strong>11.</strong></span> <span class='ocrx_word' id='word_1_674' title='bbox 1201 4373 1280 4427; x_wconf 84' lang='lat' dir='ltr'><strong>Rom.</strong></span> <span class='ocrx_word' id='word_1_675' title='bbox 1307 4378 1353 4443; x_wconf 91' lang='grc'><strong>16,</strong></span> <span class='ocrx_word' id='word_1_676' title='bbox 1382 4391 1407 4429; x_wconf 85' lang='grc'><strong>6.</strong></span> <span class='ocrx_word' id='word_1_677' title='bbox 1435 4380 1475 4428; x_wconf 85' lang='grc'><strong>11.</strong></span> <span class='ocrx_word' id='word_1_678' title='bbox 1512 4373 1669 4445; x_wconf 73' lang='lat' dir='ltr'><strong>Ephesi,</strong></span> <span class='ocrx_word' id='word_1_679' title='bbox 1695 4380 1782 4431; x_wconf 79' lang='grc'><strong>611.</strong></span> 
     </span>
     <span class='ocr_line' id='line_1_49' title="bbox 87 4457 1783 4536; baseline -0.001 -20"><span class='ocrx_word' id='word_1_680' title='bbox 87 4465 119 4535; x_wconf 76' lang='grc' dir='ltr'><strong>τῇ</strong></span> <span class='ocrx_word' id='word_1_681' title='bbox 137 4461 304 4531; x_wconf 75' lang='grc' dir='ltr'><strong>διδασκαλίᾳ</strong></span> <span class='ocrx_word' id='word_1_682' title='bbox 324 4457 486 4536; x_wconf 72' lang='grc' dir='ltr'><strong>ὑγιαινούσῃ</strong></span> <span class='ocrx_word' id='word_1_683' title='bbox 505 4464 552 4514; x_wconf 72' lang='grc' dir='ltr'><strong>καὶ</strong></span> <span class='ocrx_word' id='word_1_684' title='bbox 570 4458 634 4522; x_wconf 79' lang='grc' dir='ltr'><strong>τοὺς</strong></span> <span class='ocrx_word' id='word_1_685' title='bbox 646 4459 839 4531; x_wconf 76' lang='grc' dir='ltr'><strong>ἀντιλέγοντας</strong></span> <span class='ocrx_word' id='word_1_686' title='bbox 850 4461 924 4533; x_wconf 75' lang='lat' dir='ltr'><strong>iity·</strong></span> <span class='ocrx_word' id='word_1_687' title='bbox 950 4461 1022 4519; x_wconf 87' lang='lat' dir='ltr'><strong>Phil.</strong></span> <span class='ocrx_word' id='word_1_688' title='bbox 1041 4466 1071 4524; x_wconf 90' lang='grc'><strong>3,</strong></span> <span class='ocrx_word' id='word_1_689' title='bbox 1095 4478 1120 4514; x_wconf 86' lang='grc'><strong>6.</strong></span> <span class='ocrx_word' id='word_1_690' title='bbox 1141 4465 1166 4514; x_wconf 85' lang='grc'><strong>2.</strong></span> <span class='ocrx_word' id='word_1_691' title='bbox 1185 4464 1239 4515; x_wconf 83' lang='grc'><strong>610.</strong></span> <span class='ocrx_word' id='word_1_692' title='bbox 1265 4460 1325 4530; x_wconf 88' lang='lat' dir='ltr'><strong>jam</strong></span> <span class='ocrx_word' id='word_1_693' title='bbox 1343 4476 1408 4514; x_wconf 86' lang='lat' dir='ltr'><strong>vcro</strong></span> <span class='ocrx_word' id='word_1_694' title='bbox 1425 4459 1478 4514; x_wconf 90' lang='lat' dir='ltr'><strong>nisi</strong></span> <span class='ocrx_word' id='word_1_695' title='bbox 1497 4460 1534 4516; x_wconf 87' lang='lat' dir='ltr'><strong>ab</strong></span> <span class='ocrx_word' id='word_1_696' title='bbox 1552 4460 1686 4515; x_wconf 86' lang='lat' dir='ltr'><strong>ecclesiae</strong></span> <span class='ocrx_word' id='word_1_697' title='bbox 1703 4460 1783 4514; x_wconf 86' lang='lat' dir='ltr'><strong>mini·</strong></span> 
     </span>
     <span class='ocr_line' id='line_1_50' title="bbox 84 4543 1785 4618; baseline -0.001 -16"><span class='ocrx_word' id='word_1_698' title='bbox 84 4566 165 4617; x_wconf 82' lang='grc' dir='ltr'><strong>χειν,·</strong></span> <span class='ocrx_word' id='word_1_699' title='bbox 192 4565 225 4603; x_wconf 87' lang='lat' dir='ltr'><strong>ex</strong></span> <span class='ocrx_word' id='word_1_700' title='bbox 250 4552 320 4618; x_wconf 87' lang='lat' dir='ltr'><strong>typo</strong></span> <span class='ocrx_word' id='word_1_701' title='bbox 346 4553 535 4618; x_wconf 86' lang='lat' dir='ltr'><strong>reparatorum</strong></span> <span class='ocrx_word' id='word_1_702' title='bbox 560 4546 637 4603; x_wconf 87' lang='lat' dir='ltr'><strong>urbis</strong></span> <span class='ocrx_word' id='word_1_703' title='bbox 656 4564 691 4603; x_wconf 89' lang='lat' dir='ltr'><strong>ac</strong></span> <span class='ocrx_word' id='word_1_704' title='bbox 708 4547 805 4618; x_wconf 91' lang='lat' dir='ltr'><strong>templi</strong></span> <span class='ocrx_word' id='word_1_705' title='bbox 824 4547 923 4602; x_wconf 88' lang='lat' dir='ltr'><strong>Hiero·</strong></span> <span class='ocrx_word' id='word_1_706' title='bbox 950 4547 1013 4602; x_wconf 90' lang='lat' dir='ltr'><strong>stris</strong></span> <span class='ocrx_word' id='word_1_707' title='bbox 1031 4544 1156 4601; x_wconf 85' lang='grc'><strong>06166166</strong></span> <span class='ocrx_word' id='word_1_708' title='bbox 1174 4543 1210 4599; x_wconf 86' lang='grc'><strong>66</strong></span> <span class='ocrx_word' id='word_1_709' title='bbox 1225 4543 1299 4615; x_wconf 89' lang='lat' dir='ltr'><strong>lupis</strong></span> <span class='ocrx_word' id='word_1_710' title='bbox 1316 4544 1525 4611; x_wconf 86' lang='lat' dir='ltr'><strong>admoneantur,</strong></span> <span class='ocrx_word' id='word_1_711' title='bbox 1542 4562 1597 4600; x_wconf 89' lang='lat' dir='ltr'><strong>non</strong></span> <span class='ocrx_word' id='word_1_712' title='bbox 1609 4551 1724 4616; x_wconf 88' lang='lat' dir='ltr'><strong>possunt</strong></span> <span class='ocrx_word' id='word_1_713' title='bbox 1737 4562 1785 4601; x_wconf 92' lang='lat' dir='ltr'><strong>eos</strong></span> 
     </span>
     <span class='ocr_line' id='line_1_51' title="bbox 89 4630 1785 4706; baseline -0.001 -18"><span class='ocrx_word' id='word_1_714' title='bbox 89 4632 257 4705; x_wconf 85' lang='lat' dir='ltr'><strong>solymitani,</strong></span> <span class='ocrx_word' id='word_1_715' title='bbox 270 4632 319 4705; x_wconf 92' lang='lat' dir='ltr'><strong>qui</strong></span> <span class='ocrx_word' id='word_1_716' title='bbox 333 4649 486 4689; x_wconf 80' lang='grc'><strong>66616666</strong></span> <span class='ocrx_word' id='word_1_717' title='bbox 497 4632 620 4689; x_wconf 89' lang='lat' dir='ltr'><strong>laborem</strong></span> <span class='ocrx_word' id='word_1_718' title='bbox 633 4630 824 4706; x_wconf 86' lang='lat' dir='ltr'><strong>perficiebant,</strong></span> <span class='ocrx_word' id='word_1_719' title='bbox 836 4634 924 4688; x_wconf 90' lang='lat' dir='ltr'><strong>altera</strong></span> <span class='ocrx_word' id='word_1_720' title='bbox 949 4647 1063 4688; x_wconf 92' lang='lat' dir='ltr'><strong>noscere</strong></span> <span class='ocrx_word' id='word_1_721' title='bbox 1079 4647 1113 4685; x_wconf 89' lang='lat' dir='ltr'><strong>ac</strong></span> <span class='ocrx_word' id='word_1_722' title='bbox 1135 4631 1247 4703; x_wconf 79' lang='lat' dir='ltr'><strong>lugere3</strong></span> <span class='ocrx_word' id='word_1_723' title='bbox 1265 4637 1324 4686; x_wconf 91' lang='lat' dir='ltr'><strong>tum</strong></span> <span class='ocrx_word' id='word_1_724' title='bbox 1341 4631 1519 4702; x_wconf 74' lang='lat' dir='ltr'><strong>specialiter,</strong></span> <span class='ocrx_word' id='word_1_725' title='bbox 1539 4631 1640 4702; x_wconf 91' lang='lat' dir='ltr'><strong>quibus</strong></span> <span class='ocrx_word' id='word_1_726' title='bbox 1651 4630 1785 4687; x_wconf 87' lang='lat' dir='ltr'><strong>ecclesiae</strong></span> 
     </span>
     <span class='ocr_line' id='line_1_52' title="bbox 89 4715 1784 4790; baseline -0.001 -16"><span class='ocrx_word' id='word_1_727' title='bbox 89 4736 153 4776; x_wconf 82' lang='lat' dir='ltr'><strong>sero</strong></span> <span class='ocrx_word' id='word_1_728' title='bbox 172 4719 303 4790; x_wconf 83' lang='lat' dir='ltr'><strong>clypeum</strong></span> <span class='ocrx_word' id='word_1_729' title='bbox 323 4719 451 4777; x_wconf 88' lang='lat' dir='ltr'><strong>ferebant</strong></span> <span class='ocrx_word' id='word_1_730' title='bbox 469 4719 586 4777; x_wconf 88' lang='lat' dir='ltr'><strong>Nehem.</strong></span> <span class='ocrx_word' id='word_1_731' title='bbox 605 4727 636 4790; x_wconf 83' lang='lat'><strong>4,</strong></span> <span class='ocrx_word' id='word_1_732' title='bbox 656 4739 682 4774; x_wconf 89' lang='lat' dir='ltr'><strong>v.</strong></span> <span class='ocrx_word' id='word_1_733' title='bbox 706 4726 746 4777; x_wconf 84' lang='grc'><strong>11.</strong></span> <span class='ocrx_word' id='word_1_734' title='bbox 763 4736 796 4775; x_wconf 90' lang='lat' dir='ltr'><strong>ex</strong></span> <span class='ocrx_word' id='word_1_735' title='bbox 813 4736 923 4790; x_wconf 88' lang='lat' dir='ltr'><strong>compa·</strong></span> <span class='ocrx_word' id='word_1_736' title='bbox 952 4716 1112 4774; x_wconf 87' lang='lat' dir='ltr'><strong>doctoribus</strong></span> <span class='ocrx_word' id='word_1_737' title='bbox 1138 4718 1322 4788; x_wconf 88' lang='lat' dir='ltr'><strong>praecipitur,</strong></span> <span class='ocrx_word' id='word_1_738' title='bbox 1345 4724 1379 4773; x_wconf 90' lang='lat' dir='ltr'><strong>ut</strong></span> <span class='ocrx_word' id='word_1_739' title='bbox 1396 4717 1527 4772; x_wconf 88' lang='lat' dir='ltr'><strong>resistant</strong></span> <span class='ocrx_word' id='word_1_740' title='bbox 1544 4715 1617 4785; x_wconf 88' lang='lat' dir='ltr'><strong>lupis</strong></span> <span class='ocrx_word' id='word_1_741' title='bbox 1636 4715 1709 4772; x_wconf 82' lang='lat' dir='ltr'><strong>ovile</strong></span> <span class='ocrx_word' id='word_1_742' title='bbox 1728 4717 1784 4773; x_wconf 90' lang='lat' dir='ltr'><strong>Dc-</strong></span> 
     </span>
     <span class='ocr_line' id='line_1_53' title="bbox 89 4801 1785 4878; baseline -0.003 -16"><span class='ocrx_word' id='word_1_743' title='bbox 89 4806 194 4862; x_wconf 85' lang='lat' dir='ltr'><strong>ratione</strong></span> <span class='ocrx_word' id='word_1_744' title='bbox 213 4806 357 4862; x_wconf 87' lang='lat' dir='ltr'><strong>doctorum</strong></span> <span class='ocrx_word' id='word_1_745' title='bbox 374 4805 509 4862; x_wconf 81' lang='lat' dir='ltr'><strong>ecclesiae</strong></span> <span class='ocrx_word' id='word_1_746' title='bbox 527 4807 777 4878; x_wconf 79' lang='lat' dir='ltr'><strong>compastoribus,</strong></span> <span class='ocrx_word' id='word_1_747' title='bbox 799 4806 924 4876; x_wconf 81' lang='lat' dir='ltr'><strong>quiores</strong></span> <span class='ocrx_word' id='word_1_748' title='bbox 951 4805 1081 4860; x_wconf 90' lang='lat' dir='ltr'><strong>minicum</strong></span> <span class='ocrx_word' id='word_1_749' title='bbox 1104 4810 1214 4858; x_wconf 87' lang='lat' dir='ltr'><strong>vestare</strong></span> <span class='ocrx_word' id='word_1_750' title='bbox 1238 4803 1425 4874; x_wconf 90' lang='lat' dir='ltr'><strong>cupientibus.</strong></span> <span class='ocrx_word' id='word_1_751' title='bbox 1463 4801 1543 4857; x_wconf 73' lang='lat' dir='ltr'><strong>eant.</strong></span> <span class='ocrx_word' id='word_1_752' title='bbox 1560 4807 1590 4869; x_wconf 92' lang='grc'><strong>2,</strong></span> <span class='ocrx_word' id='word_1_753' title='bbox 1613 4818 1640 4858; x_wconf 89' lang='grc'><strong>6.</strong></span> <span class='ocrx_word' id='word_1_754' title='bbox 1662 4808 1706 4857; x_wconf 91' lang='lat'><strong>15:</strong></span> <span class='ocrx_word' id='word_1_755' title='bbox 1730 4804 1785 4858; x_wconf 82' lang='lat' dir='ltr'><strong>Ca·</strong></span> 
     </span>
     <span class='ocr_line' id='line_1_54' title="bbox 89 4888 1785 4965; baseline -0.001 -19"><span class='ocrx_word' id='word_1_756' title='bbox 89 4908 146 4948; x_wconf 91' lang='lat' dir='ltr'><strong>non</strong></span> <span class='ocrx_word' id='word_1_757' title='bbox 163 4891 252 4948; x_wconf 91' lang='lat' dir='ltr'><strong>solum</strong></span> <span class='ocrx_word' id='word_1_758' title='bbox 270 4892 308 4949; x_wconf 85' lang='lat' dir='ltr'><strong>ad</strong></span> <span class='ocrx_word' id='word_1_759' title='bbox 325 4891 449 4948; x_wconf 84' lang='lat' dir='ltr'><strong>salubria</strong></span> <span class='ocrx_word' id='word_1_760' title='bbox 466 4907 572 4962; x_wconf 78' lang='lat' dir='ltr'><strong>pascua</strong></span> <span class='ocrx_word' id='word_1_761' title='bbox 593 4892 713 4959; x_wconf 88' lang='lat' dir='ltr'><strong>ducunt,</strong></span> <span class='ocrx_word' id='word_1_762' title='bbox 737 4891 888 4947; x_wconf 88' lang='lat' dir='ltr'><strong>sedetiam</strong></span> <span class='ocrx_word' id='word_1_763' title='bbox 907 4908 925 4946; x_wconf 88' lang='lat' dir='ltr'><strong>a</strong></span> <span class='ocrx_word' id='word_1_764' title='bbox 946 4894 1010 4965; x_wconf 83' lang='lat' dir='ltr'><strong>pits</strong></span> <span class='ocrx_word' id='word_1_765' title='bbox 1027 4891 1108 4946; x_wconf 81' lang='grc'><strong>60116</strong></span> <span class='ocrx_word' id='word_1_766' title='bbox 1124 4891 1304 4961; x_wconf 80' lang='lat' dir='ltr'><strong>vulpeculas,</strong></span> <span class='ocrx_word' id='word_1_767' title='bbox 1323 4906 1395 4959; x_wconf 87' lang='lat' dir='ltr'><strong>quae</strong></span> <span class='ocrx_word' id='word_1_768' title='bbox 1415 4888 1604 4943; x_wconf 66' lang='grc'><strong>6660116616</strong></span> <span class='ocrx_word' id='word_1_769' title='bbox 1622 4888 1733 4958; x_wconf 73' lang='lat' dir='ltr'><strong>mneos,</strong></span> <span class='ocrx_word' id='word_1_770' title='bbox 1756 4889 1785 4944; x_wconf 90' lang='lat' dir='ltr'><strong>in</strong></span> 
     </span>
     <span class='ocr_line' id='line_1_55' title="bbox 90 4974 1785 5051; baseline -0.002 -18"><span class='ocrx_word' id='word_1_771' title='bbox 90 4979 218 5048; x_wconf 88' lang='lat' dir='ltr'><strong>luporum</strong></span> <span class='ocrx_word' id='word_1_772' title='bbox 231 4977 337 5033; x_wconf 90' lang='lat' dir='ltr'><strong>insidiis</strong></span> <span class='ocrx_word' id='word_1_773' title='bbox 349 4985 435 5049; x_wconf 87' lang='lat' dir='ltr'><strong>atque</strong></span> <span class='ocrx_word' id='word_1_774' title='bbox 448 4975 605 5031; x_wconf 86' lang='lat' dir='ltr'><strong>incursibus</strong></span> <span class='ocrx_word' id='word_1_775' title='bbox 618 4977 846 5043; x_wconf 78' lang='lat' dir='ltr'><strong>easdefendunt3</strong></span> <span class='ocrx_word' id='word_1_776' title='bbox 861 4994 922 5031; x_wconf 89' lang='lat' dir='ltr'><strong>cum</strong></span> <span class='ocrx_word' id='word_1_777' title='bbox 951 4995 1023 5051; x_wconf 86' lang='lat' dir='ltr'><strong>quae</strong></span> <span class='ocrx_word' id='word_1_778' title='bbox 1052 4977 1139 5034; x_wconf 87' lang='lat' dir='ltr'><strong>verba</strong></span> <span class='ocrx_word' id='word_1_779' title='bbox 1162 4976 1203 5032; x_wconf 89' lang='lat' dir='ltr'><strong>sio</strong></span> <span class='ocrx_word' id='word_1_780' title='bbox 1224 4979 1425 5033; x_wconf 86' lang='lat' dir='ltr'><strong>commentetur</strong></span> <span class='ocrx_word' id='word_1_781' title='bbox 1449 4974 1625 5045; x_wconf 84' lang='lat' dir='ltr'><strong>Augustinus</strong></span> <span class='ocrx_word' id='word_1_782' title='bbox 1647 4992 1700 5032; x_wconf 88' lang='lat' dir='ltr'><strong>ser.</strong></span> <span class='ocrx_word' id='word_1_783' title='bbox 1726 4981 1785 5032; x_wconf 78' lang='lat'><strong>107.</strong></span> 
     </span>
     <span class='ocr_line' id='line_1_56' title="bbox 90 5059 1785 5136; baseline -0.003 -17"><span class='ocrx_word' id='word_1_784' title='bbox 90 5065 225 5133; x_wconf 76' lang='grc'><strong>66661616,</strong></span> <span class='ocrx_word' id='word_1_785' title='bbox 247 5062 350 5136; x_wconf 87' lang='lat' dir='ltr'><strong>quibus</strong></span> <span class='ocrx_word' id='word_1_786' title='bbox 369 5064 471 5134; x_wconf 90' lang='lat' dir='ltr'><strong>duplex</strong></span> <span class='ocrx_word' id='word_1_787' title='bbox 488 5062 645 5132; x_wconf 89' lang='lat' dir='ltr'><strong>propositus</strong></span> <span class='ocrx_word' id='word_1_788' title='bbox 664 5069 707 5118; x_wconf 90' lang='lat' dir='ltr'><strong>est</strong></span> <span class='ocrx_word' id='word_1_789' title='bbox 724 5063 802 5135; x_wconf 84' lang='lat' dir='ltr'><strong>linis,</strong></span> <span class='ocrx_word' id='word_1_790' title='bbox 823 5064 925 5119; x_wconf 88' lang='lat' dir='ltr'><strong>sanita—</strong></span> <span class='ocrx_word' id='word_1_791' title='bbox 952 5065 986 5120; x_wconf 92' lang='lat' dir='ltr'><strong>de</strong></span> <span class='ocrx_word' id='word_1_792' title='bbox 1005 5069 1104 5134; x_wconf 82' lang='lat' dir='ltr'><strong>temp:</strong></span> <span class='ocrx_word' id='word_1_793' title='bbox 1130 5061 1373 5132; x_wconf 77' lang='lat' dir='ltr'><strong>Oenoprebmdite,</strong></span> <span class='ocrx_word' id='word_1_794' title='bbox 1399 5059 1596 5130; x_wconf 67' lang='lat' dir='ltr'><strong>cansminpite,</strong></span> <span class='ocrx_word' id='word_1_795' title='bbox 1622 5061 1785 5124; x_wconf 83' lang='grc'><strong>6066166116,</strong></span> 
     </span>
     <span class='ocr_line' id='line_1_57' title="bbox 90 5146 1786 5220; baseline -0.004 -14"><span class='ocrx_word' id='word_1_796' title='bbox 90 5155 146 5206; x_wconf 90' lang='lat' dir='ltr'><strong>tem</strong></span> <span class='ocrx_word' id='word_1_797' title='bbox 170 5156 344 5220; x_wconf 86' lang='lat' dir='ltr'><strong>praesentem</strong></span> <span class='ocrx_word' id='word_1_798' title='bbox 363 5163 526 5205; x_wconf 85' lang='lat' dir='ltr'><strong>conservare</strong></span> <span class='ocrx_word' id='word_1_799' title='bbox 545 5153 574 5202; x_wconf 92' lang='lat' dir='ltr'><strong>et</strong></span> <span class='ocrx_word' id='word_1_800' title='bbox 592 5147 763 5218; x_wconf 85' lang='lat' dir='ltr'><strong>deperditam</strong></span> <span class='ocrx_word' id='word_1_801' title='bbox 780 5150 927 5206; x_wconf 87' lang='lat' dir='ltr'><strong>restituere</strong></span> <span class='ocrx_word' id='word_1_802' title='bbox 951 5151 1108 5216; x_wconf 77' lang='lat' dir='ltr'><strong>confutate,</strong></span> <span class='ocrx_word' id='word_1_803' title='bbox 1142 5165 1177 5203; x_wconf 87' lang='lat' dir='ltr'><strong>ne</strong></span> <span class='ocrx_word' id='word_1_804' title='bbox 1207 5147 1419 5202; x_wconf 67' lang='lat' dir='ltr'><strong>comminentur</strong></span> <span class='ocrx_word' id='word_1_805' title='bbox 1446 5146 1652 5207; x_wconf 69' lang='lat' dir='ltr'><strong>ecclenauicae</strong></span> <span class='ocrx_word' id='word_1_806' title='bbox 1681 5148 1786 5202; x_wconf 80' lang='grc'><strong>616666.</strong></span> 
     </span>
     <span class='ocr_line' id='line_1_58' title="bbox 91 5232 1785 5306; baseline -0.003 -15"><span class='ocrx_word' id='word_1_807' title='bbox 91 5242 144 5291; x_wconf 89' lang='lat' dir='ltr'><strong>etc.</strong></span> <span class='ocrx_word' id='word_1_808' title='bbox 176 5242 209 5291; x_wconf 89' lang='lat' dir='ltr'><strong>ut</strong></span> <span class='ocrx_word' id='word_1_809' title='bbox 234 5244 326 5291; x_wconf 88' lang='lat' dir='ltr'><strong>actum</strong></span> <span class='ocrx_word' id='word_1_810' title='bbox 352 5235 407 5290; x_wconf 87' lang='lat' dir='ltr'><strong>hac</strong></span> <span class='ocrx_word' id='word_1_811' title='bbox 438 5235 468 5289; x_wconf 89' lang='lat' dir='ltr'><strong>in</strong></span> <span class='ocrx_word' id='word_1_812' title='bbox 498 5239 577 5304; x_wconf 87' lang='lat' dir='ltr'><strong>perte</strong></span> <span class='ocrx_word' id='word_1_813' title='bbox 607 5249 691 5306; x_wconf 89' lang='lat' dir='ltr'><strong>agere</strong></span> <span class='ocrx_word' id='word_1_814' title='bbox 719 5253 776 5290; x_wconf 92' lang='lat' dir='ltr'><strong>non</strong></span> <span class='ocrx_word' id='word_1_815' title='bbox 800 5235 928 5292; x_wconf 86' lang='lat' dir='ltr'><strong>videatur</strong></span> <span class='ocrx_word' id='word_1_816' title='bbox 954 5238 1031 5300; x_wconf 81' lang='lat' dir='ltr'><strong>Quid</strong></span> <span class='ocrx_word' id='word_1_817' title='bbox 1054 5244 1094 5291; x_wconf 89' lang='lat' dir='ltr'><strong>est</strong></span> <span class='ocrx_word' id='word_1_818' title='bbox 1123 5235 1209 5289; x_wconf 85' lang='lat' dir='ltr'><strong>aliud</strong></span> <span class='ocrx_word' id='word_1_819' title='bbox 1224 5233 1320 5302; x_wconf 75' lang='lat' dir='ltr'><strong>uulpes</strong></span> <span class='ocrx_word' id='word_1_820' title='bbox 1340 5248 1439 5302; x_wconf 86' lang='lat' dir='ltr'><strong>capere</strong></span> <span class='ocrx_word' id='word_1_821' title='bbox 1468 5249 1553 5302; x_wconf 73' lang='grc' dir='ltr'><strong>ααααι</strong></span> <span class='ocrx_word' id='word_1_822' title='bbox 1572 5234 1724 5288; x_wconf 79' lang='grc'><strong>1666611666</strong></span> <span class='ocrx_word' id='word_1_823' title='bbox 1743 5232 1785 5286; x_wconf 82' lang='lat' dir='ltr'><strong>di-</strong></span> 
     </span>
     <span class='ocr_line' id='line_1_59' title="bbox 91 5318 1786 5393; baseline -0.002 -17"><span class='ocrx_word' id='word_1_824' title='bbox 91 5339 191 5393; x_wconf 89' lang='lat' dir='ltr'><strong>operae</strong></span> <span class='ocrx_word' id='word_1_825' title='bbox 218 5321 347 5393; x_wconf 89' lang='lat' dir='ltr'><strong>pretium.</strong></span> <span class='ocrx_word' id='word_1_826' title='bbox 395 5320 481 5376; x_wconf 90' lang='lat' dir='ltr'><strong>Hisce</strong></span> <span class='ocrx_word' id='word_1_827' title='bbox 504 5320 572 5375; x_wconf 89' lang='lat' dir='ltr'><strong>addi</strong></span> <span class='ocrx_word' id='word_1_828' title='bbox 594 5325 703 5392; x_wconf 79' lang='lat' dir='ltr'><strong>potest·</strong></span> <span class='ocrx_word' id='word_1_829' title='bbox 714 5321 866 5378; x_wconf 88' lang='lat' dir='ltr'><strong>similitudo</strong></span> <span class='ocrx_word' id='word_1_830' title='bbox 890 5322 926 5377; x_wconf 85' lang='lat' dir='ltr'><strong>ab</strong></span> <span class='ocrx_word' id='word_1_831' title='bbox 950 5325 1031 5378; x_wconf 84' lang='lat' dir='ltr'><strong>vinae</strong></span> <span class='ocrx_word' id='word_1_832' title='bbox 1049 5323 1120 5392; x_wconf 79' lang='lat' dir='ltr'><strong>lepis</strong></span> <span class='ocrx_word' id='word_1_833' title='bbox 1136 5320 1304 5381; x_wconf 83' lang='lat' dir='ltr'><strong>auctoritate</strong></span> <span class='ocrx_word' id='word_1_834' title='bbox 1322 5318 1465 5373; x_wconf 84' lang='lat' dir='ltr'><strong>revincere</strong></span> <span class='ocrx_word' id='word_1_835' title='bbox 1484 5327 1511 5373; x_wconf 90' lang='lat' dir='ltr'><strong>et</strong></span> <span class='ocrx_word' id='word_1_836' title='bbox 1528 5325 1690 5373; x_wconf 86' lang='lat' dir='ltr'><strong>sanctarum</strong></span> <span class='ocrx_word' id='word_1_837' title='bbox 1710 5318 1786 5373; x_wconf 84' lang='lat' dir='ltr'><strong>Scri-</strong></span> 
     </span>
     <span class='ocr_line' id='line_1_60' title="bbox 90 5403 1787 5480; baseline -0.001 -18"><span class='ocrx_word' id='word_1_838' title='bbox 90 5410 221 5480; x_wconf 81' lang='lat' dir='ltr'><strong>apricola</strong></span> <span class='ocrx_word' id='word_1_839' title='bbox 245 5408 348 5480; x_wconf 85' lang='lat' dir='ltr'><strong>petite,</strong></span> <span class='ocrx_word' id='word_1_840' title='bbox 375 5413 407 5461; x_wconf 90' lang='lat' dir='ltr'><strong>ut</strong></span> <span class='ocrx_word' id='word_1_841' title='bbox 431 5408 503 5464; x_wconf 90' lang='lat' dir='ltr'><strong>enim</strong></span> <span class='ocrx_word' id='word_1_842' title='bbox 522 5406 598 5462; x_wconf 90' lang='lat' dir='ltr'><strong>illius</strong></span> <span class='ocrx_word' id='word_1_843' title='bbox 618 5412 661 5462; x_wconf 91' lang='lat' dir='ltr'><strong>est</strong></span> <span class='ocrx_word' id='word_1_844' title='bbox 678 5423 733 5460; x_wconf 94' lang='lat' dir='ltr'><strong>non</strong></span> <span class='ocrx_word' id='word_1_845' title='bbox 752 5408 841 5463; x_wconf 90' lang='lat' dir='ltr'><strong>solum</strong></span> <span class='ocrx_word' id='word_1_846' title='bbox 858 5408 928 5480; x_wconf 90' lang='lat' dir='ltr'><strong>opti·</strong></span> <span class='ocrx_word' id='word_1_847' title='bbox 949 5416 1100 5479; x_wconf 84' lang='lat' dir='ltr'><strong>pturarum</strong></span> <span class='ocrx_word' id='word_1_848' title='bbox 1115 5405 1281 5462; x_wconf 74' lang='grc'><strong>1661606116</strong></span> <span class='ocrx_word' id='word_1_849' title='bbox 1298 5404 1382 5474; x_wconf 89' lang='lat' dir='ltr'><strong>quasi</strong></span> <span class='ocrx_word' id='word_1_850' title='bbox 1399 5403 1567 5476; x_wconf 73' lang='lat' dir='ltr'><strong>quibuisdam</strong></span> <span class='ocrx_word' id='word_1_851' title='bbox 1585 5404 1787 5460; x_wconf 71' lang='grc'><strong>6166616061·</strong></span> 
     </span>
     <span class='ocr_line' id='line_1_61' title="bbox 90 5490 1786 5565; baseline -0.002 -13"><span class='ocrx_word' id='word_1_852' title='bbox 90 5511 166 5552; x_wconf 82' lang='lat' dir='ltr'><strong>mam</strong></span> <span class='ocrx_word' id='word_1_853' title='bbox 181 5499 334 5552; x_wconf 85' lang='lat' dir='ltr'><strong>sementem</strong></span> <span class='ocrx_word' id='word_1_854' title='bbox 351 5490 463 5564; x_wconf 85' lang='lat' dir='ltr'><strong>iacere,</strong></span> <span class='ocrx_word' id='word_1_855' title='bbox 481 5493 530 5550; x_wconf 92' lang='lat' dir='ltr'><strong>sed</strong></span> <span class='ocrx_word' id='word_1_856' title='bbox 548 5510 606 5551; x_wconf 87' lang='lat' dir='ltr'><strong>uns</strong></span> <span class='ocrx_word' id='word_1_857' title='bbox 622 5490 719 5548; x_wconf 80' lang='lat' dir='ltr'><strong>infelix</strong></span> <span class='ocrx_word' id='word_1_858' title='bbox 736 5491 834 5549; x_wconf 89' lang='lat' dir='ltr'><strong>lolium</strong></span> <span class='ocrx_word' id='word_1_859' title='bbox 850 5495 927 5549; x_wconf 87' lang='lat' dir='ltr'><strong>steri-</strong></span> <span class='ocrx_word' id='word_1_860' title='bbox 950 5501 1119 5565; x_wconf 80' lang='lat' dir='ltr'><strong>pereatque</strong></span> <span class='ocrx_word' id='word_1_861' title='bbox 1136 5491 1346 5561; x_wconf 71' lang='lat' dir='ltr'><strong>corrumperet</strong></span> <span class='ocrx_word' id='word_1_862' title='bbox 1383 5491 1446 5545; x_wconf 82' lang='lat' dir='ltr'><strong>Act.</strong></span> <span class='ocrx_word' id='word_1_863' title='bbox 1466 5497 1509 5559; x_wconf 81' lang='grc'><strong>10,</strong></span> <span class='ocrx_word' id='word_1_864' title='bbox 1527 5508 1553 5546; x_wconf 88' lang='grc'><strong>6.</strong></span> <span class='ocrx_word' id='word_1_865' title='bbox 1572 5496 1614 5547; x_wconf 90' lang='grc'><strong>31.</strong></span> <span class='ocrx_word' id='word_1_866' title='bbox 1632 5506 1695 5545; x_wconf 89' lang='lat' dir='ltr'><strong>curn</strong></span> <span class='ocrx_word' id='word_1_867' title='bbox 1706 5507 1786 5562; x_wconf 85' lang='lat' dir='ltr'><strong>prae·</strong></span> 
     </span>
     <span class='ocr_line' id='line_1_62' title="bbox 1402 5591 1457 5649; baseline 0 0"><span class='ocrx_word' id='word_1_868' title='bbox 1402 5591 1457 5649; x_wconf 73' lang='lat' dir='ltr'><strong>tt·</strong></span> 
     </span>
    </p>
   </div>
   <div class='ocr_carea' id='block_1_6' title="bbox 0 0 2017 6004">
    <p class='ocr_par' dir='ltr' id='par_1_9' title="bbox 0 0 2017 6004">
     <span class='ocr_line' id='line_1_63' title="bbox 0 0 2017 6004; baseline 0 0"><span class='ocrx_word' id='word_1_869' title='bbox 0 0 2017 6004; x_wconf 95' lang='lat' dir='ltr'><strong> </strong></span> 
     </span>
    </p>
   </div>
  </div>
 </body>
</html>
