4020 6014
280 228 320 289 ιι
386 183 389 189 ’
867 215 988 277 nosos
1006 215 1210 276 varamus
1230 217 1394 280 ruamus

278 383 308 433 et
325 375 509 433 constituendi
526 377 555 432 in
574 376 690 433 ecclesia
705 375 759 431 sibi
778 374 954 447 arrogabant.
974 372 1112 447 Hierony·
1139 379 1182 431 est
1203 375 1273 431 illud
1299 374 1385 431 'l'ullii
1407 375 1438 432 in
1463 364 1492 433 r?
1511 372 1624 434 Tuscul.
1646 377 1767 447 quaest:
1793 373 1897 429 Honos
1922 373 1989 429 alit

279 480 339 518 mus
358 464 386 518 in
407 469 553 521 comment.
573 463 656 536 hujus
673 463 741 519 loci:
765 463 933 532 Quaeritur,
954 479 1042 533 gerare
1059 463 1121 515 ιιι·
1139 470 1228 532 ader,
1256 479 1403 533 omenque
1428 462 1606 524 incendimur
1632 463 1673 515 ad
1698 461 1795 515 studia
1813 461 1922 529 gloria,
1949 467 1983 514 ct

278 568 374 606 ιιιιιιι
391 551 443 605 boc
462 561 646 621 pracceptum
669 553 808 605 doctorem
826 551 947 620 pontium
967 549 1112 621 apostolus
1132 550 1231 618 jacent
1249 566 1283 604 ca
1300 566 1416 620 semper,
1435 567 1507 618 quae
1526 558 1576 603 aut
1589 549 1780 618 naplipuntur,
1797 555 1848 602 aut
1870 548 1975 620 impro-

279 654 308 690 se
329 654 387 691 essa
406 639 524 708 duait,
549 639 762 709 aut-quomodo
779 637 893 705 culpato
911 652 1034 691 sumone
1053 653 1112 688 ma·
1138 637 1248 693 bantur.
1284 635 1372 692 Iidem
1396 636 1500 708 gradus
1525 642 1589 690 sunt
1611 634 1725 705 publica
1752 634 1918 690 eruditionis
1943 650 1977 689 ac

278 724 350 779 sime
359 724 389 778 in
407 725 573 779 Palaestina
585 732 610 777 ct
625 725 749 796 Aegypti
759 723 937 777 monasteriis
954 738 984 776 ιι
996 720 1111 775 inuicem
1138 723 1271 779 donorum
1290 722 1421 779 divinitus
1439 738 1631 779 concessorum
1648 720 1814 791 testimonia,
1832 726 1901 777 sunt
1918 720 1973 792 pri·

274 819 376 881 patres
394 815 511 866 nocent!
534 814 613 881 quod
629 812 670 865 sic
687 813 813 881 solvitur,
831 812 915 865 atisrd
932 826 989 863 esse
1007 802 1298 882 naturalrilegiorum
1322 826 1356 864 ac
1377 811 1482 881 jurium
1508 809 1657 864 academiis
1682 807 1886 863 a‘caesaribus
1912 825 1973 864 con·

275 905 399 970 patrem,
424 899 662 968 calamistrum,
688 898 772 952 alind
786 896 971 965 indutpentia.
1006 897 1068 950 Nos
1084 897 1112 950 si
1135 913 1273 952 esseorum
1293 896 1435 960 exercitia,
1456 902 1521 951 sunt
1538 895 1670 966 probatae
1682 901 1710 950 et
1721 894 1889 965 repudiatas
1908 911 1973 951 con·

139 989 213 1032 xlta
221 988 265 1035 ιιι
279 986 414 1040 bominem
422 992 534 1055 patrem
543 1003 683 1052 vocamus
697 985 828 1039 bonorem
844 984 932 1037 aetati
945 982 1109 1051 deferimus,
1134 981 1250 1037 fusionis
1270 982 1498 1054 Anabaptistlcae
1516 980 1618 1037 indicia
1638 987 1690 1036 etc.

277 1090 334 1126 non
357 1080 497 1126 auctorem
521 1080 633 1127 nostrae
659 1071 830 1126 ostendimus
851 1070 934 1124 vitae.
969 1069 1110 1137 Magister
1175 1076 1231 1127 1³8.
1251 1071 1399 1135 Quaeritur
1416 1075 1518 1134 autem,
1537 1088 1576 1124 an
1590 1068 1734 1139 promotio
1753 1068 1915 1124 doctoralia
1933 1069 2004 1123 sit
1982 1130 2009 1159 n

278 1174 383 1227 qrroquc
403 1158 508 1212 dicitur
525 1176 558 1213 ea
576 1158 716 1213 consortio
741 1157 802 1212 neri
818 1155 950 1227 mapistri
971 1163 997 1210 et
1015 1173 1050 1210 nc
1067 1156 1108 1209 in·
1135 1159 1275 1225 quaedam
1299 1158 1408 1214 vocatio
1433 1164 1458 1211 ιι
1477 1157 1620 1211 ordinatio
1646 1157 1687 1209 ad
1703 1155 1901 1223 ministerium,
1931 1130 2002 1210 itas

276 1242 357 1312 finita
374 1245 519 1314 replicem,
542 1246 680 1314 quomodo
705 1261 777 1298 unus
797 1260 852 1313 per
878 1249 1008 1297 naturam
1029 1244 1109 1295 Daue
1134 1248 1166 1296 ut
1185 1243 1274 1297 ornati
1292 1243 1411 1298 doctoris
1430 1244 1520 1314 gradu
1539 1247 1703 1313 potestatem
1721 1239 1845 1297 habeant
1863 1223 2009 1314 absque„

277 1337 302 1384 et
316 1348 387 1384 unus
401 1330 854 1400 ritimnonpraejudicatceteria
870 1346 967 1399 nepsr
980 1328 1109 1398 adoptio·
1135 1330 1189 1384 alia
1217 1331 1361 1385 vocatione
1391 1336 1419 1384 et
1448 1329 1656 1384 ordinatione
1648 1347 1677 1382 ιιι
1696 1327 1812 1384 ecclesia
1842 1327 1969 1398 docendi,
1981 1327 2009 1419 ξι

276 1433 338 1471 nem
355 1418 412 1471 Dii
428 1426 560 1471 nocentur
578 1425 603 1471 ιι
617 1416 694 1488 filii5
713 1417 754 1470 ita
773 1425 800 1471 et
813 1434 885 1470 unus
899 1424 986 1485 pater
1005 1423 1031 1469 et
1051 1433 1108 1468 ma·
1135 1416 1188 1470 imo
1214 1423 1242 1471 et
1267 1416 1336 1470 alios
1361 1415 1397 1469 ad
1423 1415 1605 1471 ministerium
1623 1413 1776 1470 ordinandi.
1817 1369 2003 1469 Affirmnnl

276 1505 362 1574 pitter
380 1523 437 1557 non
451 1521 537 1574 praep
525 1505 634 1572 judicat
654 1505 735 1573 aliis,
753 1512 784 1558 at
804 1504 916 1558 abrasisse
932 1503 1109 1575 appellentur
1135 1503 1222 1575 aliqui
1248 1508 1411 1574 argumento
1439 1501 1516 1556 ducti
1545 1517 1590 1570 eo,
1620 1501 1695 1573 quod
1720 1518 1776 1555 nou
1794 1501 1861 1555 olim
1880 1501 1971 1556 solum

273 1601 374 1661 patres
410 1608 444 1644 ac
473 1592 609 1660 mapistri.
660 1591 873 1662 chrysostomus
908 1591 979 1645 hom.
1008 1595 1048 1645 ta.
1080 1589 1109 1643 in
1135 1589 1273 1646 referente
1291 1589 1416 1644 Gersone
1439 1588 1507 1643 haec
1526 1587 1611 1643 fuerit
1634 1586 1812 1657 promotionis
1838 1587 1972 1643 formula:

276 1677 375 1734 Matth.
406 1678 583 1734 Nonvocetis
595 1685 709 1749 patrem:
736 1696 791 1731 non
809 1677 987 1732 utneminem
995 1684 1108 1746 patrem
1136 1679 1184 1730 Do
1202 1677 1256 1730 tibi
1263 1676 1434 1744 facultatem
1449 1676 1624 1745 disputandi,
1645 1675 1773 1744 docendi,
1794 1674 1908 1743 lapeadi
1927 1674 1972 1727 bic

276 1771 384 1835 nocent,
409 1767 462 1818 sed
478 1781 512 1818 nc
531 1765 667 1834 ipnorerrt,
688 1781 766 1834 quem
782 1764 982 1834 principaliter
996 1771 1109 1833 patrem
1136 1765 1281 1834 elabique
1300 1770 1454 1828 terrarum,
1476 1761 1734 1818 adstantibus
1754 1761 1837 1818 hodie
1853 1761 1973 1818 doctori·

276 1867 376 1904 rocara
403 1849 537 1920 oporteat.
574 1853 649 1905 Nam
674 1852 909 1920 quemadmodum
933 1868 1013 1904 nemo
1027 1851 1109 1920 prin-
1135 1850 1186 1904 bus
1205 1856 1328 1920 potestas
1344 1850 1393 1904 illa
1411 1848 1523 1920 pubIIce
1542 1848 1660 1903 docendi
1678 1848 1827 1905 solenniter
1845 1849 1972 1904 confera-

277 1938 410 2007 cipaliter
434 1941 566 2006 mapsbtcr
589 1947 645 2007 est,
664 1938 705 1992 sic
724 1955 773 1991 nec
788 1946 873 2006 pater
885 1945 1003 2007 praeter
1020 1937 1109 2005 illum,
1136 1945 1187 1992 tur.
1224 1935 1429 1991 ”Affelmann
1445 1936 1474 1989 in
1489 1940 1568 1992 tract.
1583 1936 1616 1990 de
1633 1942 1750 1991 sanctor.
1768 1936 1887 1990 invocat.
1909 1952 1934 1991 c.
1948 1942 1971 1991 2.

277 2025 400 2094 quitum
419 2026 630 2093 mapistrorum,
649 2043 733 2094 quam
748 2033 863 2095 patrum
882 2025 1004 2078 ominium
1022 2042 1109 2077 cauea
1136 2023 1175 2080 th.
1201 2028 1245 2078 23:
1277 2022 1427 2076 Verissima
1451 2030 1514 2076 sunt
1540 2024 1625 2076 uerba
1642 2024 1681 2076 D.
1703 2021 1822 2090 Georgii
1842 2021 1972 2091 Majam‘s

277 2119 325 2165 ιιι.
372 2110 599 2183 Tbeophylaetus
631 2111 660 2165 in
690 2111 743 2166 hoc
775 2111 848 2166 loco:
889 2112 954 2165 Non
979 2111 1109 2179 prohibet
1135 2128 1154 2162 a
1173 2112 1211 2163 D.
1229 2111 1400 2164 Leonbardo
1419 2110 1540 2163 Huttero
1563 2110 1696 2178 repetita,
1717 2110 1893 2162 doctoratum
1913 2126 1972 2164 esee

280 2198 406 2254 Οιιιίιιιιι
433 2199 531 2253 vocari
562 2215 716 2268 quenquam
746 2199 922 2266 mapistrum,
950 2185 1002 2251 aad
1030 2204 1109 2250 tanta
1135 2205 1237 2250 remum
1267 2197 1451 2250 testimonium
1482 2197 1636 2251 vocationis
1662 2198 1703 2249 ad
1733 2195 1919 2249 minutarium
1945 2205 1971 2250 ct

278 2286 422 2356 affectione
441 2286 512 2340 uelle
530 2286 629 2339 vocari
645 2294 670 2338 ιι
688 2286 813 2339 omnibns
832 2286 923 2339 modis
943 2301 1060 2348 cur-arc,
1079 2293 1108 2336 ut
1131 2284 1322 2353 promotiones
1339 2285 1499 2338 doctorales
1517 2285 1705 2351 theodoporum
1719 2281 1791 2336 nibil
1810 2299 1868 2336 esse
1887 2284 1972 2337 aliud

278 2374 319 2426 ita
336 2379 455 2427 uocetur.
490 2372 630 2429 “Sensus
643 2379 734 2441 potest
757 2389 816 2428 esse
834 2372 947 2443 triplex:
976 2378 999 2428 1.
1017 2370 1109 2427 Nolite
1136 2389 1218 2440 qtaam
1237 2372 1503 2425 commendationem
1520 2372 1661 2441 publicam
1680 2369 1833 2423 ministerii
1851 2387 1970 2440 coaepa-

277 2459 370 2516 vocari
395 2459 528 2530 magister
551 2460 596 2514 vel
620 2459 729 2524 doctor,
753 2465 886 2530 tanquam
911 2458 1058 2529 primarius
1082 2464 1109 2513 et
1135 2457 1186 2510 lici
1203 2461 1354 2511 secandum
1372 2460 1457 2512 ritum
1475 2459 1677 2530 apostolatum,-
1700 2457 1793 2528 ipsam
1812 2457 1971 2525 mammia-

277 2565 349 2601 uuus
372 2547 434 2615 ille,
460 2547 507 2617 qui
525 2554 625 2616 κυρίως
648 2547 711 2601 talis
741 2551 783 2600 est
802 2553 916 2616 natura,
945 2563 1001 2600 non
1019 2543 1108 2599 indul·
1134 2561 1196 2596 nem
1213 2560 1272 2597 csse
1283 2561 1386 2612 reram,
1404 2546 1557 2613 iapitimam
1575 2552 1600 2596 ιι
1611 2544 1749 2596 solennem
1762 2542 1970 2596 ordinationem

275 2633 386 2705 gentis,
407 2635 488 2704 juxta
504 2632 719 2703 Hieronymum
740 2638 763 2688 2.
787 2633 831 2689 vel
853 2633 937 2688 nolite
959 2632 1051 2688 vocari
1073 2632 1108 2686 ob
1135 2631 1176 2683 ad
1200 2630 1390 2683 nernisterr'um.
1428 2631 1539 2683 Eadem
1564 2629 1684 2683 Latberi
1708 2629 1847 2682 sententia
1873 2636 1915 2682 ιιι
1944 2636 1970 2684 et

276 2721 362 2776 solam
392 2720 586 2789 ambitionem,
614 2722 695 2791 juxta
724 2719 980 2790 Tbeophylsctum3
1010 2724 1034 2774 3.
1064 2719 1108 2773 vel
1134 2717 1254 2770 omnium
1274 2726 1393 2787 papaten
1413 2718 1682 2774 Lutleranorum.**
1713 2716 1767 2773 Sed
1788 2716 1891 2773 rectius
1906 2734 1968 2773 sen·

275 2808 360 2862 nolite
386 2807 479 2863 vocari
505 2807 546 2862 ita
572 2806 733 2877 simpliciter
760 2813 787 2861 et
814 2806 919 2877 absque
947 2805 1108 2876 exceptione
1134 2797 1267 2859 tientibm
1289 2805 1422 2875 negativa
1451 2805 1593 2874 probatur.
1630 2809 1652 2860 l.
1680 2803 1791 2858 Gradus
1814 2803 1968 2860 academici

235 2904 237 2908 ’
276 2894 431 2965 superioris,
452 2894 510 2948 sive
530 2901 688 2964 comparate
707 2893 791 2947 nolite
809 2891 902 2947 vocari
921 2892 1047 2947 doctores
1059 2899 1108 2946 aut
1133 2909 1188 2946 non
1223 2897 1287 2946 sunt
1316 2908 1348 2946 eo
1380 2890 1434 2946 fine
1460 2891 1622 2958 introducti,
1653 2898 1684 2946 ut
1710 2896 1801 2947 essent
1827 2892 1968 2963 quaedam

275 2987 368 3051 patres
392 2997 459 3051 prae
484 2980 593 3035 Deoff*
627 2980 706 3034 Idem
731 2985 791 3033 esto
812 2978 949 3049 judicium
974 2979 1008 3034 de
1034 2979 1107 3033 dicto
1133 2979 1240 3035 vocatio
1258 2983 1287 3034 et
1303 2978 1440 3034 ordinatio
1462 2977 1498 3032 ad
1521 2977 1717 3043 ministerium,
1746 2977 1795 3033 sed
1822 2978 1968 3050 publicum
1983 2991 2010 3032 ιι

275 3065 376 3121 bacobi
403 3081 425 3122 c.
452 3071 475 3134 3,
495 3084 527 3122 v.
550 3072 571 3120 l.
592 3065 701 3135 quoda
720 3064 885 3135 quibusdam
904 3065 959 3120 huc
977 3065 1106 3120 affertur:
1134 3071 1162 3120 et
1192 3065 1304 3120 solenne
1333 3064 1520 3120 testimonium
1556 3063 1733 3132 eruditionis,
1770 3063 1904 3120 virtutum
1940 3072 1969 3121 et

275 3155 319 3207 Ne
340 3160 423 3206 estote
444 3152 527 3205 multi
548 3152 675 3206 doctores
700 3152 816 3204 scientes
832 3153 912 3221 sore,
940 3160 970 3205 ut
992 3153 1107 3219 grauius
1134 3152 1288 3220 ικανόιητος
1305 3151 1342 3207 ιιι
1360 3151 1491 3222 primaria
1513 3149 1605 3204 officia
1628 3149 1830 3219 ecclesiastica,
1853 3151 1968 3221 praevia

269 3239 412 3309 judicium
429 3239 588 3307 accipiatis.
623 3236 806 3309 Nequaquam
820 3254 885 3293 vero
899 3237 1027 3308 prohibet
1042 3256 1106 3309 apo·
1133 3239 1239 3294 scilicet
1267 3239 1392 3311 legitima
1424 3237 1568 3293 vocatione
1600 3238 1651 3292 rite
1680 3236 1817 3294 obeunda.
1861 3244 1883 3295 2.
1913 3239 1967 3295 Jus

276 3327 354 3382 stolis
376 3326 519 3382 doctorum
539 3324 649 3385 nomine
663 3325 707 3379 vel
720 3323 811 3379 officio
824 3325 873 3388 uti,
895 3325 944 3378 sed
960 3329 1106 3380 temerarie
1133 3327 1299 3395 vocationis,
1332 3326 1407 3398 quod
1430 3334 1473 3398 est
1496 3326 1581 3381 totius
1606 3324 1756 3392 ecclesiae,
1776 3343 1832 3381 non
1860 3333 1903 3382 est
1929 3324 1966 3382 ab

170 3413 179 3427 ‘
274 3413 344 3468 illud
368 3412 420 3468 sibi
444 3429 578 3483 usurpare
603 3410 745 3483 probibet,
773 3427 819 3465 eos
843 3410 916 3465 enim
934 3413 1105 3482 potissimum
1133 3413 1248 3469 ecelesia
1267 3413 1303 3468 ad
1320 3413 1487 3484 professores
1506 3412 1709 3468 academiarum
1725 3411 1901 3483 tramittam,
1918 3413 1966 3469 sed

275 3506 367 3563 taxat,
398 3498 446 3569 qui
472 3497 623 3552 ambitione
649 3497 738 3568 magis
765 3514 847 3567 quam
879 3513 945 3553 cura
969 3497 1106 3554 fraternae
1132 3518 1217 3571 penes
1251 3506 1338 3555 totam
1376 3499 1521 3555 ecclesiam
1554 3500 1692 3570 integrum
1732 3497 1823 3553 adhuc
1853 3498 1965 3568 residet,

276 3586 373 3639 salut-is
405 3585 515 3654 impulsi
541 3585 589 3654 jue
619 3584 727 3655 rigidae
755 3599 888 3639 censurae
915 3584 943 3639 in
969 3585 1106 3655 proximos
1133 3587 1247 3658 proinde
1264 3587 1396 3651 honores,
1417 3586 1464 3656 qui
1483 3604 1499 3640 a
1517 3585 1719 3658 professoribus
1743 3585 1911 3641 academicis
1937 3587 1966 3640 in

276 3669 457 3740 superciliosa
482 3671 635 3726 temeritate
662 3669 715 3725 sibi
743 3678 874 3742 arrogant
906 3678 933 3726 et
964 3677 1106 3740 usurpant,
1134 3674 1285 3743 praemium
1313 3672 1474 3744 diligentiae
1501 3673 1591 3771 dignis
1625 3673 1749 3744 personis
1778 3673 1967 3743 conferuntur,

276 3773 332 3810 non
350 3762 408 3811 tam
425 3756 659 3825 aedificationem,
689 3774 772 3828 quam
798 3758 984 3813 calumniandi
1008 3764 1037 3813 ιι
1060 3758 1106 3812 ob·
1135 3777 1190 3814 uon
1208 3766 1324 3830 possunt
1350 3760 1520 3814 ιιιιιιὶιι
1508 3759 1567 3830 Juri
1589 3758 1740 3830 quidquam
1766 3760 1967 3830 praejudicare.

277 3843 414 3897 ιιιιιιιιιιι
428 3843 551 3898 studium
566 3850 711 3899 sectantes
739 3848 765 3901 2.
784 3847 906 3914 Propter
926 3849 1105 3901 asserendam
1136 3852 1158 3901 3.
1176 3846 1206 3902 Si
1226 3845 1481 3901 honorumillorum
1495 3845 1586 3899 ιοιιιι
1568 3851 1606 3899 ιιι
1626 3850 1698 3900 ιιιιι
1717 3845 1818 3917 reipsa
1831 3848 1968 3918 quaedam

279 3930 388 3985 ordinis
414 3930 564 3999 theolopioi
591 3931 769 3998 dignitatem,
798 3949 870 4003 quae
899 3933 1006 3988 ιιιιι
998 3951 1027 3987 ιιι
1055 3934 1106 3988 hac
1134 3933 1281 3989 vocatioet
1300 3933 1415 3989 ordinat
1397 3939 1434 3987 tro
1449 3931 1674 3986 administerium
1678 3948 1870 4004 ,consequens
1887 3935 1968 4006 foret,

277 4023 398 4074 extrema
415 4015 511 4070 mundi
528 4023 642 4071 senecta
658 4022 699 4072 est
715 4017 864 4072 admodum
884 4018 993 4090 exigua,
1012 4021 1107 4092 negari
1135 4038 1168 4076 eo
1185 4025 1316 4090 tempore,
1337 4037 1391 4091 quo
1407 4019 1536 4074 ιοιιιιιο
1530 4027 1583 4072 ιιιι
1596 4018 1734 4090 graduum
1747 4019 1968 4076 academicorum

276 4105 348 4160 enim
377 4103 487 4175 nequit,
514 4102 627 4174 aliquod
658 4103 832 4157 auctoritatis
861 4105 935 4174 apud
967 4106 1106 4162 auditores
1134 4107 1162 4161 iu
1182 4106 1289 4161 scholas
1308 4105 1473 4170 introducta,
1492 4122 1590 4161 novam
1608 4104 1690 4160 simul
1708 4106 1827 4177 speeiem
1846 4109 1968 4163 vocatio·

274 4189 446 4246 necessariae
461 4188 658 4243 adminiculum
677 4206 736 4244 esse
758 4189 824 4243 istos
840 4188 975 4244 honorum
993 4193 1105 4262 gratim.
1134 4195 1177 4248 nis
1194 4193 1223 4247 in
1241 4193 1385 4249 ecclesiam
1405 4191 1591 4246 introductam
1610 4209 1685 4257 esse,
1715 4210 1771 4264 qua
1788 4193 1895 4250 scilicet
1912 4213 1968 4250 non

274 4281 301 4333 3.
320 4280 442 4345 Propter
454 4275 498 4329 rai
509 4276 684 4344 aequitatem.
714 4276 953 4342 Quemadmodum
972 4279 1000 4332 in
1014 4281 1106 4334 studio
1134 4297 1228 4335 omnes
1255 4288 1312 4335 tres
1337 4279 1470 4335 ecclesiae
1497 4284 1585 4334 status
1614 4286 1640 4334 et
1665 4279 1789 4350 ordines,
1823 4281 1967 4337 sedunus

274 4365 407 4419 virtutum
436 4368 464 4417 et
493 4362 522 4416 in
545 4361 699 4416 eruditione
725 4369 767 4416 est
790 4361 947 4418 differentia
966 4364 1037 4419 inter
1060 4366 1106 4421 ho·
1135 4368 1269 4422 duntaxat
1288 4368 1369 4433 ordo,
1392 4367 1446 4421 imo
1470 4383 1535 4437 pars
1560 4366 1642 4422 unius
1662 4367 1765 4421 ordinis
1784 4367 1820 4422 ad
1838 4368 1968 4424 ecelesia·

274 4451 369 4515 mines,
389 4449 428 4504 ita
447 4464 557 4520 quoque
576 4448 709 4520 aequitati
730 4457 953 4520 consentaneum,
972 4458 1004 4505 ut
1023 4452 1105 4509 bono·
1134 4454 1233 4507 sticum
1247 4453 1428 4508 ministerium
1443 4470 1541 4507 vocare
1553 4453 1647 4523 possit.
1676 4460 1699 4509 l.
1713 4453 1829 4509 Vocatio
1842 4455 1966 4511 mediata

273 4557 334 4593 rum
354 4543 382 4592 et
399 4535 583 4607 praemiorum
610 4534 765 4591 differentia
784 4543 929 4592 statuatur.
971 4539 1106 4595 Virtutem
1133 4541 1165 4595 fit
1184 4541 1220 4595 ad
1239 4547 1343 4596 certum
1361 4541 1467 4610 locum,
1494 4540 1630 4612 siquidem
1660 4542 1731 4596 inter
1753 4542 1860 4612 reliqua
1887 4543 1966 4599 diffe-

270 4624 402 4694 prasmia
429 4622 518 4676 tribui
546 4621 711 4674 meantibus
737 4625 876 4692 convenit,
906 4625 1107 4697 rescripserunt
1134 4628 1238 4684 rentiae
1271 4628 1365 4698 capita
1401 4628 1508 4683 vocatio
1543 4628 1701 4684 immediata
1735 4628 1922 4698 apostolorum
1949 4647 1967 4686 a

274 4708 446 4766 Theodosius
472 4712 502 4762 et
518 4705 731 4762 Valentinianus
758 4708 820 4764 libr.
840 4716 864 4766 ι.
886 4710 915 4767 C.
943 4712 977 4766 dc
997 4717 1059 4767 stat
1080 4721 1107 4768 et
1134 4714 1254 4769 mediata
1272 4713 1414 4770 vocatione
1434 4714 1640 4786 episcoporum,
1668 4716 1900 4788 presbyterorum,
1917 4735 1966 4789 pa·

274 4797 356 4866 imag.
395 4800 419 4849 ι.
440 4798 564 4866 Propter
592 4793 721 4847 ammian
749 4796 904 4850 utilitatem.
941 4798 1009 4853 Illae
1033 4801 1105 4855 enim
1133 4808 1237 4856 storum
1256 4808 1284 4857 et
1303 4801 1445 4856 doctorum
1462 4803 1491 4857 in
1510 4819 1542 4858 eo
1562 4803 1644 4858 etiam
1657 4803 1754 4858 differe
1772 4803 1856 4874 vulgo
1875 4804 1966 4860 existi

274 4883 407 4938 bonorum
426 4881 587 4938 collationes
611 4886 676 4934 sunt
694 4879 860 4954 o‘ppqrqpror
881 4884 994 4955 aliquod
1018 4893 1046 4941 et
1065 4887 1105 4941 in·
1134 4895 1239 4953 matur,
1266 4887 1341 4959 quod
1366 4888 1406 4943 illi
1433 4896 1599 4961 aeceperunt
1614 4888 1965 4963 absolutamypotestatem

273 4968 452 5025 citamentum
477 4968 514 5022 ad
540 4965 711 5038 diligentiam
734 4967 762 5021 in
786 4969 884 5023 animis
912 4976 1105 5041 spectatorum.
1133 4975 1186 5028 imo
1204 4975 1361 5028 mandatum
1379 4975 1483 5046 ubique
1501 4974 1680 5047 praedicandi
1700 4975 1797 5030 Matth.
1818 4980 1859 5041 28,
1878 4995 1903 5030 r.
1926 4984 1965 5034 lb.

275 5057 444 5126 Opinamur,
474 5055 565 5126 inquit
590 5054 673 5110 Solon
700 5054 775 5124 apud
802 5054 955 5110 Lucianum
981 5057 1009 5113 in
1030 5059 1105 5113 Ana·
1133 5059 1217 5116 blare.
1240 5067 1287 5129 le,
1306 5078 1330 5113 v.
1354 5066 1393 5117 15.
1417 5061 1563 5123 Bomio,
1589 5077 1612 5112 v.
1637 5065 1674 5115 18.
1698 5060 1801 5116 Coloss.
1825 5068 1901 5132 ιιι.
1922 5069 1963 5120 28.

274 5141 377 5210 chassi,
401 5143 612 5210 gymnasiorum
632 5140 805 5195 desiderium
818 5142 848 5194 in
852 5144 1001 5209 juvenibus
1015 5147 1105 5213 mapis
1132 5145 1168 5199 Hi
1196 5163 1261 5200 vero
1290 5152 1395 5200 certum
1423 5163 1536 5218 gregem
1567 5145 1595 5197 in
1623 5152 1697 5199 certo
1723 5163 1755 5201 ac
1781 5147 1964 5206 determinato

274 5228 405 5296 meandi,
433 5228 460 5280 si
477 5244 538 5291 cos,
562 5229 612 5296 qai
629 5229 731 5300 optimc
749 5244 778 5281 ιι
796 5237 949 5297 passarum,
969 5232 1106 5285 bonorari
1131 5234 1192 5287 loco
1209 5232 1263 5286 sibi
1280 5233 1455 5287 commissum
1480 5231 1593 5286 habeut.
1631 5229 1676 5284 Sic
1700 5231 1795 5287 Actor.
1818 5239 1857 5303 tt,
1876 5252 1903 5293 r.
1923 5243 1964 5293 23.

273 5314 465 5387 conspexerint
482 5321 508 5366 et
530 5315 561 5367 in
577 5316 669 5368 medio
690 5314 865 5369 &aetorum
874 5318 1028 5385 praeconis
1039 5335 1104 5372 voce
1127 5321 1287 5390 presbyteri
1297 5321 1500 5375 constituantur
1511 5318 1701 5387 persingulas
1711 5321 1851 5375 melesius.
1872 5323 1926 5378 Tit.
1944 5333 1964 5393 t,

272 5402 418 5471 magnifice
431 5400 616 5470 werinmari,
636 5410 662 5455 et
679 5403 833 5472 nonpaucr'
853 5405 1105 5472 exspectatoribus
1130 5425 1154 5462 v.
1177 5413 1208 5462 5:
1243 5408 1321 5460 Titus
1339 5404 1453 5458 relictus
1472 5409 1511 5454 ιιι
1524 5400 1631 5469 Cretae,
1651 5414 1680 5457 nt
1696 5405 1866 5476 zarinilrr,
1884 5412 1964 5482 oppi-

272 5490 405 5544 rirtutnm
432 5505 466 5544 ac
493 5487 601 5543 laboris
624 5504 721 5544 amore
744 5490 964 5561 inflammantur.
1000 5490 1103 5550 Notum
1132 5494 1229 5562 datim,
1249 5493 1399 5548 continet
1408 5487 1593 5554 presbyteros.
1632 5497 1654 5548 l.
1667 5491 1740 5548 Petr.
1754 5499 1783 5559 5,
1808 5510 1833 5551 v.
1857 5497 1964 5551 2:1’a-
