4020 6014
126 1059 183 1098 xlv.
194 1056 206 1098 7

228 141 288 199 334
815 131 918 189 Lucu
956 128 1161 187 vlcnsmue
1184 127 1363 194 QUARTUS

227 294 256 342 et
280 286 366 342 animi
392 286 544 342 moderatio
569 283 690 341 interior.
731 289 774 339 Ta
800 288 919 340 Domina
945 285 1002 337 sois
1018 298 1064 335 ae·
1092 283 1160 353 quin
1177 289 1206 337 et
1222 283 1296 337 dona
1313 298 1347 337 ac
1370 283 1451 338 xenia
1469 283 1585 338 misisse
1621 282 1724 337 Postea
1742 281 1881 352 qnaesivit
1898 298 1932 336 ex

227 374 384 426 cesmtatem
402 389 505 440 meam,
530 377 591 426 orat
615 371 716 425 Esther
734 387 794 441 cap.
816 378 865 438 lt,
882 388 908 423 v.
932 375 971 425 16.
988 370 1066 437 qaod
1089 367 1199 433 amicis,
1223 371 1361 436 quemme
1381 370 1530 422 Arcadiae
1555 371 1590 422 de
1609 384 1639 421 se
1666 367 1844 437 loqueretur,
1869 384 1930 422 cum

227 459 372 513 abominer
392 460 502 525 sigeum
518 459 667 527 superbiae
691 465 718 510 et
740 457 852 523 gloriae
871 472 962 518 meae,
989 455 1155 523 qaodqvero
1179 468 1273 506 omnes
1296 459 1478 523 testarentur,
1505 471 1567 509 enm
1594 455 1656 524 jam
1680 453 1780 508 mirum
1806 452 1931 524 Philippi

227 553 267 598 est
282 561 367 612 saper
385 552 469 613 capot
490 561 579 596 meum
596 544 626 596 ia
647 545 745 596 dietam
764 541 956 596 ostentationis
980 555 1065 604 meae,
1077 528 1080 603 l
1092 538 1265 593 laudatorem
1283 539 1396 608 factum,
1412 541 1533 609 subjecit
1551 556 1614 593 rex:
1639 542 1702 607 Ego
1721 539 1811 608 igitur
1830 541 1930 594 melior

228 638 254 683 et
272 633 394 683 detemer
413 630 491 682 iliad
508 630 592 696 quusi
613 647 741 698 partuum
759 635 949 682 menstruatae
967 633 992 678 et
1009 641 1065 676 mou
1077 613 1080 700 l
1091 625 1216 677 medicus
1243 644 1302 679 mm
1328 644 1413 694 qaam
1436 644 1491 680 vos.
1529 626 1576 678 Ad
1595 625 1647 679 hoc
1668 624 1754 678 animi
1771 627 1858 682 robur
1876 644 1929 681 non

223 724 336 784 portem
366 717 396 768 im
426 716 524 768 diebu
550 715 659 767 silentii
683 716 745 770 mei.
783 712 909 768 Herodes
932 711 962 763 in
987 702 1079 783 veste}
1092 709 1231 763 mediocre
1257 711 1448 780 adjumentum
1476 727 1509 765 ac
1533 712 1609 765 velut
1632 717 1802 766 momentum
1821 712 1929 767 confert
1977 712 1980 720 '

228 802 306 873 regia
330 801 535 856 insolentiorem
560 816 622 854 sese
639 818 738 871 gerens
763 816 796 854 ac
815 799 924 854 divium
947 800 1064 853 honores
1077 788 1080 857 Ι
1092 793 1182 863 pietas
1201 801 1229 850 et
1246 797 1321 851 ritae
1338 797 1454 852 honeste
1471 814 1504 851 ac
1521 797 1700 852 laudabiliter
1725 803 1805 852 actae
1825 798 1928 852 consci-

228 887 379 941 admittens
396 887 495 939 misere
508 887 589 956 perit,
610 888 671 939 Act
696 891 736 954 12,
749 904 773 938 v.
796 891 838 941 2³.
859 902 892 939 ac
910 884 1030 955 Spiritus
1042 901 1064 940 s.
1092 879 1182 944 entia,
1202 882 1250 950 qui
1268 882 1341 935 enim
1361 882 1460 951 pietati
1482 883 1587 950 studet,
1605 882 1669 938 Deo
1686 899 1747 937 sese
1765 900 1849 938 curae
1869 900 1928 938 esse

227 972 364 1042 Judicium
396 973 432 1026 de
459 988 561 1042 pompa
585 971 673 1042 regali
698 971 844 1042 Agrippae
865 987 897 1026 ac
922 970 1064 1034 Bernices,
1090 964 1184 1034 novit3
1203 968 1252 1036 qui
1270 984 1334 1022 vero
1353 968 1408 1022 Dei
1424 969 1597 1039 protectione
1616 969 1722 1032 nititur,
1743 987 1807 1024 cnm
1818 969 1928 1023 Davide

228 1058 280 1114 hoo
299 1066 348 1127 eet,
369 1059 445 1128 qnod
463 1059 548 1113 fuerit
563 1060 650 1127 πολλὴ
665 1065 809 1130 φαντασία
826 1058 888 1112 Act.
911 1063 958 1125 25,
976 1074 1003 1109 r.
1023 1061 1064 1111 23.
1090 1068 1157 1120 rege
1177 1052 1245 1106 dicit
1262 1053 1366 1110 Psalm.
1387 1060 1429 1118 27,
1450 1073 1475 1111 v.
1500 1060 1527 1109 l:
1547 1057 1688 1109 Dominae
1707 1056 1881 1110 illumiaatio
1903 1063 1928 1109 et

231 1147 325 1213 Turpe
333 1153 374 1198 ert
382 1147 513 1214 sapienti,
525 1162 587 1198 eum
598 1145 720 1197 animam
730 1143 840 1206 hadwi,
850 1144 1064 1196 iaadeaeacor·
1090 1138 1170 1189 salas
1187 1156 1258 1207 mea,
1276 1155 1357 1208 mrem
1375 1141 1495 1195 umato!
1523 1142 1664 1195 Dominae
1689 1149 1835 1212 protector
1855 1142 1927 1194 uitae

225 1247 296 1299 pore
305 1238 429 1301 captare,
450 1232 491 1285 ait
499 1229 631 1285 Julianus
642 1229 792 1298 imperator
801 1228 876 1298 apud
885 1227 1063 1281 Ammianum
1091 1239 1177 1292 meae,
1195 1242 1215 1276 a
1231 1242 1286 1293 qao
1306 1227 1469 1294 trepitabof
1495 1226 1598 1282 Psalm.
1618 1233 1665 1295 56,
1692 1244 1718 1282 r.
1745 1234 1774 1282 t:
1804 1228 1841 1280 la
1862 1228 1926 1279 Deo

144 1366 156 1391 0
229 1314 355 1373 Marcell.
369 1315 417 1371 lib.
431 1321 472 1371 25.
495 1316 616 1370 Proinde
635 1314 710 1385 quod
728 1313 917 1367 'l'ertnllianus
936 1313 971 1367 de
987 1312 1064 1367 cultu
1089 1311 1211 1376 speravi,
1228 1328 1286 1364 ooo
1302 1311 1412 1374 timebo,
1432 1312 1503 1379 qaid
1518 1313 1613 1376 faeiat
1629 1313 1701 1366 mibi
1719 1315 1810 1366 carot

100 2609 119 2648 t.
139 2608 214 2647 Robur

99 2660 170 2699 animi
192 2664 215 2696 ct

100 2720 192 2758 magna·

100 2762 201 2801 almitas.

225 1402 318 1457 femin.
346 1402 384 1456 ad
402 1402 530 1456 mulieres
557 1401 639 1470 dicit,
663 1401 733 1454 illud
757 1400 794 1454 ad
821 1399 960 1470 principes
979 1399 1062 1453 etiarn
1158 1459 1402 1469 -----
1420 1430 1478 1482 H„
1496 1447 1591 1482 ΝΜ
1610 1431 1732 1485 ahma,
1751 1439 1810 1485 „20

224 1488 426 1541 accommodari
451 1491 557 1556 potest:
591 1486 690 1540 Vestite
715 1504 764 1539 aas
786 1487 877 1539 serico
899 1485 1062 1553 pretiatis,
1157 1516 1210 1568 Nil
1229 1515 1354 1568 comm-re
1372 1515 1428 1568 ,ibt-
1452 1515 1534 1569 nulla
1575 1516 1712 1570 allegem
1730 1516 1777 1569 cu,
1798 1533 1825 1569 a,

225 1575 336 1642 iussim
353 1574 527 1636 sanctitatis,
549 1589 681 1643 purpura
695 1572 870 1640 pudicitiae,
898 1571 997 1624 taliter
1015 1588 1061 1623 or·
1147 1634 1153 1644 ⁸
1255 1634 1261 1645 ³
1301 1635 1307 1646 Ι
1428 1555 1434 1584 ’
1497 1636 1503 1647 .
1551 1533 1573 1585 p
1707 1635 1713 1647 ι
1774 1533 1796 1585 p
1856 1637 1862 1648 .

224 1669 310 1714 natae
328 1661 413 1713 etiam
433 1661 526 1711 Deam
543 1658 678 1711 babebitis
696 1666 860 1711 amatorem.
896 1657 1062 1711 Aristoteles
1089 1632 1202 1702 Ol'tuna
1220 1651 1377 1704 9¹¹¹¹⁰¹l2¹¹m
1394 1635 1523 1690 ⁰u⁸l⁰d¹²
1545 1654 1669 1705 '9⁸⁰Wm
1686 1643 1774 1691 Vlmss
1799 1653 1832 1691 ⁸⁰
1849 1655 1926 1690 ‘⁸²⁸⁰'

224 1746 413 1800 Alexandrum
423 1744 590 1813 dimipulum
605 1760 684 1796 ,uum
700 1743 803 1811 docuit,
817 1744 905 1798 mmo
913 1743 1062 1813 pamm
1088 1720 1180 1773 centia
1198 1727 1226 1775 et
1241 1721 1417 1817 subditorum
1436 1723 1641 1788 benevolentia,
1672 1721 1764 1792 Cyrus
1784 1722 1859 1792 apud
1870 1721 1928 1777 Xe·

223 1834 367 1901 magisque
394 1832 509 1898 regium
529 1845 587 1882 esse
615 1829 738 1883 animum
766 1829 867 1882 babere
894 1830 998 1882 cultum
1036 1835 1060 1881 et
1088 1803 1259 1903 ¹¹⁰l’hqntlffm
1279 1806 1327 1860 hb·
1357 1814 1382 1865 7·
1401 1805 1558 1877 cyml'lledv
1579 1807 1653 1862 unde
1680 1806 1842 1877 Alph⁰¹1⁸¹¹⁸
1862 1826 1925 1863 ⁰⁸³¹

225 1919 405 1987 compositam
439 1933 523 1984 quam
560 1916 758 1983 elegantiorem
791 1916 919 1984 corporei
952 1922 1061 1983 vestem²
1088 1890 1125 1945 ab
1145 1890 1285 1962 aliquibus
1303 1894 1482 1963 argueretur,
1502 1894 1576 1963 quod
1596 1893 1671 1947 solus
1692 1893 1841 1962 incederet,
1860 1895 1926 1964 ipsi·

225 2005 270 2059 cui
290 2003 405 2058 consilio
421 2001 610 2056 Alexandrum
636 2000 857 2070 obtemperasse,
881 2000 967 2055 refert
986 1999 1061 2053 Aeli·
1089 1993 1144 2073 que
1169 1978 1346 2046 suadelelmi
1376 1984 1408 2031 ”l
1424 1995 1502 2074 ⁰¹⁰ss
1524 1977 1638 2032 Allfflffl
1663 1979 1818 2049 Principum
1842 1979 1926 2033 enam

226 2108 296 2145 anns
312 2089 331 2146 1.
350 2096 373 2145 8.
387 2089 518 2144 varhiet.
534 2103 598 2141 cnm
618 2105 673 2157 quo
686 2088 816 2143 convenit
834 2087 904 2140 illud
916 2085 1061 2156 Alphonsi‚
1088 2080 1149 2132 ¹P⁸0
1166 2069 1333 2118 mmmmm
1359 2081 1444 2118 mmm
1468 2069 1588 2135 ⁸⁰P⁸l¹¹⁸
1610 2064 1789 2135 graderetur,
1812 2080 1926 2134 ffflPOU·

227 2176 275 2248 (μή
295 2193 358 2229 ,um
380 2175 481 2230 ,mim
500 2190 555 2227 non
575 2173 694 2227 multum
713 2173 883 2242 ffimpm,
910 2172 1061 2242 ampula,
1088 2147 1136 2212 dit,
1154 2167 1183 2201 se
1200 2149 1310 2202 minime
1328 2150 1427 2217 solum,
1447 2151 1499 2203 sed
1516 2150 1676 2204 innocentia
1695 2151 1863 2204 associatam
1881 2152 1924 2204 ia·

226 2262 303 2318 ribus
315 2262 381 2330 suis,
400 2261 567 2329 admonitus,
585 2265 618 2312 nt
634 2259 712 2329 regio
729 2267 828 2313 ornatu
848 2258 1002 2324 incederet,
1020 2275 1060 2312 re·
1088 2237 1197 2303 ‘imre’
1215 2235 1378 2290 Pssflfflllfl
1397 2237 1415 2291 l·
1436 2242 1460 2291 2·
1482 2238 1517 2291 de
1535 2237 1593 2294 reb.
1611 2243 1681 2307 gest.
1700 2236 1786 2306 Alph.

227 2349 349 2419 spondit,
367 2365 396 2400 se
409 2348 495 2401 molle
508 2347 633 2400 moribus
651 2353 678 2399 et
695 2347 863 2399 auctoritate
886 2363 952 2398 auos
975 2345 1062 2399 encel-
1334 2341 1336 2344 ’

228 2435 286 2489 lere
306 2452 391 2503 quam
408 2434 570 2486 diademate
582 2438 610 2485 et
616 2448 759 2501 purpura,
780 2430 994 2485 Panormitanus
1005 2431 1023 2484 l.
1039 2437 1061 2485 l.

228 2521 264 2575 de
282 2519 341 2575 reb.
358 2523 428 2589 gest.
446 2516 531 2588 Alph.

264 2612 321 2662 148.
352 2611 376 2658 t.
394 2603 492 2659 Robur
510 2603 594 2657 animi
612 2609 641 2658 et
662 2602 895 2673 magnanimitas?
914 2602 1063 2656 Continen-
1605 2668 1612 2682 ⁹

227 2693 267 2747 tia
288 2691 361 2746 enim
380 2691 463 2745 etiam
482 2688 630 2744 affectibus
653 2689 763 2743 frenum
784 2689 888 2758 injicit,
915 2705 950 2742 ne
969 2688 1014 2741 vel
1034 2687 1062 2740 in
1173 2727 1432 2807 QUOMODO
1464 2729 1839 2796 MAGISTRATUS

226 2777 366 2849 prosperis
384 2777 513 2848 princeps
532 2776 623 2830 animo
640 2776 724 2830 nimis
743 2775 883 2847 efferatur,
900 2775 945 2829 vel
965 2774 993 2827 in
1013 2773 1061 2828 ad·

227 2863 313 2918 versis
336 2862 447 2933 penitus
475 2859 798 2932 deficiatur-Magnam
821 2861 961 2915 fortunam
985 2875 1061 2929 mag·
1139 2830 1308 2896 RECTE
1339 2830 1397 2896 SE
1429 2831 1631 2897 GERERE
1661 2832 1872 2897 DEBEAT

226 2965 348 3019 numque
366 2947 509 3018 dignitatis
528 2946 671 3017 fastigium
691 2947 771 3001 decet
802 2947 910 3001 animm
935 2962 1062 3016 magnus.
1209 2932 1346 2998 ERGA
1379 2932 1712 2999 FAMILIARES
1741 2934 1805 3000 ΕΤ

225 3035 343 3105 Absque
360 3033 408 3088 illo
428 3032 512 3087 animi
532 3033 631 3088 robore
647 3033 783 3102 princeps,
809 3039 904 3103 utpote
921 3030 1062 3101 perpetuis
1332 3035 1679 3102 DOMESTICOS,

225 3120 398 3192 negotiorum
411 3137 443 3173 ac
456 3119 641 3190 periculorum
655 3117 743 3172 ventis
756 3116 899 3180 obnoxius,
919 3133 1061 3186 nunquam

227 3205 280 3258 erit
304 3212 419 3275 pacatus
437 3210 465 3259 ct
484 3203 668 3273 tranquillum
699 3203 747 3256 sed
766 3203 795 3254 in
818 3207 932 3272 pectore
948 3218 1061 3272 magna·
1125 3208 1182 3259 149.
1221 3203 1438 3258 Domesticorum
1458 3220 1491 3257 ac
1507 3205 1700 3269 familiarium
1718 3204 1829 3260 nomine
1847 3204 1927 3260 intel·
1940 3208 2006 3256 ouon

226 3292 301 3346 nimo
322 3291 430 3346 animus
448 3290 520 3345 bene
544 3289 714 3358 compositus
737 3296 780 3342 est
800 3288 900 3341 mediis
923 3289 1062 3356 recoquit
1088 3289 1200 3359 ligimus
1219 3289 1297 3358 illos,
1324 3306 1387 3342 cum
1414 3290 1518 3359 quibus
1536 3292 1666 3360 princeps
1691 3291 1815 3361 qnotidie
1833 3309 1926 3347 versa·
1940 3268 2008 3349 illia

225 3378 272 3432 las
296 3380 326 3431 ia
349 3379 443 3432 aedis.
478 3376 536 3429 Hic
562 3378 650 3444 ardo,
680 3375 772 3444 inquit
794 3373 892 3429 Cicero
915 3380 969 3430 act.
991 3382 1015 3430 5.
1032 3374 1062 3427 in
1087 3380 1140 3438 tur,
1160 3392 1230 3445 quos
1255 3375 1369 3446 quidam
1391 3376 1567 3446 distinguunt
1591 3377 1619 3428 in
1643 3392 1776 3445 personas
1799 3394 1927 3433 aecusa-
1940 3371 1998 3452 2⁰,ssss

227 3463 342 3521 Verrem
362 3464 398 3518 de
416 3462 598 3533 magistratu,
618 3463 702 3530 quasi
716 3462 881 3530 propositus
899 3469 982 3530 etque
1001 3461 1061 3514 edi·
1087 3462 1149 3514 rias
1166 3468 1194 3516 et
1211 3463 1380 3526 officiarius.
1418 3461 1598 3518 Necessariae
1618 3468 1684 3516 sunt
1698 3472 1844 3533 parentes,
1861 3482 1927 3520 eoa·
1940 3463 2004 3554 Ἦ

226 3553 319 3604 tasin
339 3552 484 3612 otiamur
502 3550 538 3601 ab
558 3548 684 3602 ornaibaa
700 3548 789 3600 neatis
809 3548 1061 3601 iuvidiaecs'rcum·
1081 3549 1170 3616 janu,
1196 3549 1296 3617 tiberi,
1322 3550 1447 3617 fratres,
1472 3567 1598 3618 sorores,
1622 3551 1753 3618 coguati;
1773 3549 1926 3607 officiariae
1939 3528 1996 3613 Arga

222 3638 296 3706 stari
315 3653 401 3706 posse
424 3637 570 3702 videatur,
604 3634 755 3703 requiritur
772 3633 859 3703 igitur
876 3634 960 3687 animi
978 3633 1063 3688 robur
1087 3642 1153 3689 sunt
1169 3636 1319 3688 consiliari
1330 3642 1355 3687 et
1374 3637 1498 3690 ministri
1513 3637 1609 3690 aulici.
1636 3638 1776 3690 Parentes
1791 3639 1814 3691 si
1832 3621 2009 3694 adhnc¹⁰⁰⁸⁶¹

227 3722 416 3785 contumelias,
436 3721 627 3784 detractiones,
647 3719 780 3774 invidiam
799 3729 825 3773 et
842 3719 960 3775 adversa
979 3738 1062 3790 quae·
1089 3721 1117 3774 in
1136 3721 1205 3774 vivis
1225 3728 1298 3790 sunt,
1320 3722 1447 3791 princeps
1467 3722 1593 3783 honoret,
1613 3739 1718 3777 memor
1737 3725 1831 3794 quarti
1843 3741 1923 3795 prae·

1341 2557 1565 2618 sncr10
1600 2557 1670 2617 111.
1940 2584 2010 2626 nv„

227 3809 268 3862 ris
280 3808 359 3878 parvi
371 3807 527 3861 aestimans.
554 3805 693 3859 Luthcrus
709 3805 738 3858 in
765 3822 789 3859 c.
809 3811 850 3860 tt.
871 3804 941 3862 Gen.
959 3807 979 3860 f.
998 3813 1062 3863 ort:
1089 3807 1177 3876 cepti,
1197 3825 1214 3860 a
1234 3822 1289 3876 quo
1307 3807 1411 3861 nullius
1431 3809 1570 3880 privilegii
1588 3816 1682 3865 tenore
1702 3810 1746 3864 vel
1767 3809 1862 3865 favore
1880 3827 1926 3865 ex·

227 3894 420 3962 Magistratus
440 3892 496 3944 siut
516 3892 608 3954 fortes
626 3899 651 3943 et
668 3891 797 3957 animosi,
817 3909 867 3944 aec
880 3895 1062 3962 frangantur
1089 3895 1183 3949 clusus
1202 3899 1254 3961 est,
1273 3909 1338 3953 cum
1353 3895 1412 3947 Dei
1431 3903 1456 3947 et
1476 3902 1598 3949 staturae
1615 3896 1725 3966 legibue
1742 3897 1871 3969 princeps
1890 3899 1926 3952 sit

225 3980 363 4052 periculis
380 3986 407 4031 et
421 3977 573 4046 procellis,
601 3978 700 4045 quibas
718 3979 913 4031 cremonam-r
931 3979 1062 4048 imperia,
1090 3979 1243 4049 subjectus,
1263 3984 1295 4034 ut
1312 3980 1442 4034 Burtolus
1463 3986 1538 4035 recte
1557 3981 1675 4050 scripsit
1705 3981 1847 4052 Josepbus
1864 4002 1925 4053 prc-

226 4072 258 4119 αι
280 4081 343 4118 vere
362 4065 413 4117 boc
431 4065 493 4130 siut
518 4065 594 4132 quod
614 4063 754 4128 dicuutur,
773 4066 894 4130 streuui,
925 4066 1062 4134 generosi,
1090 4083 1139 4120 rex
1161 4067 1288 4136 Aegypti
1305 4067 1472 4121 constitutus
1490 4074 1769 4136 campanensium
1788 4068 1924 4124 Jacobum

228 4151 383 4221 magnifici,
409 4151 549 4213 illustres,
577 4150 627 4218 but
653 4151 688 4218 tie
710 4151 775 4219 turbt
800 4150 845 4220 [eft
870 4151 924 4206 unt
944 4152 1063 4221 ebrcufeit
1090 4153 1126 4206 ad
1145 4169 1175 4206 se
1195 4152 1223 4206 in
1245 4154 1407 4225 Aegyptum
1428 4153 1574 4222 invitaret,
1599 4169 1654 4208 non
1676 4160 1719 4208 est
1742 4171 1809 4209 usus
1833 4155 1925 4210 verbis

228 4238 288 4305 itin.
328 4238 446 4305 Regium
464 4245 504 4289 est
524 4237 590 4288 heae
607 4238 706 4301 facere
725 4244 750 4288 et
768 4238 842 4290 mate
861 4237 971 4301 erudire,
990 4238 1063 4292 dice·
1091 4240 1222 4294 mandati.
1247 4240 1279 4293 ln
1288 4239 1403 4309 vulgata
1417 4239 1530 4309 quidem
1539 4238 1663 4295 versione
1672 4239 1792 4295 habetur
1804 4239 1873 4295 Gen.
1884 4247 1925 4308 55,

228 4323 278 4377 bat
301 4323 467 4377 Alexander.
506 4323 541 4375 si
557 4325 752 4390 magnanimus
769 4323 864 4388 fueris
905 4324 996 4393 inquit
1014 4324 1062 4379 Ss—
1090 4346 1116 4383 v.
1134 4334 1158 4382 9.
1182 4327 1250 4379 baec
1270 4328 1390 4380 mandat
1403 4325 1486 4392 filius
1506 4333 1583 4391 tuas,
1602 4326 1652 4380 sed
1672 4333 1764 4380 textus
1780 4325 1925 4382 Hebraeus

227 4427 304 4474 neca,
324 4410 630 4478 uunquamjudicabie,
643 4410 695 4461 tibi
709 4410 903 4462 coutumeliam
915 4413 991 4479 fieri.
1017 4413 1062 4464 De
1090 4412 1253 4484 simpliciter
1272 4411 1358 4466 habet
1380 4413 1448 4465 baec
1474 4413 1544 4464 dt'eit
1556 4412 1640 4479 filias
1658 4421 1729 4466 tuus.
1764 4412 1843 4467 Idem
1862 4430 1924 4468 cunr

227 4497 341 4549 inimico
353 4497 438 4563 dices,
457 4514 513 4548 aaa
528 4497 624 4549 nocuit
638 4495 715 4563 mibi,
731 4497 783 4547 sed
800 4495 925 4548 anianum
942 4497 1065 4550 aoceadi
1089 4505 1195 4570 patrem
1213 4515 1294 4552 suum
1314 4498 1466 4553 adventare
1487 4497 1671 4568 intelligeret,
1699 4498 1728 4551 in
1746 4497 1858 4568 signnm
1878 4498 1924 4551 ho·

228 4583 340 4650 babuit,
356 4591 381 4635 et
400 4601 461 4635 cam
480 4583 561 4636 illum
580 4582 612 4633 ia
631 4588 768 4649 potestate
793 4588 842 4633 tua
859 4581 979 4651 uiduis,
1003 4584 1062 4637 via·
1089 4584 1163 4640 noris
1182 4591 1210 4638 et
1228 4583 1398 4638 reverentiae
1412 4586 1513 4651 juncto
1535 4602 1620 4636 curra
1637 4602 1688 4637 sao
1707 4586 1857 4637 adscendit
1879 4585 1924 4638 iiii

229 4671 333 4722 dictam
350 4668 471 4735 putabis,
488 4685 544 4721 aon
561 4666 714 4719 vendicare
731 4667 865 4736 potuisse.
904 4666 1062 4724 Generosus
1089 4673 1197 4725 obviam
1215 4668 1285 4724 Gen
1306 4675 1347 4737 tt,
1365 4688 1390 4722 v.
1409 4676 1449 4724 29.
1484 4670 1614 4724 Salomon
1628 4689 1676 4725 rex
1688 4671 1800 4740 sapiens
1811 4679 1925 4725 matrem

227 4770 316 4824 equus
341 4769 396 4807 non
422 4763 500 4808 curat
519 4753 656 4806 minorum
681 4768 781 4806 canum
805 4753 922 4809 latratus
941 4772 973 4809 ac
992 4773 1062 4810 mor·
1089 4756 1275 4812 Bethsabeam
1295 4756 1331 4810 ad
1351 4772 1381 4809 se
1401 4755 1557 4810 venientem
1576 4757 1673 4812 videns
1690 4758 1814 4811 surrexit
1833 4760 1862 4811 ia
1881 4776 1923 4811 oe·

227 4856 283 4908 sus,
304 4839 412 4893 animus
430 4856 548 4909 magnus
567 4839 682 4909 injurias
695 4847 779 4908 atque
797 4838 962 4894 offensiones
979 4841 1062 4896 levio·
1090 4860 1200 4896 cursam
1218 4843 1280 4910 ejas
1297 4843 1482 4911 adoravitque
1495 4861 1565 4911 eam,
1584 4852 1609 4896 et
1623 4845 1734 4912 positus
1752 4852 1793 4897 ast
1812 4846 1927 4897 thronus

230 4942 274 4979 res
295 4926 405 4980 exalto
426 4926 552 4995 despicit.
587 4925 754 4980 Plutarchus
774 4927 802 4979 in
820 4925 865 4981 lib.
884 4926 971 4980 deira
989 4927 1062 4982 cohi·
1090 4929 1177 4982 matri
1193 4929 1278 4995 regis,
1299 4944 1371 4995 quae
1389 4931 1464 4981 sedit
1483 4932 1524 4983 ad
1541 4931 1668 4983 deutrum
1687 4930 1757 4998 ejas,
1783 4930 1884 5001 tlteg.
1904 4935 1927 4994 t,

228 5009 322 5065 benda
339 5011 375 5064 de
396 5010 529 5081 Philippo
551 5011 741 5089 'Macedonum
767 5028 833 5083 rege
860 5021 1063 5079 commemorat,
1091 5034 1116 5070 r.
1135 5017 1173 5070 19.
1213 5011 1323 5081 Cogitet
1341 5014 1470 5085 princeps
1491 5015 1560 5069 illud
1581 5015 1733 5079 Hieroclis,
1760 5015 1823 5076 roric
1840 5018 1928 5070 δευτέ-

227 5097 330 5151 amicos
350 5102 477 5150 auctores
500 5097 553 5167 ipsi
579 5097 730 5159 exstitisse,
760 5107 790 5150 at
811 5098 1017 5168 Arcadioaem,
1045 5119 1064 5153 a
1091 5122 1156 5173 ρους
1173 5104 1218 5152 καὶ
1244 5099 1384 5167 ἐπιγείους
1407 5102 1483 5161 τινὰς
1499 5102 1582 5161 θεοὺς
1601 5105 1700 5170 γονέας
1720 5101 1804 5160 εἶναι,
1830 5103 1873 5158 vel
1899 5108 1930 5155 ut

227 5198 281 5250 quo
300 5182 452 5235 maledieta
472 5191 498 5235 et
517 5184 642 5235 convicia
661 5185 800 5250 audierat,
817 5184 940 5252 puniret,
959 5184 1064 5255 Philip·
1092 5185 1172 5241 Philo
1191 5184 1316 5255 loquitur
1332 5185 1378 5240 lib.
1400 5187 1435 5241 de
1454 5186 1566 5259 special.
1591 5186 1675 5257 legib.
1693 5204 1721 5256 p.
1740 5194 1799 5242 teo.
1820 5189 1929 5256 effigies

226 5283 293 5336 pum
311 5284 376 5321 vero
396 5266 451 5319 illis
465 5267 580 5336 obsequi
600 5269 728 5336 noluisse,
750 5270 798 5324 sed
815 5286 877 5323 cum
896 5267 1064 5325 homini‘oc·
1093 5280 1119 5324 et
1141 5271 1296 5323 simulacra
1322 5273 1414 5324 divini
1437 5274 1568 5326 acuminis.
1601 5273 1784 5344 Nequaquam
1811 5273 1931 5343 igitura

227 5353 372 5422 curasset,
405 5352 526 5424 benigne
549 5357 641 5422 potius
667 5371 730 5409 enm
765 5357 825 5425 ipso
842 5371 901 5409 esse
933 5336 1238 5426 locutum,lmajestate
1261 5373 1313 5411 sua
1338 5357 1459 5414 alienum
1486 5359 1632 5425 exisdmet,
1655 5358 1786 5414 honorem
1806 5358 1929 5415 debitum
