4020 6014
668 251 720 311 DE
736 249 959 308 muiabano
977 247 1279 310 ucctesusmco
1764 260 1821 320 187

119 406 314 477 synesium
330 414 395 459 ωω
411 404 523 476 mesu
539 404 568 459 u
584 404 698 475 jusum
715 405 777 461 1000
796 404 890 476 probri
903 404 961 459 srva
987 386 1141 459 maenis
1159 406 1312 460 sommum
1330 406 1413 461 nus.
1439 405 1574 461 ωωωω
1592 407 1629 462 se
1641 405 1825 463 uersuum

120 490 257 549 criminis.
293 491 452 563 Usurpatur
469 493 498 546 in
516 508 618 564 genere
631 493 666 548 de
678 492 806 548 omnibus
822 507 887 547 vere
906 491 960 561 piis
988 489 1136 562 distinguit
1153 492 1226 546 iuter
1244 491 1362 546 cumina
1377 491 1493 563 publica
1508 499 1537 548 et
1554 492 1677 549 occulta:
1705 494 1761 556 Qui
1776 495 1825 547 de·

123 584 151 634 t.
169 576 233 634 Cor.
255 585 279 642 1,
297 595 323 634 r,
345 584 369 635 8.
407 578 511 635 Ooloss.
532 585 561 648 1,
578 596 605 633 r.
624 584 666 634 22.
684 579 760 648 apud
777 577 861 631 LXX
879 576 960 632 iuter·
982 577 1118 644 prehensi
1137 578 1249 649 (inquit)
1268 579 1379 644 frurint
1397 579 1512 648 publice
1531 580 1563 634 in
1576 580 1724 649 perjurio,
1743 580 1824 642 furto

121 671 217 736 pretes
234 665 265 719 in
292 664 326 719 V.
345 664 380 721 T.
403 672 533 720 neumam
560 664 727 720 vocabulum
746 663 876 719 occurrit.
908 661 960 717 Re-
987 678 1021 714 ue
1049 656 1299 727 fornicatione’et
1327 667 1426 719 ceteris
1457 666 1624 735 husjusmodi
1652 665 1824 735 criminibus,

10 770 45 810 us.
58 768 108 810 tot.
122 751 244 824 quiritur
262 750 379 822 proinde
396 753 431 806 ab
451 752 590 822 episcopo,
611 757 643 805 ut
661 750 830 820 inculpatam
850 756 878 803 et
895 749 959 803 irre·
987 751 1138 802 secundum
1166 768 1303 804 canonum
1329 769 1475 806 sacrorum
1503 753 1632 806 instituta
1658 770 1679 806 a
1705 752 1825 822 proprio

122 836 340 908 prdreusibilem
362 838 448 892 vitam
473 839 612 909 transigat
637 853 690 893 nec
709 835 884 908 gravioribus
908 834 960 889 cri·
986 837 1080 901 prudu
1102 838 1249 899 decidam,
1275 838 1344 906 quia
1367 839 1535 891 scandatum
1559 846 1600 892 est
1627 839 1737 908 populo
1766 838 1827 893 Dei

122 921 245 978 minibus
267 938 328 978 sese
355 922 504 979 obnoxium
528 924 636 978 reddat
671 922 823 994 Gregorius
845 927 916 992 part.
938 926 960 976 1.
986 921 1059 974 tutes
1074 938 1213 990 personas
1229 941 1318 993 supra
1337 939 1366 976 se
1382 925 1493 992 positos
1511 925 1628 993 babere,
1649 940 1720 993 quae
1746 924 1826 978 ultra

122 1008 270 1080 pastoralis
296 1025 319 1064 c.
346 1015 386 1065 tt.
412 1024 446 1063 ao
464 1009 566 1064 citatur
584 1026 609 1066 c.
631 1008 712 1064 Ecce.
732 1007 795 1062 dist
811 1012 859 1062 49:
886 1005 960 1060 soti-
988 1009 1101 1060 modum
1118 1009 1235 1062 vitiosas
1253 998 1316 1063 esse
1329 1018 1456 1076 eandm
1478 1011 1528 1079 qui
1542 1019 1636 1065 autem
1655 1015 1691 1065 de
1704 1011 1825 1081 praedi·

121 1096 174 1150 eite
192 1097 410 1161 somnidandum
427 1105 483 1160 est,
504 1113 548 1165 ne,
567 1097 617 1165 qui
638 1096 758 1165 placere
779 1109 863 1164 posse
887 1093 960 1146 irem
986 1092 1037 1145 ctis
1058 1095 1186 1161 peccatis
1209 1095 1342 1150 absconse
1370 1113 1389 1148 a
1413 1113 1442 1151 sc
1466 1098 1600 1151 admmms
1623 1106 1745 1168 peecata
1770 1113 1825 1168 per

124 1183 183 1235 Dei
199 1183 335 1251 creditur,
352 1181 426 1236 banc
443 1183 504 1251 ipse
524 1199 557 1236 eu
570 1183 694 1251 proprio
710 1189 793 1235 reatu
811 1186 959 1233 mersamr.
988 1179 1126 1232 occultam
1144 1180 1347 1244 consessionem
1365 1199 1461 1235 eoram
1478 1183 1589 1252 onpelis
1600 1184 1661 1236 Dei
1674 1190 1825 1252 praesente

125 1268 224 1323 ensa
240 1268 315 1322 enim
330 1269 442 1338 liqasido
458 1268 598 1332 nouimus,
617 1268 685 1337 quia
703 1284 764 1320 eum
782 1267 816 1334 is,
835 1266 885 1335 qui
901 1265 959 1318 ds's·
986 1265 1071 1319 etiam
1088 1270 1243 1337 sacmdote,
1260 1269 1311 1337 qui
1327 1270 1368 1323 eis
1378 1271 1547 1324 inducturus
1565 1277 1606 1323 est
1614 1270 1826 1358 poeniteutiam,

118 1354 225 1424 plicet,
248 1356 291 1408 ad
307 1354 536 1408 intercedendum
554 1353 685 1422 mittitur,
704 1353 774 1408 irati
792 1353 903 1405 animus
920 1352 960 1404 ad
986 1354 1150 1416 confitentur
1173 1362 1200 1407 et
1224 1363 1307 1409 semet
1329 1356 1407 1425 ipsos
1437 1357 1560 1426 praviter
1583 1356 1736 1425 deliquisse
1759 1372 1825 1426 que·

122 1441 269 1495 deteriora
284 1449 467 1509 prouocatur.
501 1440 627 1496 Soierter
645 1457 711 1509 erpo
728 1457 758 1493 ee
772 1439 890 1507 quisque
905 1453 959 1489 me·
984 1445 1094 1508 runtur,
1109 1440 1153 1492 ms
1162 1441 1248 1495 etiam
1256 1443 1351 1509 produ
1362 1449 1473 1495 seruato
1486 1444 1655 1511 spesoeniae
1668 1444 1704 1497 de
1717 1442 1826 1496 mimi

124 1526 214 1580 tiutur
239 1542 290 1580 nee
309 1526 402 1580 lecum
419 1526 565 1594 regiminis
583 1542 725 1580 maumere
738 1527 850 1592 audeat,
865 1523 892 1577 n·
909 1523 958 1575 ud·
986 1526 1088 1579 cordia
1105 1527 1166 1579 Dei
1176 1528 1370 1595 promittenda
1389 1535 1436 1581 est.
1470 1527 1744 1583 Circumstuutiarum
1762 1528 1825 1583 dili-

123 1612 175 1665 tue
195 1612 226 1665 in
243 1629 275 1666 ee
289 1613 389 1666 uitium
405 1613 606 1682 damnabiliter
622 1619 742 1680 repeat,
769 1627 804 1664 ne
828 1609 862 1677 is,
880 1625 960 1678 mrem
987 1628 1056 1683 gens
1083 1619 1112 1666 et
1144 1618 1277 1667 accurata
1309 1613 1494 1670 consideratio
1528 1615 1705 1670 manifestum
1731 1614 1825 1690 faciet

124 1698 229 1752 erimus
246 1699 384 1767 dspruw
401 1699 565 1767 proprium,
594 1698 762 1751 intercessor
787 1697 853 1760 fieri
875 1712 960 1764 appe·
987 1697 1056 1767 quid
1074 1698 1103 1752 in
1121 1698 1258 1768 eiusmodi
1277 1699 1389 1754 casibus
1409 1700 1568 1755 faciendum
1585 1700 1629 1756 sit
1657 1699 1824 1771 Cumprimis

123 1792 166 1838 tat
183 1800 239 1855 pro
256 1784 350 1854 resipis
368 1785 499 1841 aliorum.
534 1784 581 1841 An
601 1790 693 1839 autem
713 1783 762 1850 illi,
781 1782 828 1852 qui
848 1781 878 1835 in
898 1797 959 1852 gra·
988 1784 1200 1855 distinguendus
1219 1790 1261 1840 est
1279 1785 1453 1841 necessitatis
1473 1803 1555 1841 casus
1572 1786 1608 1840 ab
1628 1787 1767 1842 ordinaria
1783 1802 1825 1845 re·

124 1870 187 1924 rius
204 1870 319 1941 aliquod
347 1870 451 1925 crimen
475 1869 675 1940 prolabuntur,
703 1874 851 1938 postquam
868 1866 961 1937 poeni·
987 1870 1062 1941 gula,
1098 1869 1128 1926 Si
1146 1870 1194 1925 alii
1211 1871 1304 1926 idonei
1328 1871 1462 1928 ecclesiae
1494 1873 1611 1928 ministri
1637 1873 1733 1929 haberi
1762 1891 1825 1946 pos·

123 1954 242 2011 mudum
259 1961 384 2026 egerunt,
403 1955 599 2011 ecclesiasticis
618 1953 717 2010 officiis
735 1952 850 2024 praefici
868 1952 912 2007 rel
925 1951 961 2005 ad
988 1964 1061 2026 sunt,
1086 1973 1264 2029 nequaquam
1286 1957 1331 2012 rel
1355 1958 1485 2030 eligendi,
1508 1958 1553 2015 vel
1578 1962 1727 2015 recusandi
1753 1968 1826 2027 sunt,

125 2056 159 2096 ea
175 2041 300 2096 revocari
317 2041 439 2112 possint,
465 2041 501 2094 de
526 2057 559 2096 eo
582 2040 702 2111 plurima
725 2040 879 2111 eademque
898 2053 962 2093 con·
989 2043 1084 2115 quiin
1100 2043 1213 2115 gravius
1227 2044 1342 2115 aliquod
1354 2044 1486 2100 delictum
1498 2045 1577 2102 fuere
1593 2047 1725 2118 prolapsi,
1742 2047 1826 2104 etiam

125 2126 212 2180 traria
235 2131 346 2182 exstant
376 2126 405 2179 in
426 2127 492 2195 jure
517 2127 650 2181 canonico
683 2125 803 2182 decreta.
829 2126 893 2179 dist.
919 2130 961 2180 bt).
991 2133 1056 2199 post
1081 2135 1223 2200 peractum
1250 2129 1465 2200 poeniteutiam
1497 2132 1540 2185 sin
1567 2133 1673 2202 miuus,
1701 2138 1826 2204 praestat

126 2212 278 2284 Gregorius
294 2212 342 2269 lib.
362 2219 386 2270 7.
404 2212 485 2284 epist
512 2218 555 2269 5³.
579 2212 676 2268 merito
702 2219 785 2283 urget
806 2212 962 2283 exemplum
989 2216 1059 2271 tales
1078 2216 1232 2282 admittere,
1251 2233 1334 2287 quam
1351 2217 1497 2272 ecclesiam
1517 2219 1680 2273 necessariis
1693 2219 1826 2274 ministris
1931 2204 1935 2212 ¹

125 2301 216 2366 Petri,
257 2299 333 2362 Quid
349 2302 465 2368 prasius
484 2307 524 2355 est
540 2300 653 2373 (iuquit)
678 2308 728 2354 aut
752 2301 870 2354 carnale
891 2300 962 2353 deli·
989 2300 1112 2358 destitui.

127 2395 200 2440 mum
216 2387 400 2456 committere,
424 2387 485 2442 sine
512 2405 566 2456 quo
584 2387 676 2458 pauet
692 2386 883 2451 inueniuntur,
913 2394 963 2439 aut
1025 2393 1084 2445 278.
1126 2388 1252 2444 Virtutes
1284 2391 1326 2442 ad
1357 2391 1511 2442 secundam
1541 2389 1673 2459 decalogi
1700 2391 1827 2445 Mbulem
1838 2403 1960 2461 Algam,

126 2473 187 2527 Dei
198 2473 290 2536 filium
300 2473 491 2543 jurejurando
507 2490 619 2543 nepare,
632 2474 833 2543 inquoipsum
847 2474 962 2527 Petrum
991 2473 1177 2543 pertinentes,
1213 2492 1246 2528 ae
1276 2475 1455 2543 pectoralibus
1490 2475 1724 2546 appellationibus
1762 2477 1826 2533 obe-

125 2560 239 2628 tapsum
256 2575 315 2613 esse
332 2561 531 2627 sapuerimus!
558 2561 610 2614 sed
621 2567 690 2628 post
707 2560 883 2629 negationem
895 2576 964 2628 poe·
992 2559 1124 2614 dientiam
1144 2576 1212 2632 erga
1229 2577 1290 2616 eam
1311 2563 1426 2632 γενικῶς
1442 2561 1648 2634 requirentibus
1662 2560 1731 2616 κατὰ
1745 2567 1827 2619 time

127 2646 246 2700 nitendo
265 2653 360 2699 meista
378 2654 433 2715 est,
461 2654 570 2715 etpost
585 2642 786 2716 poenitentiam
807 2647 963 2700 mmmcm-
992 2661 1137 2716 expressae
1164 2647 1218 2702 hae
1244 2653 1322 2714 sunt,
1351 2648 1426 2719 quod
1459 2648 1607 2720 episcopus
1636 2649 1738 2705 debeat
1766 2667 1826 2707 esse

128 2732 180 2785 dia
195 2732 266 2785 datu
283 2740 338 2801 eat,
361 2733 429 2801 quia
454 2733 490 2786 ab
507 2733 669 2800 apostolatu
690 2748 751 2786 eum
775 2749 831 2785 nora
850 2733 966 2801 ompulit,
991 2733 1106 2799 δίκαιος,
1140 2732 1255 2806 κόσμιος
1283 2737 1330 2787 καὶ
1360 2732 1468 2803 σεμνός.
1529 2740 1550 2789 1.
1582 2733 1639 2788 Per
1667 2735 1826 2804 δικαιότητα
1839 2748 1899 2790 ¹111.
1908 2744 1954 2790 1⁰2

128 2818 177 2886 qui
193 2826 259 2872 asse
278 2818 392 2887 quidem
409 2819 505 2888 ipsum
530 2834 561 2871 se
577 2834 681 2889 negare
703 2819 860 2888 praedicit.
899 2818 965 2872 Hie·
993 2819 1050 2874 Tit.
1071 2825 1101 2888 l,
1128 2838 1154 2874 v.
1174 2825 1198 2876 8.
1215 2820 1305 2891 possit
1322 2819 1434 2892 quidem
1452 2821 1481 2874 in
1499 2820 1592 2891 specie
1608 2821 1728 2894 intelligi
1740 2824 1827 2892 justi·

130 2919 263 2973 rouymus
280 2904 309 2959 in
328 2918 353 2958 e.
374 2909 398 2960 3.
417 2902 503 2959 Mich.
525 2903 633 2974 profert
654 2904 812 2975 exemplum
829 2905 965 2968 Doridis,
992 2907 1034 2959 tia
1048 2905 1255 2975 particularis,
1282 2923 1354 2978 quae
1377 2911 1420 2961 est
1438 2907 1526 2961 virtius
1547 2907 1658 2978 septimi
1677 2910 1828 2981 praecepti,

129 2990 178 3060 qui
196 2995 261 3059 post
277 2989 444 3046 adulterium
462 2997 491 3047 et
515 2981 693 3046 homicidium
711 2997 906 3062 perpetratum
924 2992 965 3045 di·
992 2998 1024 3047 ut
1042 2998 1199 3064 opponatur
1223 2997 1254 3065 τῇ
1277 2995 1474 3066 αἰσχροκερδίᾳ
1496 2996 1576 3064 cujus
1599 2995 1727 3064 praeced.
1752 3014 1777 3053 ν.
1795 2995 1829 3052 m

130 3076 168 3129 cit
185 3074 288 3130 Psalm
307 3081 353 3131 bt:
376 3077 492 3130 Docebo
517 3077 628 3146 iniquos
645 3079 707 3131 uias
726 3085 798 3134 tuas.
832 3077 965 3149 Augusti·
992 3079 1104 3144 mentio,
1123 3078 1172 3133 scd
1192 3079 1259 3150 quia
1276 3078 1455 3150 conjungitur
1466 3078 1634 3136 vocabulum
1651 3078 1734 3152 ὅσιος,
1752 3083 1828 3155 quod

131 3178 183 3216 nus
201 3161 275 3232 epist
295 3168 353 3218 150.
366 3162 403 3217 ad
422 3162 549 3219 Boniisc.
577 3163 724 3234 distinguit
747 3163 820 3219 iuter
845 3165 965 3236 rigorem
993 3171 1035 3222 est
1057 3165 1200 3236 generale,
1234 3165 1420 3221 obedientiam
1458 3183 1527 3238 erga
1555 3166 1672 3238 primam
1703 3167 1829 3240 decalogi

126 3247 197 3317 juris
225 3254 255 3304 et
281 3248 440 3303 ἐπιείκειαν.
492 3249 526 3303 Ut
554 3250 770 3304 cmsstitueretur
796 3250 908 3321 (inquit)
935 3250 966 3304 in
992 3251 1118 3308 tabulam
1141 3251 1314 3322 exprimeus3
1344 3251 1408 3308 ideo
1435 3253 1539 3307 rectius
1562 3253 1672 3308 videtm
1692 3253 1829 3326 generali·

130 3335 255 3399 ecciesia,
272 3352 308 3390 ne
325 3337 473 3405 pruisquam
487 3344 555 3406 post
572 3336 697 3404 alieuius
722 3336 850 3392 cuminis
871 3339 966 3407 poeni·
992 3345 1036 3396 ter
1059 3338 1150 3409 accipi
1175 3354 1225 3409 pro
1243 3339 1360 3408 justitia
1387 3339 1556 3407 autumali,
1586 3339 1659 3393 sicut
1686 3355 1719 3396 eo
1746 3355 1829 3395 sensu

131 3423 248 3476 tentiam
272 3423 436 3477 clericatum
453 3423 585 3495 accipiat,
610 3423 655 3476 uel
675 3424 718 3476 ad
736 3424 899 3480 clericatum
924 3441 966 3477 re·
993 3426 1077 3481 suam
1101 3424 1169 3479 alibi
1195 3424 1271 3486 ὅσιος
1292 3428 1340 3478 snt
1363 3425 1470 3485 δίκαιος
1491 3424 1699 3495 conjunguntur
1715 3424 1785 3482 Luc.
1804 3428 1829 3494 1,

131 3509 209 3577 deut,
234 3508 326 3562 ueiin
344 3509 479 3563 eterieatu
492 3516 675 3579 permaneat,
697 3527 753 3564 non
771 3506 966 3579 demoratione
992 3529 1019 3569 v.
1038 3518 1078 3567 75.
1113 3511 1264 3581 Ephes.t,
1290 3529 1316 3565 v.
1335 3516 1377 3567 24.
1418 3516 1439 3565 1.
1462 3509 1586 3565 Thessal.
1607 3516 1680 3573 2‚v.
1700 3517 1741 3567 10.
1775 3509 1830 3567 Be·

133 3595 333 3664 indulgentiae,
352 3597 405 3648 sed
415 3599 510 3665 ripere
522 3597 633 3659 factum
646 3603 687 3649 est
699 3597 877 3665 disciplinae,
896 3597 968 3650 alio·
994 3597 1112 3669 quiritur
1130 3598 1217 3667 igitur
1235 3596 1272 3650 ab
1292 3597 1435 3666 episcopo,
1460 3601 1493 3650 ut
1510 3613 1578 3667 erga
1595 3596 1749 3666 proximum
1767 3612 1829 3654 sese

132 3682 200 3750 quin
220 3689 320 3736 cosdra
337 3681 579 3736 etaresecclesiae
597 3681 798 3750 disputabitur,
815 3683 850 3735 de
867 3683 967 3751 quimus
994 3688 1074 3754 gerat
1095 3684 1219 3747 δικαίως,
1248 3682 1322 3736 sicut
1345 3698 1413 3752 erga
1440 3680 1533 3736 Deum
1565 3697 1626 3736 sese
1656 3699 1753 3754 gerere
1782 3684 1830 3740 de·

131 3768 237 3822 ἀίσίωω
256 3777 311 3823 est:
335 3768 521 3838 Quaecunque
533 3768 673 3823 solveritis
688 3776 903 3837 superterram,
923 3786 967 3822 sc·
994 3769 1042 3824 bet
1078 3768 1196 3836 εὐσεβῶς
1233 3773 1281 3822 snt
1318 3767 1410 3829 ὁσίως.
1465 3773 1490 3824 2.
1529 3767 1654 3837 Κὸσμιος
1690 3766 1830 3840 significat
1842 3778 1973 3857 χάσμης,

132 3853 192 3908 luta
214 3863 294 3909 erum
314 3862 342 3909 et
360 3856 392 3909 in
411 3855 498 3910 coeio.
535 3855 596 3910 Sed
611 3871 646 3909 ne
662 3857 740 3919 forte
758 3855 844 3909 etiam
868 3857 905 3908 de
923 3870 965 3908 ce·
993 3872 1070 3923 eum,
1093 3855 1142 3924 qui
1165 3855 1288 3908 moritus
1310 3862 1350 3908 est
1373 3855 1547 3926 comparatis,
1577 3855 1625 3926 qui
1647 3862 1722 3911 recte
1744 3862 1830 3929 atque

132 3943 200 3995 teris
217 3943 381 3997 criminibus
397 3942 579 4013 speramns
595 3942 780 3997 melenastiei
795 3944 907 3996 animus
925 3942 967 3995 in·
993 3941 1089 3998 ordine
1107 3941 1200 3996 omnia
1218 3941 1285 4013 agit,
1303 3956 1321 3996 a
1340 3946 1460 4015 κοσμίω,
1479 3941 1553 4013 quod
1572 3946 1615 3996 est
1631 3942 1737 4012 ordino,
1756 3958 1830 3997 com·

132 4034 284 4082 tumescens
307 4030 424 4099 superte
450 4036 546 4098 speret
559 4029 778 4098 poeniteutiam,
796 4028 967 4082 smersbsime
992 4045 1074 4100 pono,
1096 4027 1237 4084 Luthsrus
1247 4027 1332 4084 vertit
1347 4028 1433 4098 sistit
1450 4028 1517 4083 item
1536 4044 1612 4094 orno,
1630 4029 1705 4084 unde
1716 4029 1832 4102 nugata

127 4114 252 4182 ρίσσσὶί,
278 4121 308 4169 ut
323 4123 391 4183 post
410 4123 503 4169 aetum
516 4116 719 4185 poeaitentiam
747 4117 783 4168 de
809 4114 968 4168 damnabsii
993 4115 1083 4171 versio
1108 4113 1231 4171 reddidit
1253 4122 1398 4184 aramum,
1425 4131 1481 4169 non
1505 4114 1576 4170 adeo
1603 4114 1739 4183 absurde,
1766 4114 1832 4186 quia

130 4200 247 4254 crimim
265 4218 346 4256 mmo
363 4203 402 4256 sit
420 4203 547 4272 clericus,
567 4210 598 4256 ut
616 4202 812 4272 desperatione
829 4209 965 4269 tempora·
993 4199 1138 4272 compositi
1155 4217 1244 4256 mores
1263 4206 1328 4255 sunt
1345 4199 1620 4255 maximumbominis
1631 4205 1832 4269 oruamentum,

132 4286 169 4340 lis
186 4287 350 4343 altitudinis
368 4289 508 4343 medicina
524 4291 620 4360 major
638 4297 664 4342 et
682 4288 778 4343 uerior
797 4295 867 4342 esset
878 4288 966 4341 bumi-
993 4288 1058 4344 inde
1074 4287 1104 4341 iu
1118 4287 1183 4357 jure
1203 4285 1336 4342 canonico
1354 4285 1483 4356 exigimur,
1501 4291 1535 4340 ut
1554 4287 1677 4357 episcopi
1697 4292 1726 4340 et
1743 4284 1830 4340 eccle·

130 4374 221 4428 tituts's
244 4380 296 4431 etc.
334 4374 461 4430 Isidorus
484 4376 520 4432 ad
541 4376 702 4432 Mensem
726 4374 873 4445 distinguit
895 4374 968 4428 inter
993 4374 1100 4430 siastici
1124 4371 1181 4428 sint
1199 4372 1290 4426 ornati
1309 4371 1430 4426 exterius
1449 4383 1477 4426 et
1495 4371 1618 4427 interius.
1654 4390 1678 4426 c.
1697 4370 1755 4428 Nos
1772 4370 1829 4443 qui.

131 4463 303 4531 poenitentes
322 4467 352 4517 et
369 4461 596 4532 impoenitentes:
619 4462 695 4518 Ilias
714 4460 824 4533 (iuquit)
851 4462 892 4513 ad
906 4462 967 4530 pri·
995 4461 1058 4517 dist.
1083 4466 1124 4515 40.
1144 4476 1178 4514 ex
1204 4457 1355 4529 Gregorio:
1380 4459 1442 4512 Nos
1464 4459 1517 4528 qui
1527 4475 1706 4527 praesumus,
1724 4475 1781 4511 noa
1798 4473 1831 4511 ee
1893 4505 1896 4511 .

132 4548 219 4603 stinos
236 4551 346 4617 gradus
364 4550 460 4604 redire
480 4566 601 4606 canones
610 4549 803 4622 praecipiant,
821 4565 890 4617 queas
902 4564 968 4616 poe·
995 4549 1121 4602 laconum
1137 4546 1182 4599 uei
1201 4546 1312 4612 pencris
1330 4546 1476 4615 dignitate,
1494 4546 1548 4599 sed
1565 4561 1671 4598 morum
1684 4543 1831 4597 nobilitate

130 4634 264 4688 nitentiae
277 4636 436 4704 praecessit
450 4636 628 4705 satsbfactsb,
652 4634 696 4689 oet
713 4634 855 4704 condique
868 4651 969 4703 pecca·
994 4636 1167 4688 innotescere
1192 4632 1330 4687 deminus.
1369 4632 1431 4688 dist
1458 4637 1500 4688 41.
1529 4631 1558 4685 in
1586 4629 1687 4701 princ:
1715 4631 1832 4698 Oportet

132 4726 222 4774 toruum
247 4721 396 4787 confessio.
431 4720 472 4774 At
497 4730 597 4776 eontra
615 4722 660 4791 m‘,
684 4721 735 4791 qui
750 4737 840 4790 neque
865 4739 884 4774 a
901 4720 968 4773 uitio
995 4722 1154 4790 episcopum
1177 4734 1236 4773 esse
1262 4727 1393 4773 ornatum
1414 4719 1498 4772 etiam
1516 4717 1547 4769 in
1566 4717 1764 4785 exterioribus,
1783 4717 1832 4771 bo·

132 4808 320 4876 conuptioms
343 4809 527 4862 emendantur
555 4815 637 4876 atque
659 4809 711 4862 bec
737 4808 830 4876 ipsum
852 4806 969 4860 carnale
996 4807 1054 4860 bitu
1078 4805 1210 4859 uidelicet
1232 4812 1257 4858 et
1278 4805 1395 4859 incessu.
1431 4803 1556 4871 Habitu,
1581 4809 1613 4856 ut
1630 4819 1681 4855 nee
1701 4802 1832 4870 insipidis,

132 4893 274 4963 delictum
291 4895 370 4962 quod
387 4893 547 4960 admittunt,
564 4896 716 4950 vendicare
730 4896 855 4965 quadam
871 4910 968 4963 super·
994 4910 1045 4948 nee
1068 4892 1196 4947 sordidis
1214 4908 1243 4945 se
1264 4892 1383 4945 restitues
1399 4896 1486 4943 ornet.
1524 4887 1565 4944 Ut
1586 4889 1659 4943 enim
1679 4889 1719 4943 ait
1735 4887 1833 4945 Hiero·

132 4979 240 5034 stitiesa
261 4980 417 5034 temeritate
434 4979 575 5048 nituntur,
598 4996 648 5034 nec
667 4982 787 5049 pradum
806 4981 901 5049 utimse
921 4980 969 5033 to·
994 4996 1108 5050 nymus:
1126 4979 1187 5033 Nec
1200 4979 1349 5047 affectatae
1361 4975 1468 5037 sordes,
1479 4990 1530 5027 nec
1544 4974 1700 5044 exquisitae
1711 4974 1832 5028 deliciae

132 5065 225 5131 noris,
244 5083 296 5120 nec
308 5066 432 5136 pretium
446 5063 587 5134 recipiunt
598 5066 810 5120 communionis.
842 5066 889 5120 Ita
901 5083 968 5134 erpo
979 5036 983 5119 l
995 5068 1097 5121 laudes
1111 5065 1241 5135 pariunt,
1267 5061 1343 5133 quod
1360 5065 1419 5114 tam
1438 5060 1474 5113 de
1493 5060 1618 5115 vestibus
1636 5076 1720 5132 quam
1741 5060 1777 5116 de
1795 5061 1834 5115 ci·

132 5152 350 5206 Mermisando
369 5159 410 5206 est
427 5151 579 5218 sementia,
600 5158 632 5204 ut
650 5168 758 5206 amasse
774 5153 813 5207 sit
836 5153 904 5206 illos
926 5170 968 5206 re·
995 5152 1038 5208 bis
1060 5148 1272 5220 intelligendum
1297 5151 1348 5201 est.
1395 5163 1419 5201 c.
1442 5145 1600 5217 Episcopus
1632 5146 1696 5200 dist
1721 5145 1781 5201 ead.
1799 5162 1833 5201 ex

131 5240 260 5292 staurari
282 5239 314 5293 in
334 5239 427 5294 locssm
456 5236 589 5307 emeris,
620 5239 671 5306 qus·
690 5253 745 5306 per
767 5240 969 5308 poenitentiam
994 5237 1093 5294 concil.
1112 5235 1243 5305 Carthag.
1264 5239 1287 5288 4.
1308 5248 1369 5287 cau.
1390 5237 1436 5287 tt:
1462 5234 1623 5302 Episcopus
1640 5231 1724 5285 uilem
1741 5231 1833 5302 eupet-

131 5325 388 5381 meomuiasiansm
404 5331 546 5385 merentur
563 5323 678 5378 diuinae
695 5324 830 5395 pietatis,·
848 5325 878 5378 m·
896 5326 970 5380 enim
994 5324 1115 5378 lectiiem
1137 5330 1162 5376 st
1186 5337 1311 5376 mensam
1336 5335 1371 5373 as
1395 5319 1497 5374 uicum
1510 5334 1669 5389 pauperem
1687 5317 1790 5372 babeat
1806 5325 1834 5372 st

131 5428 188 5464 non
205 5410 343 5464 immerita
362 5418 569 5482 consequuntur
586 5410 716 5464 ademtae
744 5410 895 5478 dignitatis
912 5418 968 5465 ata·
995 5410 1143 5480 ἀίσωίίσίίσ
1171 5423 1241 5461 suae
1263 5406 1458 5461 auctoritatem
1477 5405 1553 5475 fidei
1576 5413 1604 5459 et
1627 5404 1702 5458 ritae
1727 5403 1835 5459 meritis

131 5503 205 5565 tuns,
229 5494 280 5563 qui
296 5512 352 5562 per
377 5500 598 5555 metationem
613 5495 809 5568 paenitentiae
828 5498 967 5567 recepisse
995 5502 1129 5565 paseat,
1155 5491 1206 5547 sed
1230 5491 1269 5547 ibi
1290 5491 1386 5565 glossa
1405 5491 1562 5563 ascripsit:
1588 5490 1653 5545 Hoc
1672 5491 1759 5546 bodie
1777 5506 1834 5545 nas
