4020 6014
660 190 710 257 DE
729 187 983 255 MAGISTRATU
1003 191 1189 257 romaico.
1668 254 1673 264 ,
1700 203 1760 263 3119

62 343 87 396 si
110 359 225 399 censum
254 359 377 398 annuum
404 361 438 398 ex
468 342 588 414 pecunia
615 350 742 399 mutuata
772 343 898 413 accipere
928 343 981 399 bac
999 345 1104 401 ratiorm
1119 346 1348 421 demonstramus.
1393 345 1586 419 Quodcunque
1608 346 1762 420 111ιὸ111110

61 428 180 494 Judaais
197 428 303 484 licitum
323 428 430 497 fuisset,
449 446 505 483 non
523 429 614 483 miuus
630 446 741 500 quoque
758 428 833 499 prior
850 428 900 483 illa
924 429 1027 502 populo
1046 431 1229 502 interdicitur,
1247 449 1311 499 curn
1330 439 1423 497 tamen
1442 433 1471 487 in
1488 451 1519 488 se
1537 449 1571 488 ac
1590 448 1641 503 per
1656 449 1686 491 se
1705 449 1762 487 non

62 515 209 585 dispositio
221 516 257 570 de
275 514 496 585 possessionibus
516 515 544 569 in
564 532 637 572 anno
650 515 775 586 jubilaeo
793 532 898 585 posses·
924 525 1032 588 pugnet
1056 535 1119 575 cum
1146 518 1267 573 naturali
1290 519 1429 588 aequitate
1456 525 1484 572 et
1498 518 1621 574 fraterna
1637 517 1760 586 11111111,

63 601 126 671 sori,
148 601 196 672 qui
216 619 263 656 eas
283 601 347 655 olim
369 601 545 670 vendiderat,
569 602 629 658 sine
648 601 706 655 villa
723 601 805 673 pretii
824 601 898 657 refu·
925 601 994 657 illud
1017 620 1073 659 non
1098 605 1219 675 pertinet
1241 605 1276 657 ad
1303 604 1393 675 legem
1415 605 1561 672 moralem,
1590 620 1647 674 qua
1666 621 1760 659 omnes

62 688 140 742 sione
160 686 337 741 restituendis
357 685 448 754 locum
473 692 502 740 et
519 686 648 741 effectum
666 687 792 742 obtinere
812 687 899 741 haud·
925 688 1022 760 populi
1047 690 1130 746 etiam
1158 691 1187 744 in
1212 690 1247 746 N.
1274 690 1305 744 T.
1329 689 1505 761 obligantur,
1530 689 1580 749 sed
1606 689 1643 744 ad
1669 690 1760 761 legem

62 791 204 845 quaquam
229 773 380 843 potuisset,
408 772 525 843 quilibet
543 773 617 827 enim
634 773 726 843 potius
751 773 898 844 pecuniam
925 775 1060 831 forensem
1093 779 1121 830 et
1148 776 1325 846 judicialem,
1353 793 1424 846 quae
1453 776 1595 831 lsradlitas
1627 776 1761 833 duntaxat

61 863 115 917 sub
143 862 235 915 usuris
260 860 385 929 proximo
416 859 552 928 dedisset,
590 877 674 931 quarn
705 859 806 923 1111101
838 862 898 931 ejus
924 862 1067 932 obligavit.
1108 862 1196 933 Atqui
1222 862 1355 916 incertis
1381 861 1549 932 quibusdam
1576 863 1686 918 nasibus
1704 880 1759 917 nou

61 948 183 1015 emisset,
202 946 305 1017 quippe
323 962 392 1016 quas
412 944 579 999 hereditario
593 947 621 1021 in
634 945 897 1016 perpetuumpossi·
924 953 1034 1018 pugnat
1057 965 1120 1002 cum
1144 947 1264 1002 naturali
1283 946 1425 1017 aequitate
1451 951 1479 1000 et
1503 946 1626 1005 fraterna
1643 948 1760 1015 caritate

61 1034 129 1088 dere
149 1033 185 1088 ob
211 1032 340 1087 ‹lisertam
367 1031 436 1102 legis
463 1031 676 1102 prohibitionem
701 1049 755 1086 non
779 1036 897 1101 poterat,
923 1049 1036 1088 censum
1055 1050 1177 1087 1111111
1195 1032 1231 1088 ob
1251 1032 1398 1102 pecuniam
1415 1033 1541 1102 proximo
1560 1040 1703 1103 erogatam
1722 1033 1758 1087 ab

61 1118 130 1188 quin
148 1125 177 1173 et
194 1118 229 1172 de
247 1117 385 1175 fructibus
404 1117 503 1171 annuis
517 1116 624 1170 interea
643 1117 828 1187 percipiendis
848 1117 897 1170 ad·
923 1119 1020 1173 eodem
1032 1119 1166 1189 accipere,
1186 1127 1218 1173 ut
1229 1119 1356 1189 superins
1369 1119 1423 1173 fuit
1435 1119 1661 1177 demonstratum.
1683 1119 1758 1190 Ergo

60 1204 175 1259 modum
192 1203 293 1258 dubius
311 1211 379 1270 erat.
412 1203 533 1258 Proinde
551 1220 585 1257 ue
597 1203 768 1258 ludaeorum
780 1202 897 1258 avaritia
923 1204 946 1257 si
965 1205 1008 1258 vel
1027 1207 1145 1261 maxime
1164 1204 1318 1261 Ismiilitioo
1335 1206 1438 1275 populo
1455 1204 1634 1261 interdictum
1646 1206 1678 1261 id*
1691 1205 1758 1260 fuis·

61 1290 307 1346 constitutionibus
331 1289 430 1343 divinis
456 1287 604 1343 defundis
630 1289 658 1342 in
683 1305 756 1344 anno
770 1288 895 1359 jubilaeo
923 1296 980 1359 set,
1007 1298 1100 1345 tamen
1119 1290 1240 1361 speciale
1264 1308 1296 1344 ac
1314 1290 1423 1346 forense
1443 1290 1584 1364 διάταγμα
1603 1290 1688 1359 10111,
1703 1308 1758 1345 uon

61 1376 200 1432 venditori
225 1375 402 1430 restituendis
427 1391 461 1429 ac
480 1373 515 1428 de
536 1373 638 1428 debitis
657 1374 685 1428 iu
703 1391 776 1429 anno
796 1375 895 1430 sabba·
923 1382 1015 1430 autem
1035 1376 1104 1448 legis
1130 1377 1241 1431 moralis
1265 1377 1407 1446 particula.
1446 1376 1685 1441 Quemadmodum
1706 1377 1757 1447 igi·

61 1461 896 1533 1101111111111111111111,111111111111111101111
922 1467 968 1515 tur
995 1460 1171 1516 Cbemnicius
1198 1469 1270 1533 part.
1300 1469 1323 1518 2.
1350 1462 1433 1518 locor.
1463 1479 1523 1532 cap.
1553 1462 1588 1517 de
1614 1461 1755 1533 imaginib.

60 1550 129 1621 ipsis
164 1549 342 1603 interdictum
369 1548 457 1603 videri
490 1548 596 1618 possit,
629 1564 754 1616 censum,
774 1549 895 1620 aliquem
922 1565 948 1616 p.
982 1553 1036 1602 150.
1070 1556 1179 1612 censet,
1200 1556 1384 1618 praeceptam
1409 1551 1444 1601 rte
1468 1565 1525 1601 non
1550 1549 1686 1601 habendis
1713 1550 1757 1603 vel

60 1643 175 1706 propter
192 1635 337 1705 pecuniam
355 1640 451 1688 mutuo
470 1634 562 1687 datam
581 1651 599 1687 a
615 1633 711 1702 fratre,
731 1634 783 1689 boo
800 1642 843 1690 est
860 1635 896 1690 ab
917 1635 1101 1700 fabricandis
1118 1636 1287 1705 imaginibus
1310 1651 1368 1699 esse
1384 1635 1491 1707 partein
1509 1635 1632 1701 morale,
1647 1636 1757 1703 partim

60 1721 197 1785 Israelita,
217 1721 335 1791 exigere,
355 1720 475 1774 vicissim
495 1737 559 1774 vero
577 1736 612 1774 ua
631 1726 744 1789 putetur
763 1727 896 1791 tanquam
923 1721 1105 1775 ceremoniale
1111 1742 1122 1788 ,·
1142 1721 1245 1776 morale
1263 1737 1331 1789 esse,
1346 1720 1420 1791 quod
1435 1719 1626 1787 universaliter
1638 1719 1757 1790 probibi-

61 1807 165 1862 mornle
184 1813 212 1861 et
231 1807 260 1858 in
277 1822 379 1876 genere
399 1805 526 1860 omnibus
544 1806 731 1873 interdictum,
750 1806 813 1860 ideo
831 1822 895 1860 con·
922 1814 967 1862 tae
992 1806 1048 1862 sint
1070 1806 1219 1877 imagines,
1247 1823 1318 1877 quae
1345 1805 1491 1860 manifeste
1514 1821 1582 1875 prae
1609 1823 1639 1862 se
1666 1804 1758 1863 ferunt

59 1910 168 1949 cessum
188 1892 255 1963 ipsis
278 1893 333 1946 fuit
358 1893 393 1945 ab
419 1892 575 1960 alienigena
598 1908 696 1946 census
721 1893 896 1962 pecuniarios
922 1892 1060 1965 ethnicam
1105 1892 1328 1965 superstitionem
1371 1899 1400 1947 et
1446 1890 1620 1962 manifestam
1662 1891 1757 1962 impie·

59 1980 179 2049 erigere,
198 1996 232 2032 ex
245 1995 301 2049 quo
315 1977 496 2031 fundamento
510 1977 609 2044 dedupi
626 1981 719 2046 potest
736 1978 893 2032 conciliatio
922 1984 1008 2032 tatem
1036 1995 1099 2032 eum
1125 1978 1210 2033 verbo
1238 1977 1293 2041 Dei
1312 1982 1492 2048 pugnantem.
1533 1976 1605 2033 Item
1621 1976 1757 2049 imagines

58 2065 169 2118 illarum
187 2063 294 2134 legum,
323 2079 394 2133 quae
421 2062 510 2133 prima
526 2062 617 2117 fronte
634 2063 751 2117 invicem
770 2079 896 2134 pugnare
923 2064 1127 2135 qualescunque
1153 2080 1225 2134 quae
1251 2079 1362 2134 quoquo
1388 2062 1470 2116 modo
1494 2067 1622 2135 prostant
1645 2062 1682 2116 ad
1700 2062 1756 2119 cul·

58 2150 196 2204 videntur.
242 2149 324 2204 Dent.
350 2155 396 2215 23,
428 2167 454 2205 v.
481 2156 527 2203 20:
556 2150 701 2202 Extraneo
725 2151 895 2213 foenerabis,
922 2157 980 2205 turn
1007 2157 1034 2205 et
1059 2151 1255 2217 adorationem,
1283 2148 1358 2220 quod
1385 2147 1554 2219 prohibitum
1579 2149 1616 2202 sit
1640 2149 1757 2215 adorare

59 2226 150 2313 quma
168 2219 270 2310 '7³32
297 2245 323 2289 11
335 2236 434 2302 fratri
454 2244 505 2303 11ιο
530 2252 586 2287 non
597 2236 772 2303 foenerabis.
808 2233 894 2288 Exod.
922 2242 951 2291 et
975 2236 1065 2299 colere
1084 2235 1233 2307 sculptilia,
1250 2235 1303 2290 hoc
1324 2241 1365 2290 est
1389 2233 1491 2289 babere
1513 2250 1547 2288 es
1563 2250 1614 2304 pro
1634 2234 1694 2289 Deo
1711 2234 1756 2290 vel
1826 2255 1832 2263 ·

60 2328 103 2391 22,
122 2340 146 2376 v.
166 2328 212 2377 21:
231 2320 415 2388 Peregrinam
435 2337 490 2373 non
502 2321 673 2388 populatis,
696 2306 895 2393 111111115Ἶῇ
921 2322 1043 2378 tribuere
1068 2323 1122 2377 illis
1144 2318 1249 2377 cultum
1276 2322 1328 2376 soli
1354 2322 1415 2377 Deo
1439 2322 1563 2377 debitum
1586 2327 1638 2377 eto.
1674 2321 1755 2378 Cere·

58 2419 85 2462 et
109 2426 165 2462 non
193 2409 334 2479 opprimes
365 2424 445 2460 eum:
480 2405 598 2468 Quidam
624 2407 789 2474 existimant,
808 2407 892 2477 priori
923 2409 1042 2464 moniale
1060 2426 1129 2479 esse,
1146 2409 1222 2480 quod
1239 2415 1355 2480 propter
1379 2408 1581 2478 proclivitatem
1598 2407 1696 2479 pepuli
1715 2408 1755 2461 Is·

58 2495 122 2567 lege
147 2495 319 2564 permissum,
337 2491 493 2545 moderatas
520 2508 619 2545 usuras
644 2492 680 2546 ab
706 2499 836 2547 extraneo
866 2499 894 2546 et
921 2494 1039 2548 resbaci
1058 2496 1094 2549 sd
1113 2494 1298 2551 idololatriam
1312 2493 1390 2549 Deus
1405 2496 1516 2549 omnino
1536 2494 1591 2549 illis
1609 2495 1755 2562 interdixe-

59 2581 207 2652 peregrino
232 2580 372 2648 accipere,
400 2576 545 2647 posteriori
562 2594 627 2631 vero
647 2577 826 2632 interdictum
844 2578 892 2632 im·
920 2581 957 2634 rit
976 2579 1187 2637 fabricationem
1206 2587 1235 2636 et
1254 2599 1336 2644 usum
1357 2581 1510 2653 imaginum
1528 2597 1755 2654 quarumcunque

58 2668 223 2728 moderatas,
243 2665 351 2718 illicitas
370 2669 399 2718 et
425 2664 543 2734 injustas
559 2663 704 2718 usurasab
723 2665 818 2719 eodem
838 2666 892 2727 eri·
920 2667 1024 2736 templo
1051 2660 1273 2736 inferendarum,
1305 2668 1409 2724 morale
1438 2668 1475 2733 ad
1504 2683 1598 2733 omnes
1622 2666 1755 2731 homines,

58 2770 134 2821 gere.
171 2751 225 2807 Sed
254 2751 320 2821 quia
349 2751 377 2803 in
401 2750 486 2820 priori
511 2750 570 2804 loco
593 2749 689 2804 itidem
712 2758 755 2805 est
779 2750 893 2805 verbum
920 2752 1103 2807 ceremoniale
1124 2751 1161 2805 ad
1178 2750 1303 2817 «Iudaeos
1323 2751 1460 2811 duntaxat
1476 2753 1630 2822 pertinere,
1651 2753 1754 2826 morale

59 2829 228 2914 '‘1333’qu
252 2833 391 2906 significat
413 2836 503 2890 usuris
527 2837 683 2906 proximum
712 2836 836 2891 mordere
865 2841 893 2890 et
920 2838 955 2892 ad
975 2837 1010 2896 V,
1038 2843 1067 2892 et
1090 2836 1126 2891 N.
1144 2836 1326 2891 ceremoniale
1347 2837 1384 2890 ad
1402 2837 1436 2892 V.
1461 2837 1494 2891 Τ.
1515 2838 1652 2892 duntaxat
1669 2839 1754 2908 parti·

58 2925 197 2990 arrodere,
214 2923 277 2978 ideo
292 2938 325 2976 er
338 2922 447 2990 objecto
461 2922 653 2992 prohibitionis
671 2924 774 2976 rectius
788 2924 893 2993 petitur
920 2942 993 2980 nere.
1026 2923 1071 2978 Ita
1089 2940 1200 2995 quoque
1213 2925 1308 2979 eodem
1320 2924 1384 2993 jure
1396 2939 1539 2994 possemus
1553 2923 1654 2993 dicere,
1674 2924 1698 2978 si
1709 2925 1752 2989 vel

59 3010 227 3066 diversitatis
254 3009 331 3063 ratio.
381 3007 492 3081 0³22?
525 3008 553 3060 in
584 3006 734 3078 Scriptnris
762 3009 893 3063 dicuutur
920 3013 1038 3066 maxime
1058 3011 1220 3065 mandatum
1245 3010 1280 3063 de
1306 3011 1398 3064 usuris
1422 3027 1516 3066 omnes
1535 3025 1634 3065 census
1652 3010 1689 3065 ob
1707 3027 1753 3082 pe·

14 3098 45 3139 ¹5·
58 3099 234 3164 alienigenae
251 3105 278 3149 11
294 3096 409 3163 gentiles
423 3095 489 3150 lud.
512 3101 550 3160 19,
568 3111 592 3149 v.
608 3101 646 3150 12.
667 3112 735 3166 quos
752 3096 893 3166 apostolus
922 3097 1018 3152 cuniae
1037 3114 1117 3151 usum
1136 3098 1216 3151 datos
1233 3096 1390 3166 prohibent,
1410 3097 1478 3151 illud
1496 3103 1589 3152 tamen
1608 3113 1668 3151 esse
1681 3115 1754 3166 par·

58 3185 99 3239 sic
119 3182 252 3237 describit
272 3181 343 3252 Eph.
360 3187 385 3250 2,
401 3198 426 3236 v.
443 3186 480 3238 12,
499 3181 573 3251 quod
591 3179 695 3235 fuerint
707 3180 893 3256 innitorpso·
920 3186 968 3237 tim
987 3183 1104 3252 morale,
1122 3183 1228 3252 partim
1238 3183 1377 3252 forense,
1395 3183 1499 3237 morale
1517 3199 1585 3250 esse,
1603 3199 1639 3236 ne
1657 3183 1686 3236 in
1699 3181 1754 3237 exi·

57 3274 140 3341 μένοι
169 3272 213 3334 τῆς
246 3270 384 3326 πολιτείας
408 3267 457 3319 rori
484 3264 599 3343 Ἰσραήλ,
646 3266 733 3343 Ε’Ἶξ
764 3268 894 3322 dicuntur
920 3270 1018 3343 gaudis
1041 3270 1085 3324 vel
1109 3267 1279 3338 accipiendis
1305 3268 1360 3321 illis
1384 3269 1512 3324 censibus
1530 3268 1670 3338 proximus
1688 3283 1750 3337 gra-

54 3356 203 3426 proselyti,
225 3354 272 3425 qui
291 3353 467 3424 exgentibus
488 3352 600 3424 quidem
619 3355 728 3408 oriundi
746 3362 833 3420 erant,
853 3355 892 3409 in·
921 3364 1014 3424 vetur,
1044 3361 1173 3411 oneretur
1191 3361 1220 3411 et
1238 3355 1427 3425 opprimatur;
1454 3353 1564 3408 forense
1582 3370 1656 3415 esse,
1683 3369 1753 3407 nea

58 3443 138 3496 terim
158 3449 250 3495 tamen
269 3438 450 3492 israeliticam
470 3439 630 3508 religionem
656 3441 894 3510 amplectebantur
920 3443 1047 3514 proximo
1066 3441 1217 3512 quidquam
1238 3441 1274 3496 ob
1293 3440 1429 3511 pecuniae
1449 3447 1580 3511 erogatae
1594 3456 1674 3495 usum
1691 3455 1754 3494 cen-

58 3534 87 3582 et
114 3528 142 3579 in
172 3526 296 3595 politiam
323 3524 471 3579 Judaieam
500 3524 705 3594 recipiebantur
735 3526 822 3580 Exod,
853 3534 893 3586 12.
920 3547 967 3582 sus
992 3528 1053 3582 loco
1077 3527 1247 3598 accipiatur,
1274 3526 1351 3599 prius
1376 3531 1419 3579 est
1435 3523 1565 3596 generale
1584 3540 1679 3593 omnes
1697 3542 1752 3578 om-

59 3632 83 3670 v.
103 3620 147 3668 49.
175 3612 258 3665 Dent.
282 3618 325 3680 14,
349 3629 375 3663 v.
398 3616 439 3666 21.
454 3616 534 3665 1129.
555 3611 658 3665 Eorum
677 3612 763 3683 aliqui
783 3613 892 3669 babita—
920 3615 985 3669 nino
1011 3613 1136 3668 homiues
1162 3612 1308 3683 obligans,
1333 3612 1471 3683 posterius
1495 3628 1560 3671 vero
1578 3610 1699 3681 speciale
1716 3611 1752 3681 qd

57 3703 127 3754 baut
144 3699 172 3752 in
186 3699 276 3753 medio
294 3697 492 3775 lsradlitarum,
511 3698 558 3768 qui
570 3697 743 3753 vocabantur
753 3702 894 3771 proselyti
919 3702 992 3755 solos
1010 3699 1133 3754 iudaeos
1152 3698 1302 3769 pertinens,
1320 3696 1421 3768 quibus
1440 3696 1476 3753 ob
1497 3697 1699 3768 proclivitatem
1717 3698 1753 3752 ad

53 3796 173 3857 portae,
206 3785 318 3854 quidam
346 3801 410 3838 vero
433 3785 461 3837 in
485 3784 645 3854 regionibus
663 3787 759 3854 procul
781 3787 892 3857 dissitis,
920 3786 1074 3848 avaritiam.
1104 3783 1217 3839 fraudes
1236 3789 1264 3837 et
1280 3781 1398 3852 proximi
1419 3782 1625 3854 oppressionem
1645 3783 1674 3838 id
1694 3793 1753 3839 erat

57 3874 104 3944 qui
127 3872 275 3941 quotannis
294 3871 329 3924 ad
347 3870 419 3926 festa
435 3871 591 3925 solenniora
608 3869 829 3941 Hierosolymam
846 3893 890 3929 ve·
918 3871 1112 3938 interdictum,
1142 3869 1256 3938 perinde
1284 3876 1314 3922 ut
1339 3869 1367 3923 in
1391 3869 1454 3940 lege
1471 3870 1560 3939 mutui
1587 3869 1622 3923 de
1651 3869 1752 3937 debitis¹

55 3958 171 4012 niebant
188 3957 249 4010 Act.
270 3963 293 4024 2,
313 3974 337 4010 v.
360 3964 383 4010 5.
403 3973 426 4009 e.
447 3961 471 4021 8,
492 3975 516 4008 v.
536 3962 576 4010 21.
616 3944 794 4012 Permittitur
805 3960 891 4030 igitur
918 3958 1015 4030 quovis
1037 3955 1153 4027 septimo
1172 3971 1245 4008 anno
1264 3955 1390 4024 proximo
1414 3955 1586 4031 remittendis
1605 3954 1689 4013 Dent.
1712 3962 1752 4025 15,

55 4044 186 4111 Judneis,
213 4049 243 4095 ut
261 4042 436 4096 foenerantur
460 4048 607 4105 extraneo,
635 4043 684 4097 sed
709 4044 891 4113 prohibentur
917 4063 943 4099 v.
963 4051 986 4098 2.
1006 4042 1130 4097 Forense
1149 4057 1167 4095 a
1185 4041 1282 4097 morali
1301 4041 1437 4112 distingui
1455 4040 1553 4116 debet,
1579 4041 1690 4099 forense
1709 4048 1752 4098 eet

56 4131 165 4186 interim
190 4128 364 4198 peregrinum
390 4128 516 4197 populari
540 4134 569 4182 et
592 4128 761 4198 opprimere,
782 4131 834 4188 boe
849 4139 891 4187 est
917 4129 992 4200 qnod
1018 4129 1110 4183 omnia
1128 4127 1240 4181 omnino
1258 4126 1354 4181 debita
1376 4126 1456 4199 fratri
1475 4133 1555 4184 eraut
1571 4128 1748 4196 remittenda,

56 4216 222 4287 permissum
248 4214 315 4284 ipsis
340 4221 400 4267 erat
423 4214 513 4267 usuris
540 4230 673 4285 exsugere
695 4221 725 4270 et
747 4217 890 4274 exhaurire
916 4214 987 4268 illud
1006 4213 1042 4268 ad
1059 4212 1241 4267 lsraiiliticam
1268 4212 1404 4268 duntaxat
1426 4213 1550 4283 politiam
1577 4213 1751 4283 pertinebat,

55 4310 199 4357 extraneos
225 4306 338 4371 propter
355 4317 466 4354 cavrsam
489 4300 615 4371 superius
636 4302 801 4371 expositam,
825 4307 891 4376 quia
918 4301 1020 4355 morale
1041 4306 1097 4367 est,
1124 4299 1198 4370 quod
1217 4299 1326 4354 ratione
1348 4298 1518 4370 indigentiae
1537 4299 1653 4369 proximi
1672 4296 1751 4350 habi·

56 4389 163 4443 seilicet
178 4386 261 4442 exitio
278 4387 370 4441 devoti
389 4393 476 4450 erant,
495 4387 543 4441 sed
560 4388 743 4461 probibentur
756 4407 802 4444 eas
815 4409 889 4446 exer·
917 4395 946 4442 ta
963 4392 1089 4440 mutuum
1109 4385 1210 4441 debeat
1228 4403 1287 4440 esse
1305 4385 1475 4457 gratuitum,
1496 4385 1561 4440 item
1583 4384 1660 4455 quod¹
1675 4383 1751 4437 debi-

55 4494 118 4532 1111
133 4493 200 4545 erga
211 4475 387 4544 peregrinum
400 4491 415 4526 e
429 4474 585 4544 gentilitate
603 4476 714 4547 quidem
733 4477 889 4547 oriundum,
916 4480 975 4528 tum
987 4473 1112 4544 proximo
1125 4471 1162 4525 sit
1174 4471 1395 4541 condonandum,
1415 4473 1439 4525 si
1452 4477 1561 4542 praeter
1574 4486 1655 4532 suurn
1669 4468 1748 4522 meri·

54 4561 162 4616 interim
183 4560 329 4614 iudaicam
347 4559 508 4630 religionem
528 4561 693 4629 amplexum,
713 4562 782 4633 qnia,
796 4563 839 4618 111
854 4564 889 4618 de
918 4566 977 4614 turn
996 4558 1033 4612 sd
1055 4557 1176 4627 inopiam
1197 4557 1348 4627 redigatur.

55 4647 180 4701 1111111
199 4645 284 4701 fratre
306 4663 361 4699 uon
381 4645 524 4716 exigendis
543 4646 680 4716 generalis
699 4654 754 4711 est,
778 4666 889 4705 coneer·
952 4651 1010 4700 251.
1044 4643 1139 4713 Atque
1167 4642 1235 4696 haec
1266 4643 1342 4698 dicta
1368 4643 1424 4698 sint
1453 4643 1488 4697 de
1513 4640 1627 4715 legibus,
1650 4639 1751 4693 divinis

53 4750 122 4788 nens
136 4748 190 4785 non
205 4732 292 4786 solum
311 4750 366 4800 eos,
381 4731 429 4802 qui
441 4731 548 4785 ratione
560 4731 673 4802 originis
691 4734 888 4804 erantiratres,
916 4732 951 4787 V.
970 4730 1003 4784 Τ.
1023 4729 1050 4783 in
1069 4728 1170 4800 quibus
1189 4745 1289 4784 usurae
1309 4727 1436 4784 absolute
1460 4732 1489 4782 et
1506 4725 1670 4797 simpliciter
1686 4742 1748 4798 pro·

54 4819 103 4874 sed
131 4818 192 4872 illos
219 4818 301 4872 etiam
329 4818 376 4889 qui
403 4816 573 4888 professione
599 4819 724 4888 ejusdem
748 4820 889 4892 roligionis
915 4816 1063 4882 hibentur,
1083 4831 1152 4884 quas
1170 4815 1260 4885 primo
1278 4815 1339 4869 loeo
1358 4829 1467 4884 semper
1484 4816 1600 4887 urgent,
1620 4810 1669 4882 qui
1687 4828 1750 4867 oen—

54 4905 153 4958 1111111
174 4910 260 4958 erant.
915 4919 962 4955 sus
975 4917 1080 4955 annuos
1092 4900 1155 4971 lege
1172 4900 1309 4972 imperiali
1324 4915 1469 4954 concessos
1480 4897 1592 4969 penitus
1610 4898 1752 4955 damnant.

89 4997 147 5045 2511.
183 4989 256 5059 Ergo
280 4989 303 5042 si
328 4988 371 5044 vel
397 4989 514 5042 maxime
538 5004 570 5042 er
589 4987 736 5059 hypothesi
756 4991 887 5046 concede·
918 4993 943 5045 2.
961 4987 1112 5043 Proferunt
1129 4987 1233 5042 dictum
1253 4985 1356 5061 Christi
1373 4982 1469 5039 Lucae
1490 4992 1521 5053 e,
1539 5003 1565 5040 v.
1584 4991 1625 5058 35,
1645 4985 1751 5056 dyade-
1764 4982 1835 5077 {rufi}

53 5094 159 5144 remus,
185 5075 317 5129 lsrniilitis
342 5073 467 5128 absolute
490 5079 518 5127 et
542 5073 702 5144 simpliciter
720 5077 888 5147 prohibitum
921 5078 1088 5130 nutrissent
1109 5075 1243 5136 δανείζετε
1267 5073 1337 5144 μηδὲ
1367 5070 1572 5140 ἀπελπίζοντες,
1597 5073 1751 5136 benefacite
1765 5089 1849 5131 curun

55 5159 140 5214 fuisse
165 5178 261 5213 111111
283 5161 375 5229 justas
403 5164 431 5211 et
452 5159 621 5221 moderatas,
649 5159 701 5214 hoc
725 5170 768 5216 est
789 5180 888 5218 census
916 5171 941 5216 et
959 5168 1082 5215 mutuam
1099 5163 1166 5214 dote
1184 5161 1254 5213 nillil
1273 5161 1339 5211 111111
1358 5168 1518 5227 sperantes,
1542 5175 1575 5213 ex
1603 5175 1658 5230 quo
1685 5175 1750 5231 apo-
1764 5140 1851 5233 Q&

53 5263 160 5300 annuos
175 5245 301 5300 abusum
320 5245 455 5315 pecuniae
467 5249 619 5313 mutuatae,
638 5245 752 5302 afratre
769 5249 888 5327 exigere,
918 5245 1017 5301 dictice
1043 5246 1137 5318 colligi
1160 5263 1242 5317 posse
1268 5245 1440 5311 existimant,
1466 5245 1542 5317 ultra,
1561 5253 1663 5301 sortem
1682 5244 1749 5299 nihil

53 5340 146 5386 tamen
170 5332 199 5386 in
219 5330 399 5403 prohibitorio
423 5331 471 5387 illo
490 5331 620 5385 mandato
639 5331 749 5387 forense
770 5341 799 5389 et
813 5335 887 5405 judi·
914 5332 1066 5404 quidquam
1097 5333 1125 5387 in
1153 5331 1245 5387 officio
1272 5331 1360 5386 mutui
1383 5347 1401 5385 a
1426 5331 1550 5404 proximo
1568 5331 1749 5403 exigendum

53 5418 123 5473 ciale
144 5437 160 5472 a
179 5419 274 5474 morali
296 5415 522 5486 distinguendum
537 5418 648 5486 omnino
668 5426 748 5484 esset,
769 5419 797 5473 id
812 5419 887 5490 quod
916 5419 965 5472 sed
984 5418 1104 5474 breviter
1121 5416 1329 5489 respondemus,
1349 5434 1382 5472 ex
1403 5423 1461 5474 tota
1480 5417 1555 5472 serie
1573 5425 1601 5474 et
1618 5423 1749 5474 contextu
