4020 6014
219 388 280 448 246
769 457 774 466 ⁴
795 377 916 437 Locus
934 376 1136 436 VIOESIMUS
1153 379 1317 438 TERTIUS

218 536 351 607 apostolis
378 536 518 604 proximae
544 533 712 605 temporibus
741 532 901 605 conjugium
919 533 1045 588 sacerdo·
1074 532 1214 590 afferatur.
1250 540 1274 592 1.
1299 533 1443 598 Quomodo
1466 533 1613 590 conciliare
1638 550 1700 590 eam
1718 533 1824 605 poterit
1842 549 1908 588 cnm

218 622 294 677 tibus
311 622 402 677 adhuc
419 622 535 676 liberum
554 622 639 676 fuisse
656 626 811 691 agnoscunt
830 624 858 674 ct
877 619 913 673 ab
932 617 1048 673 ecclesia
1075 621 1142 688 iilis,
1166 636 1238 692 quae
1260 622 1376 691 ipscmct
1394 627 1490 691 postca
1507 620 1654 692 subjungit
1671 637 1696 678 c.
1714 626 1757 677 21.
1776 636 1852 690 resp.
1871 618 1910 674 ad

219 717 352 778 sequente
369 708 479 762 domum
500 709 567 777 ipsis
584 707 761 778 prohibitum.
791 705 916 761 Cusanus
929 706 1008 775 epist
1024 710 1048 758 2.
1075 707 1209 771 ultimum,
1221 707 1269 762 ubi
1284 708 1320 762 ad
1332 707 1482 778 capitulum
1493 724 1555 762 cum
1565 707 1650 778 igitur
1662 712 1712 763 919.
1722 711 1763 762 35.
1779 724 1806 778 q.
1823 713 1847 762 1.
1864 722 1907 762 re·

219 794 256 850 ad
271 794 421 850 liohemos:
443 796 646 863 Consequentcr
666 795 696 846 in
716 795 752 848 N.
774 794 807 846 Τ.
825 794 914 845 visum
930 800 969 844 est
984 798 1049 860 post
1076 793 1208 861 spondet,
1230 811 1341 846 sensum
1371 794 1432 861 ejus
1456 809 1516 846 cese
1541 794 1640 846 bonum
1660 799 1685 846 et
1705 792 1820 861 quidem
1840 809 1912 861 euna,

197 881 329 955 ,aliquot
355 890 480 950 tempora
510 880 677 933 irrationale
700 881 780 946 fore,
805 880 882 948 quod
905 879 936 930 in
959 878 1049 930 sacris
1077 880 1153 945 qnod
1172 879 1287 933 ecclesia
1307 878 1469 947 imposuerit
1487 878 1599 931 clericis
1613 878 1813 931 continentiam
1821 893 1913 953 pras·

220 967 367 1022 ordinibus
384 967 531 1019 cristestes
549 966 755 1021 contraherent.
790 964 984 1019 Clichtovseus
1000 979 1048 1032 pu·
1078 972 1155 1034 cepto
1172 967 1349 1032 seruandam,
1367 981 1438 1034 errae
1452 964 1561 1034 alioqui
1574 965 1665 1018 solum
1684 972 1746 1017 erat
1759 965 1914 1019 consilians

219 1059 269 1112 tat,
288 1054 377 1124 legem
396 1051 580 1105 continentiae
598 1050 879 1127 impositamclcricis
889 1051 1013 1119 primum
1032 1065 1050 1100 o
1075 1052 1268 1118 perfectionis.
1304 1052 1412 1117 Quaero
1429 1050 1502 1105 enim
1521 1068 1554 1105 ex
1572 1050 1749 1114 Bellurnrino,
1770 1050 1841 1121 quid
1858 1049 1915 1106 hoc

222 1139 326 1194 Sirim'o
351 1138 425 1191 circa
450 1154 552 1190 annum
577 1142 637 1192 399.
664 1137 719 1199 (991
738 1144 884 1207 propterea
908 1143 1051 1189 succenset
1078 1137 1137 1191 ioco
1157 1155 1206 1207 per
1225 1137 1368 1192 ecclesiam
1385 1136 1544 1209 intelligat?
1563 1145 1637 1192 certe
1650 1137 1790 1206 apostolos
1808 1136 1914 1192 intelli·

220 1222 404 1280 Bcllarminus
429 1222 478 1279 lib.
509 1228 532 1277 1.
559 1221 594 1278 de
617 1222 724 1277 clericis
749 1237 772 1276 c.
802 1227 840 1278 19.
863 1226 887 1288 5.
912 1220 955 1275 Ex
978 1220 1049 1284 hac).
1077 1240 1143 1294 gere
1160 1225 1265 1294 nequit,
1283 1225 1350 1294 quia
1367 1221 1518 1278 Gratianus
1539 1224 1640 1278 diserte
1659 1222 1742 1288 dicit,
1761 1222 1915 1277 scrinios·

221 1307 398 1367 Clichtovaeo
412 1309 549 1363 consentit
575 1307 668 1378 glossa
683 1307 755 1377 juris
780 1306 904 1360 canonici
921 1323 943 1362 c.
980 1305 1049 1362 Cum
1075 1315 1140 1377 post
1157 1310 1455 1378 apostolicoinstitnto
1474 1309 1923 1379 mraedamconsiliaperfsctio·‚

220 1396 249 1452 in
267 1395 425 1468 praeterito.
446 1394 509 1448 dist
528 1399 568 1448 84.
588 1395 616 1447 19
641 1393 725 1448 verbo
744 1393 918 1463 Antiquitas:
942 1394 969 1446 Α
985 1401 1049 1446 tros·
1079 1397 1121 1448 nis
1151 1396 1298 1448 addidisse
1304 1416 1316 1459 ;
1344 1394 1427 1450 fateri
1459 1395 1546 1467 igitur
1576 1395 1695 1466 cogitur,
1721 1394 1913 1464 apostolorum

217 1494 289 1553 pore
309 1481 410 1536 Siricii
433 1489 513 1535 rorat
536 1482 737 1548 antiquitatem.
777 1479 935 1549 Polydorus
951 1479 1049 1551 Virgil.
1078 1490 1199 1550 tempore
1217 1481 1384 1536 coelibatum
1396 1480 1481 1536 fuisse
1495 1482 1523 1536 in
1535 1480 1663 1536 libertate
1677 1479 1768 1534 adbuc
1780 1480 1913 1550 positum,

219 1569 266 1626 lib.
287 1575 310 1624 5.
330 1568 364 1623 de
383 1582 434 1620 rer.
453 1566 506 1620 inv.
526 1582 548 1620 9.
561 1572 590 1622 i:
608 1567 664 1619 ,lus
675 1566 848 1619 matrimonii
858 1567 1049 1618 sacerdotibus
1077 1566 1125 1620 scd
1144 1584 1162 1620 a
1185 1567 1326 1636 sequentis
1352 1567 1484 1637 temporis
1508 1566 1624 1621 ecclesis
1649 1574 1798 1636 praecepto
1820 1565 1911 1622 tuisse

219 1654 333 1710 restitui
346 1654 457 1720 suadet,
475 1652 602 1722 agnoscit
614 1651 705 1722 igitur,
725 1653 819 1722 primis
831 1650 962 1706 ecclesiae
982 1658 1050 1706 tem·
1077 1652 1184 1707 clericis
1201 1653 1378 1723 impositum..
1422 1658 1445 1708 3.
1467 1651 1612 1716 Quodnam
1638 1647 2008 1707 circumspectissimi

222 1740 335 1812 poribus
366 1737 436 1791 illud
463 1738 512 1807 jus
549 1737 616 1808 ipsis
654 1738 746 1792 adhuc
784 1738 922 1808 integrum
956 1736 1050 1793 fuisse.
1079 1739 1262 1793 Bellsrminus
1279 1740 1351 1793 inter
1370 1739 1423 1807 jus
1448 1740 1574 1792 divinum
1597 1745 1622 1791 et
1637 1747 1821 1806 praecsptnm
1840 1756 1910 1807 apo·

221 1824 352 1882 Costcrus
369 1823 398 1877 in
415 1823 519 1877 enchir.
540 1822 568 1876 19
587 1839 646 1893 cap.
662 1823 696 1878 de
709 1822 824 1880 coelib.:
841 1824 1051 1892 Antiquissima
1078 1826 1226 1879 aeolicum!
1261 1823 1338 1888 Quae
1357 1823 1476 1894 apostoli
1494 1841 1528 1878 ex
1546 1825 1675 1879 mandato
1693 1823 1747 1880 Dei
1762 1840 1911 1895 praecepe-

221 1912 355 1967 ecrlesr'os
375 1910 552 1979 temporibus,
568 1910 719 1963 virentibus
743 1911 836 1963 adlice
855 1909 1005 1978 apostolis,
1028 1919 1052 1962 et
1079 1918 1157 1975 runt,
1185 1928 1220 1965 ea
1247 1911 1329 1965 ctiam
1357 1918 1421 1964 sunt
1445 1911 1516 1980 juris
1546 1910 1632 1964 divini
1658 1910 1779 1965 mediate
1805 1911 1913 1966 scilicet

218 2005 283 2068 post
303 1996 446 2064 apostolos
465 1996 572 2063 aliquot
585 1997 678 2049 aeltric
696 2013 784 2050 annos
802 1996 920 2048 admissi
935 1997 1052 2059 suerunt
1080 1996 1253 2069 promulgati,
1271 1996 1383 2067 quando
1400 1998 1541 2066 apostolus
1560 1998 1628 2051 dicit
1648 2002 1670 2052 1.
1690 1995 1752 2051 Cor.
1772 2003 1796 2065 1,
1816 2014 1842 2052 v.
1864 2002 1912 2053 25:

221 2085 263 2138 ad
281 2099 379 2136 sacros
398 2083 513 2135 ordines
533 2083 591 2135 oiri
613 2083 760 2151 conjugati
784 2098 840 2134 non
858 2083 970 2150 quidem
986 2098 1052 2150 pro·
1081 2087 1126 2138 lle
1145 2083 1300 2152 virginibus
1314 2092 1494 2152 praeceptum
1514 2083 1634 2137 Domini
1648 2099 1704 2135 non
1722 2082 1824 2149 labeo,
1847 2099 1912 2136 cors·

221 2169 339 2227 miserie,
365 2169 416 2220 sed
443 2168 536 2226 eiecti.
567 2169 617 2237 qui
641 2169 752 2221 unicam
778 2175 886 2221 tantem
912 2167 1052 2220 duxissent
1080 2170 1176 2224 silium
1200 2176 1293 2221 aretem
1319 2171 1370 2236 do,
1394 2186 1449 2223 non
1470 2168 1618 2238 distinguit
1633 2168 1704 2221 inter
1720 2169 1768 2238 jus
1786 2169 1912 2223 divinum

221 2274 346 2320 swerent,
376 2272 490 2324 eamque
519 2255 664 2323 virginem.
709 2253 841 2309 Claudius
873 2252 1052 2322 Espencaeus
1080 2263 1108 2311 ct
1124 2262 1303 2326 praereptum
1316 2254 1506 2325 apostolicum.
1523 2254 1572 2309 sed
1591 2253 1661 2308 inter
1674 2255 1721 2324 jus
1740 2253 1865 2308 divinum
1883 2260 1912 2310 et

221 2344 367 2414 episcopus
385 2342 415 2397 in
432 2359 526 2396 comm.
546 2358 569 2400 c.
590 2346 613 2396 1.
631 2339 704 2398 Tit:
723 2340 826 2394 Multis
843 2356 978 2392 annornm
992 2357 1051 2391 cen·
1080 2342 1223 2397 consilium
1242 2341 1425 2411 apostolicum
1437 2340 1472 2394 ad
1490 2339 1710 2394 circumstantias
1721 2339 1831 2394 illorum
1842 2346 1911 2395 tem·

221 2431 340 2484 tenoriis
360 2436 424 2498 port
449 2427 592 2496 oponolos
624 2426 742 2479 ecclesia
770 2425 918 2494 primitivo
941 2425 1053 2492 desecta
1080 2446 1176 2499 porum
1203 2427 1427 2495 accomodatum
1459 2432 1552 2480 manet
1583 2425 1692 2479 interim
1719 2426 1910 2491 certissimum,

222 2516 357 2571 coelibum
376 2516 536 2568 sacerdotes
553 2513 648 2566 ioboit
666 2513 792 2567 maritos.
1080 2514 1154 2585 quod
1173 2530 1253 2570 omne
1271 2512 1355 2578 illud,
1379 2511 1454 2582 quod
1473 2510 1593 2581 apostoli
1609 2511 1670 2566 loco
1688 2509 1742 2566 Dei
1762 2527 1911 2583 praeceps-

95 2613 183 2661 ssttsr·
256 2605 317 2657 348.
353 2599 408 2656 Sed
425 2599 515 2654 missis
535 2599 634 2655 ceteris
658 2615 721 2652 cum
741 2596 909 2652 Bellarmino
926 2612 1049 2668 agamus.
1074 2607 1155 2668 runt,
1185 2600 1222 2654 sit
1245 2601 1292 2670 jus
1317 2614 1350 2653 99
1376 2607 1555 2669 pracceptum
1581 2596 1718 2664 divinum,
1742 2599 1845 2670 quippe
1873 2598 1911 2654 ab

95 2668 187 2760 m„
222 2685 250 2741 1s
267 2691 380 2751 statuit,
401 2686 542 2741 decretum
561 2684 647 2748 illud,
665 2702 720 2756 quo
740 2683 892 2739 coelibatus
909 2683 1051 2738 ordinibus
1080 2686 1239 2741 immediata
1278 2685 1397 2754 Spiritus
1443 2701 1465 2737 s.
1512 2683 1702 2754 inspiriatione
1745 2684 1911 2755 proiectum.

95 2771 134 2812 ⁰²
221 2774 306 2829 sacris
326 2790 449 2829 annexus
468 2777 524 2834 cst,
552 2791 608 2826 non
622 2772 742 2840 propris
762 2769 888 2824 divinum
907 2787 978 2837 esse,
1002 2773 1053 2823 sed
1080 2772 1176 2827 Matth.
1198 2769 1245 2838 28‘,
1264 2788 1291 2827 v.
1310 2777 1351 2827 20.
1380 2770 1562 2838 Rom15,v.
1585 2775 1623 2825 ts.
1651 2774 1675 2825 2.
1695 2769 1757 2828 Cor.
1778 2777 1802 2828 5.
1821 2789 1846 2826 v.
1868 2776 1911 2828 20.

221 2867 313 2916 tamen
337 2876 395 2913 esse
418 2859 603 2928 apostolicum
626 2867 652 2911 et
677 2857 707 2909 in
732 2864 789 2911 toto
808 2855 928 2910 ecclesia
947 2874 965 2907 a
984 2864 1052 2909 tem·
1081 2858 1208 2928 sibiipsi
1226 2857 1312 2928 igitur
1330 2856 1515 2911 Bcllarminus
1534 2855 1714 2918 9999991911.
1733 2858 1845 2928 quando
1864 2874 1912 2914 ne-

219 2947 338 3016 peritos
355 2946 547 3015 apostotorum
573 2945 656 3011 longo
682 2952 804 3012 tempore
820 2950 967 2999 servatam.
1003 2942 1051 2995 At·
1079 2953 1135 3017 gat,
1144 2946 1212 3013 jure
1226 2944 1321 2997 diuino
1335 2943 1911 3008 coelibatumsacrieordr'nibusannemsm,

222 3032 269 3104 qui
297 3039 317 3087 1.
344 3031 481 3102 quomodo
502 3030 574 3084 hauc
598 3028 776 3084 assertionem
802 3045 880 3083 susm
904 3027 1052 3082 conciliare
1080 3039 1108 3087 et
1123 3039 1216 3086 tamen
1243 3048 1276 3083 en
1296 3030 1400 3084 divinis
1418 3030 1523 3098 literis,
1548 3028 1600 3082 hoc
1618 3036 1661 3083 est
1675 3028 1747 3099 juris
1765 3029 1852 3085 divini
1870 3035 1911 3085 ts·

221 3118 326 3190 poterit
351 3117 535 3172 Bellarminus
561 3132 622 3169 cum
648 3115 776 3184 capitulis
800 3114 964 3184 quibusdam
980 3115 1051 3185 juris
1080 3118 1159 3183 bulis,
1179 3117 1367 3172 demonstrare
1385 3125 1515 3181 conatur,
1534 3114 1690 3169 sacerdotes
1707 3124 1834 3186 oportere
1851 3133 1912 3173 esse

222 3203 366 3260 canonici?
379 3221 402 3260 c.
432 3201 1051 3271 999919999999999999199999-
1078 3202 1206 3257 coelibes.
1253 3201 1335 3257 Certe
1359 3200 1384 3254 si
1410 3200 1457 3256 hic
1480 3206 1553 3255 esset
1576 3217 1672 3255 sensus
1698 3201 1811 3256 canonis
1838 3202 1912 3258 illius

221 3291 356 3345 taliones
374 3291 470 3358 legali,
488 3306 538 3343 nec
556 3289 717 3356 eorsnpelico
734 3288 777 3341 vel
790 3287 946 3355 apostolica
959 3295 1051 3340 aucto·
1078 3288 1229 3357 apostolici,
1249 3288 1403 3342 ἐπίσκοπον
1421 3288 1466 3340 δεῖ
1484 3282 1554 3340 eiras
1575 3286 1701 3359 ἐγκρατῆ,
1719 3287 1793 3357 quod
1805 3290 1910 3358 episco-

221 3378 304 3432 ritate
325 3379 415 3447 (nota)
440 3376 621 3446 prohibetor,
652 3373 842 3427 ecclesiastico
870 3381 962 3425 tamen
992 3373 1051 3440 lege
1080 3392 1131 3444 pus
1156 3392 1174 3428 a
1201 3374 1332 3445 conjugio
1360 3374 1470 3443 penitus
1500 3373 1637 3428 abstinere
1667 3373 1783 3436 debeat,
1814 3376 1912 3447 utique

220 3465 331 3533 penitus
341 3465 528 3517 interdicitur.
538 3478 561 3517 c.
576 3460 710 3527 Quoniam
719 3467 770 3515 etc.
783 3459 845 3516 dist.
855 3464 885 3515 31
896 3477 902 3511 z
915 3459 1051 3520 Quoniam
1078 3460 1232 3514 coelibatus
1254 3477 1308 3514 non
1321 3459 1409 3514 solum
1422 3460 1575 3529 apostolica
1586 3467 1742 3529 praecepto,
1762 3461 1812 3516 sed
1827 3463 1911 3518 ctiam

221 3550 252 3603 in
271 3550 395 3602 Romani
419 3550 519 3602 ordine
545 3549 661 3600 canonis
688 3564 746 3600 esse
766 3546 943 3614 cognorimus
961 3546 1050 3600 tradi·
1074 3545 1652 3616 199991919999199999191199919999999,
1673 3548 1909 3617 quemadmodum

222 3643 287 3702 tum,
306 3651 366 3698 eos,
390 3635 440 3704 qui
455 3635 582 3688 ordinati
604 3641 668 3687 sunt
695 3634 813 3688 diaconi
828 3633 871 3686 vel
885 3633 1050 3700 presbyteri,
1079 3632 1165 3685 divini
1188 3631 1259 3702 juris
1280 3639 1346 3685 sunt
1369 3631 1476 3701 reliqua
1502 3631 1607 3696 omnia,
1631 3648 1703 3702 quse
1725 3632 1754 3686 19
1779 3634 1909 3707 episcopo

222 3722 361 3783 cantitari,
386 3722 462 3789 qnod
480 3739 535 3774 non
560 3721 618 3773 suis
635 3721 700 3788 jam
723 3719 887 3790 copulentur
911 3720 1050 3787 umoribus,
1079 3717 1181 3771 ibidem
1201 3718 1386 3790 requiruntur.
1422 3716 1477 3772 Sed
1498 3716 1574 3786 prius
1593 3718 1692 3773 asserit
1715 3717 1909 3777 Bellarminus.

223 3807 368 3875 antiquum
386 3814 528 3873 sequentes
548 3821 680 3858 cononem
699 3806 872 3875 apostolicae
885 3805 1050 3875 diliqentiae
1081 3806 1154 3874 Ergo
1172 3822 1227 3858 non
1245 3803 1328 3858 debet
1348 3820 1450 3874 negare
1470 3804 1613 3873 posterius.
1651 3810 1675 3858 t.
1693 3802 1727 3858 Io
1746 3822 1778 3860 eo
1798 3823 1910 3879 quoquc

223 3897 249 3946 et
266 3891 474 3945 constitutiones
497 3908 644 3944 sacrorum
670 3892 793 3945 virorem
812 3892 920 3960 legales
938 3893 1051 3961 nrqrtias
1078 3889 1261 3945 Bellarminus
1285 3890 1337 3944 sibi
1365 3889 1541 3956 contradicit,
1569 3890 1642 3961 quod
1672 3889 1702 3942 in
1727 3890 1797 3946 libro
1821 3898 1846 3949 4.
1875 3893 1911 3948 de

224 3980 326 4035 amodo
352 3978 445 4030 ualere
468 3977 594 4030 columns
619 3977 802 4031 nullomodo
831 3995 893 4030 cum
920 3980 1053 4032 arorites
1080 3976 1150 4031 notis
1176 3975 1271 4030 eccles.
1299 3991 1322 4030 c.
1347 3981 1370 4030 9.
1398 3993 1460 4030 cum
1485 3975 1630 4046 Vigilantii
1655 3975 1761 4031 haeresi
1785 3987 1910 4034 nostram

221 4064 281 4119 sois
290 4064 530 4119 eorumconnnbio
541 4063 723 4116 dissolventes
734 4072 818 4120 9199.
831 4061 1054 4134 Cumigituretc.
1081 4062 1108 4116 in
1126 4061 1179 4115 huc
1199 4061 1360 4132 quaestione
1379 4062 1542 4116 sententiam
1553 4063 1711 4133 conjungit:
1740 4063 1910 4134 Vigilantins

224 4156 266 4209 ³5.
286 4167 312 4220 q.
334 4155 364 4204 1:
382 4148 514 4202 Ecclesia
522 4157 589 4216 post
604 4151 760 4216 apostolica
771 4151 897 4202 instituta
915 4153 1053 4218 qrsaerlom
1078 4147 1228 4218 (inquiens)
1247 4150 1351 4210 docuit,
1369 4148 1572 4202 ecclesiasticos
1586 4149 1685 4202 debere
1697 4166 1758 4203 esse
1769 4161 1912 4217 sacrdos,

224 4236 346 4292 consilia
363 4235 547 4304 perfectionis
567 4235 698 4300 addidit,
718 4242 812 4303 utpote
832 4236 867 4288 de
886 4236 1055 4289 continentia
1080 4236 1155 4287 idem
1175 4236 1274 4288 docent
1292 4252 1364 4288 nunc
1381 4235 1498 4289 sectarii
1515 4242 1566 4289 etc.
1586 4233 1635 4288 sed
1648 4233 1695 4288 lib.
1714 4240 1734 4289 1.
1754 4236 1790 4291 de
1805 4237 1913 4292 clericis

224 4324 422 4379 ministrorum.
435 4337 459 4375 9.
472 4319 705 4375 cenomanensem
724 4327 775 4374 etc.
784 4319 846 4373 dist.
857 4325 904 4374 56:
917 4322 1054 4388 Lepitirna
1081 4337 1104 4375 c.
1125 4327 1164 4376 19.
1183 4319 1253 4375 inter
1267 4320 1411 4391 Vigilantii
1432 4318 1557 4375 haeresin
1569 4327 1596 4375 91
1613 4327 1734 4376 nostram
1747 4324 1912 4380 sententiam

225 4409 358 4479 conjopia
387 4406 580 4461 sacerdotibus
612 4414 678 4459 onte
710 4407 925 4475 prohibitionem
955 4408 1054 4475 abique
1082 4414 1176 4477 aperte
1197 4407 1352 4478 distinguit.
1380 4409 1455 4469 Duo,
1475 4407 1574 4478 inquit,
1589 4409 1740 4470 refutandi
1750 4417 1816 4463 sant
1834 4427 1912 4466 erro-

225 4497 305 4552 licita
340 4502 421 4548 eram
453 4497 505 4549 etc.
554 4491 584 4545 Si
613 4490 763 4547 coelibatus
793 4492 966 4547 sacerdotum
990 4495 1054 4564 jure
1081 4512 1139 4562 res,
1160 4511 1232 4548 unos
1254 4494 1446 4560 Graecorum,
1464 4494 1537 4548 alter
1556 4495 1785 4549 Lntlreranorum.
1823 4497 1912 4553 Prior

224 4581 375 4653 apostolico
392 4580 493 4634 fuisset
512 4577 656 4645 definitus,
682 4578 778 4648 utique
795 4578 877 4632 etiam
895 4578 995 4649 copula
1011 4597 1053 4633 sa·
1081 4589 1129 4647 est,
1149 4589 1277 4650 oportere
1295 4580 1587 4649 cinnomannorum
1606 4583 1720 4636 ordines
1737 4600 1835 4638 saeros
1850 4602 1912 4640 esss-

225 4669 372 4726 cerdotalis
398 4665 551 4737 apostolica
576 4663 742 4719 auctoritate
769 4664 973 4734 prohiberetur,
1004 4683 1054 4720 nec
1080 4668 1201 4736 cipiunt,
1226 4683 1324 4722 osores
1350 4667 1464 4735 docere,
1488 4685 1567 4736 quem
1592 4686 1716 4723 errorem
1739 4678 1848 4724 constat
1867 4689 1912 4726 es·

223 4770 347 4825 unquam
380 4753 408 4807 in
437 4753 473 4810 N.
501 4751 535 4805 T.
564 4749 696 4821 conjugia
723 4749 911 4810 sacerdotibus
938 4750 1055 4806 fuissent
1076 4769 1176 4822 presse
1204 4752 1384 4822 Vigilantiam
1396 4752 1531 4807 claruisse.
1566 4755 1713 4809 Posterior
1732 4772 1813 4808 error
1828 4756 1912 4826 longe

223 4840 307 4897 licita.
343 4839 432 4909 Atqui
460 4838 628 4893 contrarium
655 4840 764 4891 constat
779 4853 834 4889 non
852 4835 939 4891 solum
958 4855 991 4892 ex
1009 4855 1053 4892 ca·
1079 4841 1197 4910 pravior
1220 4848 1274 4903 est,
1299 4856 1355 4891 non
1382 4839 1472 4892 solum
1497 4840 1582 4895 licere
1608 4849 1674 4897 ante
1695 4843 1912 4913 ordinationem,

224 4925 650 4999 9119119911911999991199991
669 4921 784 4976 historia
796 4921 894 4991 synodi
905 4921 1052 4984 Nicaenae,
1079 4927 1230 4981 sedetiam
1251 4933 1318 4994 post
1340 4926 1548 4982 ordinationem
1567 4945 1681 4983 uxorem
1699 4931 1817 4998 ducere,
1835 4933 1913 5000 quod

223 5014 253 5069 in
279 5029 336 5083 qua
360 5010 534 5080 Paphnutius
561 5016 665 5080 martyr
695 5007 828 5071 obtinuit,
857 5015 888 5059 at
916 5007 975 5073 illi,
1005 5011 1055 5078 qai
1079 5013 1175 5067 docuit
1202 5011 1350 5080 Wiclefus‚
1375 5030 1454 5081 quem
1478 5016 1569 5068 secreti
1591 5023 1656 5069 sant
1672 5017 1834 5074 Lntlrerani.
1869 5019 1911 5074 As

223 5116 323 5153 scores
336 5099 474 5151 duxerant
488 5106 551 5150 onte
563 5104 720 5165 susceptam
735 5093 933 5162 sacerdotium,
952 5113 970 5148 a
989 5114 1052 5150 con·
1079 5099 1102 5152 si
1123 5098 1247 5152 diversus
1264 5103 1306 5153 cst
1323 5098 1351 5152 in
1370 5097 1423 5154 hac
1443 5102 1604 5173 quaestione
1623 5119 1698 5158 error
1717 5103 1864 5175 vigilantii
1882 5111 1913 5161 ct

222 5185 318 5255 iugali
335 5203 396 5238 cum
414 5184 453 5236 eis
471 5185 668 5236 consuetudine
684 5184 796 5235 minime
816 5188 987 5249 arcerentur,
1004 5183 1055 5250 qni
1064 5244 1065 5251 ἵ
1078 5183 1213 5253 Lutberi,
1232 5185 1369 5254 quomodo
1389 5185 1461 5241 idem
1480 5186 1590 5241 omnino
1609 5204 1672 5242 cum
1691 5187 1846 5261 vigilantio
1863 5191 1912 5247 do·

223 5289 289 5326 oero
317 5272 349 5324 in
371 5270 476 5324 clerum
502 5270 635 5341 coempti
653 5278 748 5336 erant,
777 5276 927 5336 antequam
951 5275 1143 5325 exarescent
1169 5268 1342 5326 Lutherani'l
1389 5271 1418 5329 Si
1442 5270 1613 5342 vigilantius
1640 5274 1748 5344 docuit,
1783 5284 1912 5348 oportere

225 5357 375 5423 deciscant,
392 5356 424 5409 nr·
439 5356 571 5422 deinceps
589 5374 607 5407 a
634 5357 741 5423 nuptiis
764 5355 903 5408 obstinere
914 5354 994 5421 jussi
1010 5356 1191 5415 re-,oleriros
1208 5374 1307 5412 mores
1336 5358 1450 5421 ducere,
1474 5358 1611 5426 quomodo
1634 5360 1707 5415 illius
1732 5377 1807 5418 error
1824 5362 1911 5419 tribui

224 5445 345 5497 cundnm
355 5450 472 5495 oetermn
484 5441 617 5494 9991991999
630 5442 818 5505 traditionem,
830 5439 879 5495 ubi
892 5441 1052 5511 notandum,
1064 5434 1066 5501 1
1079 5450 1170 5512 potest
1188 5443 1356 5501 Luthersnis
1375 5441 1550 5509 docentibus,
1574 5443 1660 5504 licere
1684 5448 1791 5504 clericis
1811 5466 1910 5506 uxores

225 5528 299 5602 quad
317 5527 430 5583 traditio
448 5528 584 5581 duntaxat
601 5526 742 5596 ecclesiae,
761 5545 817 5585 999
833 5532 927 5583 sutem
943 5536 1052 5598 aposto·
1079 5529 1188 5596 ducere,
1206 5529 1283 5585 uliud
1305 5537 1348 5585 est
1366 5527 1489 5599 conjugii
1504 5528 1670 5602 smarnos,
1688 5534 1766 5589 aliud
1786 5536 1912 5594 libertas.

224 5615 281 5671 lica
297 5612 434 5686 quaedam
460 5611 621 5669 mostitutio
644 5627 695 5684 pro
721 5612 861 5671 coelibatu
877 5615 1052 5672 smsrdotum
1078 5613 1402 5679 Ρ9911119111991991919
1425 5620 1606 5683 proponant
1620 5618 1774 5677 msiibstos
1792 5622 1910 5681 necessi-
1991 5660 1995 5670 .
