4020 6014
256 130 295 190 32
836 116 960 178 1106118
977 114 1183 176 mammas
1200 115 1365 175 TERTIUS

255 275 388 332 servitute
413 273 541 330 liberatio
562 273 617 329 fuit
640 279 725 346 typus
751 272 901 344 spiritualis
917 271 1088 327 liberationis
1119 270 1155 325 V.
1178 271 1212 325 Τ.
1238 272 1420 327 ministerium
1444 260 1663 328 ebeloeimticnm
1687 270 1822 328 mrinian
1839 271 1897 327 init
1915 273 1955 328 ia·

254 379 305 432 per
330 360 470 415 Christum
502 360 699 430 praestandae,
730 366 763 414 nt
788 359 928 431 colligitur
951 375 985 414 ex
1010 375 1091 413 versu
1117 356 1245 411 stitutum
1257 364 1286 413 et
1296 364 1497 414 conservatum.
1528 356 1562 410 In
1574 357 1609 413 N.
1621 355 1654 411 T.
1668 354 1755 412 Filius
1768 357 1822 412 Dei
1836 357 1956 429 ipsemet

256 455 296 504 26.
318 447 365 501 ubi
385 447 487 501 mentio
501 447 684 519 titvirginum
696 446 971 516 tympanistriarum.)
992 451 1013 500 1.
1028 444 1090 498 Cor.
1118 443 1147 497 in
1173 451 1297 499 assumta
1320 443 1441 499 humana
1466 448 1567 497 natura
1585 441 1639 497 hoc
1657 459 1770 498 munere
1789 444 1955 514 perfunctus

258 540 297 595 12,
316 551 342 589 v.
365 538 413 587 28:
431 533 470 585 Et
490 532 565 586 aliae
580 535 691 601 quidem
710 532 852 585 constituit
865 534 946 584 Deae
959 534 988 583 ia
1004 531 1090 584 eccle·
1118 530 1259 598 apostolos
1278 531 1372 601 elegit,
1390 547 1459 600 quos
1476 528 1678 583 sufficientibus
1696 528 1861 584 necessariis
1876 529 1956 585 donis

255 620 313 685 sia,
337 619 464 687 primam
492 618 648 686 apostolos,
680 617 783 670 deinde
811 617 982 685 propbetas,
1011 614 1266 688 tertio,instructas
1296 616 1332 668 ad
1368 614 1505 686 evangelii
1542 615 1775 684 praedicationem
1808 616 1837 669 in
1868 620 1956 670 totum

256 706 393 758 doctores.
443 709 466 759 2.
498 701 560 757 Cor.
595 711 624 767 5,
663 720 687 755 v.
711 708 753 757 18:
790 704 870 755 Deus
901 704 981 755 deda
1011 694 1215 771 aebalorbem
1235 699 1390 771 ablegavit,
1417 708 1445 756 et
1469 703 1511 754 ad
1531 702 1658 753 dextram
1677 701 1777 754 Patria
1796 701 1955 755 collocatas

256 788 399 857 (apostolis
413 795 441 843 et
455 786 567 862 reliquia
580 787 711 842 ecclesiae
724 787 895 853 doctoribus)
908 786 1212 840 ministeriamadlmc
1238 788 1289 839 dat
1313 787 1446 840 ecclcsiae
1469 803 1539 840 cuae
1559 794 1690 855 pastores
1712 795 1738 839 ct
1764 789 1898 841 doctores
1918 789 1958 840 ad

257 873 501 927 reconciliationis.
545 872 610 926 Huc
636 873 772 942 pertinet,
805 871 880 941 quod
909 872 1026 926 Siraeid.
1051 872 1383 965 45,=ccammmatiaoem
1412 881 1572 926 coaeterum
1600 874 1630 926 ιἰι
1656 890 1728 941 opas
1752 873 1907 927 miratorii
1928 874 1957 926 ia

257 976 281 1015 v.
302 966 343 1015 21.
357 960 434 1015 Deus
446 959 549 1013 dicitur
562 960 667 1013 Aaroni
680 975 787 1013 summo
800 958 937 1012 sacerdoti
955 973 1093 1013 commen·
1120 957 1344 1025 aedificationem
1364 959 1494 1027 corporis
1512 959 1559 1011 sai
1570 959 1686 1025 mystici,
1704 956 1807 1027 Ephes.
1824 964 1850 1027 4,
1868 974 1897 1013 v.
1918 965 1956 1014 11.

257 1046 338 1100 desse
350 1047 474 1112 officiam
492 1045 621 1114 docersrls',
641 1045 746 1098 ἔδωκεν
757 1042 831 1111 αὐτῷ
844 1044 973 1106 ἐξουσίαν
983 1044 1094 1107 διδάξαι
1119 1050 1148 1097 et
1169 1048 1208 1097 12.
1406 1093 1407 1097 ,

256 1130 305 1185 τὸν
334 1129 430 1199 Ἰακὼβ
462 1130 494 1184 τὰ
524 1128 665 1204 μαρτύρια
701 1138 753 1183 etc.
801 1136 824 1185 2.
856 1131 1003 1184 Liberalia
1035 1132 1095 1184 Dei
1154 1135 1196 1182 50.
1231 1129 1364 1195 Quamvis
1387 1145 1451 1183 vero
1479 1128 1617 1182 institutio
1635 1134 1665 1182 et
1683 1127 1857 1183 conservatio
1877 1128 1956 1182 mini·

252 1217 404 1286 mammea,
424 1216 499 1287 quod
518 1217 585 1271 velit
607 1214 739 1271 ecclesiae
755 1232 821 1270 suae
837 1222 960 1285 pastores
979 1216 1047 1270 dere
1066 1223 1094 1271 st
1119 1213 1209 1282 sterii,
1235 1231 1299 1268 cum
1329 1214 1365 1268 sit
1394 1232 1464 1283 opas
1489 1216 1530 1267 ad
1553 1222 1631 1268 ectra
1660 1219 1704 1280 (ut
1720 1213 1889 1284 loquuntur)
1906 1215 1956 1268 toti

256 1303 437 1358 ministerium
463 1303 582 1358 docendi
608 1318 781 1357 conservare.
825 1302 888 1357 Esa.
915 1309 963 1369 41,
991 1321 1017 1356 v.
1044 1309 1091 1359 27:
1119 1299 1251 1353 Trinitati
1275 1300 1428 1354 communis
1457 1299 1506 1368 sit,
1535 1307 1628 1355 tamen
1645 1298 1725 1353 utin
1745 1299 1861 1370 reliquia
1884 1301 1957 1370 ejas

256 1389 371 1442 Primae
390 1390 431 1441 acl
448 1389 530 1455 Zion,
550 1389 579 1442 id
598 1395 640 1442 est
659 1388 814 1456 ecclesiam,
832 1390 905 1455 dico,
923 1390 998 1441 Ecce
1016 1390 1093 1455 laec,
1120 1385 1194 1439 modi
1213 1384 1352 1454 operibus,
1373 1385 1413 1439 ita
1431 1401 1541 1455 quoque
1560 1385 1588 1438 in
1606 1384 1658 1438 boc
1675 1384 1735 1454 ipso
1753 1389 1814 1441 tota
1831 1385 1957 1440 'Ibinitas

256 1482 282 1528 et
305 1474 380 1527 dabo
408 1473 614 1540 Hierosolymis
637 1475 845 1541 escapelictam.
875 1474 933 1541 (ubi
958 1474 1092 1544 singulari
1118 1471 1179 1541 agit
1203 1475 1312 1525 servato
1336 1469 1493 1524 discrimine
1523 1474 1608 1541 atque
1639 1470 1736 1525 ordine
1765 1487 1957 1541 personarum.

256 1559 367 1613 nomine
382 1557 568 1628 evangelistae
588 1562 663 1613 totus
677 1557 822 1614 chorusac
836 1565 931 1614 coetus
949 1559 1091 1614 doctorum
1119 1555 1204 1611 Pater
1217 1564 1248 1613 ut
1264 1564 1307 1611 est
1326 1557 1388 1611 fons
1400 1556 1553 1620 Trinitatis,
1573 1557 1614 1610 ita
1626 1574 1736 1628 quoque
1747 1555 1957 1627 beneficiorum,
1969 1569 2004 1609 ea

257 1643 439 1714 intelligitur,
465 1651 498 1697 ut
511 1661 544 1698 eo
563 1644 622 1714 ipso
641 1644 678 1699 ad
697 1646 861 1700 concordiae
882 1645 1004 1699 studium
1023 1646 1091 1698 invi-
1119 1660 1190 1713 quae
1214 1643 1243 1696 in
1267 1642 1411 1698 ecclesiam
1431 1642 1626 1710 conferrmtur,
1644 1643 1681 1698 ad
1700 1659 1773 1713 qaae
1790 1644 1875 1698 etiam
1894 1661 1956 1714 per·

256 1736 357 1783 cenam.
379 1729 477 1798 Neque
485 1735 577 1784 tamen
587 1730 760 1785 incommode
770 1731 805 1786 dc
815 1731 941 1802 principe
950 1736 1093 1800 pastorum
1119 1729 1189 1783 tinet
1212 1728 1357 1782 ministerii
1384 1728 1522 1783 institutio
1552 1735 1580 1783 et
1607 1729 1788 1784 conservatio.
1829 1729 1859 1783 is
1888 1745 1956 1800 ergo

256 1815 367 1870 Christo
384 1813 454 1868 haec
466 1815 612 1886 prophetia
625 1815 715 1885 accipi
727 1822 826 1885 potest,
846 1817 919 1870 sieut
931 1815 1030 1872 Erech.
1051 1821 1092 1880 34,
1119 1820 1175 1878 est,
1194 1814 1241 1885 qai
1261 1814 1289 1866 in
1307 1813 1342 1870 V.
1361 1812 1395 1869 T.
1413 1813 1599 1883 patriarchas,
1618 1813 1735 1884 Moysen
1753 1832 1786 1870 ac
1803 1814 1959 1886 propbetas

256 1919 281 1953 v.
302 1905 342 1955 23.
362 1899 430 1953 dicit
448 1898 598 1953 Dominus:
621 1900 766 1954 suscitabo
783 1919 869 1970 caper
881 1919 929 1955 eas
942 1918 1004 1955 aves
1016 1917 1092 1954 meas
1119 1900 1234 1968 vocavit,
1254 1897 1367 1953 Levites
1388 1899 1416 1951 in
1436 1899 1622 1953 sacerdotium
1635 1899 1721 1970 elegit
1737 1907 1765 1955 ot
1777 1899 1805 1953 in
1823 1901 1959 1970 temporis

253 1993 398 2056 pastorem
415 1985 526 2053 arsam).
544 1985 601 2040 der,
622 1991 646 2049 3,
665 2003 690 2041 v.
707 1991 752 2042 15:
773 1988 858 2040 Dabo
871 1988 948 2041 vabre
962 1995 1093 2057 pastores
1119 1985 1291 2056 plenitudine
1315 1984 1389 2038 misit
1411 1983 1528 2050 Filium,
1556 1991 1588 2038 ut
1613 1985 1640 2039 in
1662 1992 1785 2040 assumta
1801 2001 1887 2041 carus
1902 2003 1959 2041 non

252 2075 337 2141 juata
357 2088 406 2125 cor
420 2087 518 2137 meum,
538 2079 563 2123 et
574 2078 694 2140 pascent
706 2090 755 2126 aas
768 2073 888 2126 scientia
902 2081 927 2126 et
941 2073 1092 2127 intellecta.
1118 2071 1207 2126 solum
1226 2069 1405 2123 redemtionis
1423 2086 1494 2140 opus
1505 2068 1659 2138 perficeret,
1678 2069 1824 2125 sedetiam
1837 2070 1959 2127 docendi

257 2157 359 2212 ierem.
378 2173 402 2210 c.
424 2161 465 2225 23,
484 2173 511 2211 v.
526 2163 556 2210 l:
576 2157 616 2208 Et
628 2157 766 2210 acaecitate
778 2174 864 2226 saper
883 2175 931 2211 eas
948 2144 1091 2233 (tritum,
1118 2172 1232 2211 munere
1250 2157 1279 2209 in
1297 2155 1378 2210 terris
1399 2155 1576 2226 fungeretur,
1603 2154 1690 2209 Hebr.
1711 2160 1734 2223 1,
1751 2172 1776 2212 v.
1801 2161 1828 2211 l:
1854 2156 1958 2211 Muta-

258 2251 331 2298 stare
356 2242 472 2305 faciam,
501 2241 680 2308 constituam)
701 2251 846 2312 pastores,
864 2252 888 2296 et
901 2253 1020 2314 pasceret
1038 2261 1092 2297 eas.
1119 2244 1227 2302 fariam
1255 2243 1404 2310 multisque
1438 2242 1529 2295 asadia
1563 2241 1629 2295 olim
1665 2243 1744 2294 Deae
1777 2242 1890 2296 lamam
1919 2252 1958 2297 est

256 2327 328 2383 dael.
358 2333 390 2394 2,
416 2345 441 2382 v.
473 2333 520 2381 23:
548 2329 689 2380 Dominae
715 2330 796 2381 Deae
826 2337 917 2383 cester
944 2332 995 2384 dat
1016 2330 1093 2383 cobis
1116 2329 1248 2398 patribus
1276 2344 1331 2396 per
1357 2327 1528 2397 propbetas,
1560 2327 1720 2381 novissimis
1752 2327 1850 2380 ἀίοὺιω
1882 2329 1958 2383 bisce

257 2417 385 2467 doctores
405 2414 445 2465 ari
461 2413 614 2480 justitiam.
650 2417 677 2466 3.
697 2415 862 2468 Peculiars'a
883 2416 943 2468 Dei
960 2416 1093 2484 encomia,
1119 2415 1227 2468 locutae
1246 2421 1287 2466 cst
1305 2411 1385 2466 ochis
1400 2429 1454 2481 per
1480 2412 1602 2481 Filiam3
1625 2412 1690 2467 inde
1715 2412 1797 2468 toties
1823 2423 1960 2483 provocat

259 2498 496 2568 praeostendunt,
517 2497 660 2552 ministerii
673 2499 852 2553 ecclesiastici
867 2500 1092 2556 constitutionem
1120 2498 1246 2554 Christus
1269 2498 1305 2553 ad
1333 2514 1411 2552 suam
1442 2497 1563 2552 aPatre
1592 2498 1758 2553 missionem.
1791 2497 1895 2556 Mattb.
1917 2505 1957 2567 111,

259 2593 287 2639 et
311 2583 548 2638 conservationem
574 2582 611 2637 ad
638 2583 729 2652 ipsum
753 2586 899 2654 pertinere.
942 2587 1041 2643 Matth.
1068 2594 1093 2656 9,
1119 2605 1145 2642 v.
1164 2593 1205 2640 40.
1227 2584 1295 2641 Luc.
1317 2591 1348 2648 4,
1368 2602 1395 2640 v.
1422 2590 1460 2640 18.
1487 2584 1550 2638 lob.
1570 2591 1600 2648 5,
1619 2602 1645 2637 v.
1664 2589 1706 2639 23.
1726 2590 1779 2640 etc.
1799 2601 1856 2656 quo
1875 2602 1958 2639 sensu

258 2689 283 2726 v.
299 2675 339 2725 38.
354 2674 469 2724 vocatur
483 2670 612 2722 dominas
624 2669 729 2736 ascesis,
749 2671 798 2739 qai
810 2673 931 2725 estradis
946 2674 1093 2740 operarios
1120 2688 1153 2726 ac
1166 2678 1294 2742 respectu
1308 2676 1423 2724 vocatur
1437 2669 1567 2722 dominas
1580 2670 1686 2743 messis,
1705 2671 1836 2723 dominas
1851 2671 1958 2737 cineae,

259 2759 288 2809 irs
312 2757 420 2809 alaeam
445 2773 533 2810 msam.
576 2755 674 2810 Mattb.
697 2761 742 2825 13,
766 2775 791 2809 v.
822 2762 862 2812 21.
888 2759 1093 2825 ο1κοι1εσιιόιης,
1115 2757 1340 2827 paterfamilias,
1358 2755 1488 2824 apricola
1506 2759 1559 2811 eta.
1577 2754 1706 2809 nimirum
1720 2753 1788 2826 quia
1800 2755 1958 2811 nouaclum

258 2843 305 2912 qui
325 2841 410 2897 servis
428 2841 571 2912 prohibet,
595 2859 629 2894 aa
654 2842 790 2909 collipaat
807 2843 931 2907 abacia,
956 2852 1041 2915 atque
1060 2861 1093 2898 eo
1119 2859 1211 2897 servos
1229 2858 1292 2896 suos
1311 2841 1477 2912 propbetas,
1505 2841 1655 2895 sedetiam
1674 2830 1822 2896 novissime'
1840 2842 1957 2897 unicam

184 2976 188 2984 .
259 2929 318 2997 ipso
345 2945 375 2982 se
405 2927 545 2981 dominum
571 2927 667 2981 messis
693 2943 752 2982 esse
775 2927 884 2998 probat.
926 2929 1026 2984 Matth.
1051 2934 1093 2998 211,
1118 2944 1152 2982 ac
1171 2927 1302 2983 dilectum
1321 2941 1402 2980 sunm
1419 2925 1536 2994 Filium,
1556 2925 1654 2980 Matth.
1674 2931 1724 2993 21,
1749 2944 1774 2979 ι.
1801 2931 1844 2982 31.
1863 2927 1952 2986 Marc.

259 3029 284 3069 v.
314 3020 335 3068 1.
356 3010 567 3080 οἰκοδεσπότης,
592 3013 640 3082 qui
664 3015 810 3080 operarios
829 3015 912 3067 mittit
937 3017 966 3068 ιἰι
985 3017 1093 3069 cineam
1122 3021 1168 3082 12,
1191 3030 1215 3066 v.
1242 3019 1267 3069 6.
1293 3012 1362 3068 Luc.
1388 3018 1436 3077 20,
1460 3030 1485 3067 v.
1511 3016 1550 3066 13.
1576 3017 1629 3066 etc.
1647 3010 1677 3064 in
1694 3012 1802 3066 vineam
1821 3014 1958 3070 ecclesiae

258 3115 348 3155 auam.
382 3095 482 3152 Matth.
503 3103 551 3165 21,
570 3102 660 3180 ιι..33.
679 3099 888 3167 οἰκοδεσπότης,
916 3101 964 3171 qui
979 3101 1093 3171 plantat
1119 3100 1201 3154 misit.
1239 3105 1262 3153 2.
1283 3098 1345 3154 Cor.
1365 3105 1389 3166 5,
1407 3116 1432 3153 v.
1456 3102 1498 3152 18:
1518 3098 1602 3149 Deae
1619 3113 1670 3150 aas
1687 3097 1885 3153 recoacsliaar't
1903 3101 1959 3153 siti

258 3187 366 3236 vincam
390 3191 416 3237 et
440 3184 523 3236 mittit
546 3198 642 3236 servos
665 3200 731 3236 eaas
748 3184 783 3237 ad
802 3185 954 3255 agricolas,
974 3192 1006 3240 ut
1022 3186 1093 3240 acci-
1114 3202 1171 3254 per
1188 3186 1287 3238 Jesam
1306 3184 1446 3238 Clrrsbtam
1466 3191 1492 3237 ct
1511 3185 1591 3236 dedit
1608 3182 1689 3236 notis
1709 3184 1899 3239 ministeriam
1913 3204 1956 3241 re·

259 3272 336 3340 piant
359 3268 465 3322 fluctus
485 3269 555 3337 ejus.
591 3267 686 3323 Lucae
711 3274 756 3333 13,
781 3287 806 3321 ι.
835 3275 858 3325 8.
885 3270 1011 3325 dominus
1036 3271 1093 3341 ille,
1119 3270 1332 3324 conciliationis.
1374 3267 1437 3323 Gal.
1459 3275 1481 3337 1,
1498 3286 1523 3323 v.
1548 3274 1592 3322 16:
1619 3271 1699 3322 Deae
1716 3270 1826 3323 vocavit
1845 3287 1957 3341 mapsa

260 3356 308 3427 qui
333 3355 414 3408 babet
436 3355 521 3422 ficum
542 3353 705 3422 plantatam
728 3355 759 3407 ia
776 3357 859 3408 cinea
877 3374 930 3408 aaa
950 3362 977 3411 et
995 3357 1093 3411 cultori
1118 3358 1242 3424 qratiam
1261 3373 1349 3423 raam,
1367 3362 1398 3407 at
1417 3354 1554 3408 revelarat
1577 3355 1686 3408 illium
1703 3373 1782 3408 suam
1801 3356 1831 3409 ιἰι
1851 3375 1908 3427 me,
1927 3367 1955 3412 ιιι

260 3440 370 3506 vineae,
395 3441 432 3508 τῷ
457 3438 658 3512 ἀμπελουργῷ,
677 3438 727 3493 dat
746 3439 775 3492 in
799 3440 949 3508 mandatis,
977 3448 1009 3495 at
1033 3458 1093 3496 eam
1119 3444 1209 3512 ipram
1232 3459 1287 3510 per
1318 3441 1490 3508 evaaycls'am
1513 3441 1716 3508 praedicarem
1748 3441 1824 3494 inter
1851 3430 1976 3510 pentus

262 3525 355 3581 fodiat.
391 3523 493 3580 Johan.
515 3530 561 3593 15,
584 3543 610 3578 v.
633 3530 655 3579 1.
680 3525 814 3599 γεωργὸς,
835 3527 983 3594 apricola,
1001 3527 1095 3598 quiin
1119 3528 1207 3582 Filius
1233 3534 1275 3582 est
1298 3543 1419 3598 persona
1444 3526 1559 3598 loquens
1582 3542 1645 3580 cnm
1662 3524 1789 3596 patribus
1807 3527 1847 3582 ab
1868 3527 1956 3598 initio,
1967 3538 2004 3579 aa

262 3609 396 3680 spirituali
416 3609 462 3662 illo
481 3615 608 3682 γεωργίῳ
632 3609 718 3665 babet
733 3627 797 3664 suos
816 3611 974 3682 συνεργούς,
995 3618 1016 3666 1.
1031 3611 1093 3668 Cor.
1120 3613 1193 3668 unde
1212 3612 1294 3666 etiam
1314 3611 1410 3681 Λόγος
1432 3617 1461 3666 et
1483 3612 1512 3666 in
1532 3611 1685 3666 chaldaica
1701 3611 1857 3668 Bibliorum
1875 3631 1956 3686 para·

262 3702 292 3764 8,
315 3713 341 3751 v.
360 3701 383 3750 9.
420 3700 444 3749 4.
468 3696 519 3747 Ad
541 3696 681 3763 petendos
710 3714 728 3749 a
755 3699 819 3750 Deo
839 3706 970 3766 pactores
995 3699 1093 3751 tacita-
1119 3699 1212 3770 phrasi
1238 3698 1368 3751 Memrals
1395 3696 1558 3767 appellatur.
1595 3696 1667 3754 Gen.
1690 3703 1720 3767 3,
1744 3715 1769 3752 v.
1799 3705 1824 3755 8.
1853 3699 1957 3755 Psalm.

262 3788 360 3836 mama.
396 3778 494 3834 Mattb.
513 3786 543 3845 9,
568 3796 593 3832 ι.
618 3785 659 3835 38.
687 3779 812 3836 Christus
832 3799 881 3838 nos
900 3784 1040 3854 hortatur,
1063 3790 1096 3839 ut
1125 3792 1180 3855 110,
1199 3802 1224 3838 v.
1244 3791 1266 3840 1.
1283 3783 1383 3839 lohan-
1404 3789 1432 3853 1,
1456 3801 1481 3839 v.
1504 3789 1525 3840 1,
1545 3789 1597 3839 etc.
1633 3784 1765 3840 Irenaeus
1783 3783 1846 3840 libr.
1866 3793 1892 3841 4.
1910 3788 1958 3841 sd·

263 3867 418 3920 Dominam
435 3866 533 3918 messis
557 3881 700 3931 ropcmas,
725 3883 779 3936 quo
798 3870 939 3938 operarios
958 3871 1050 3926 mittat
1066 3870 1095 3924 in
1121 3887 1216 3927 versus
1236 3869 1340 3924 haeres.
1358 3887 1381 3923 c.
1404 3876 1442 3924 14.
1461 3888 1489 3939 p.
1511 3875 1569 3925 242.
1595 3886 1678 3941 super
1696 3871 1783 3926 verba
1799 3871 1900 3929 Mattb.
1921 3879 1960 3941 11,

263 3953 372 4006 vineam
395 3967 482 4006 suam.
525 3951 558 4004 In
577 3950 712 4005 Actorum
741 3954 954 4022 apostolicorum
980 3956 1095 4011 historie
1122 3975 1147 4012 v.
1168 3964 1213 4013 26:
1244 3958 1333 4009 Nemo
1361 3958 1501 4026 cognoscit
1533 3957 1641 4010 liliam
1663 3957 1722 4010 aiei
1744 3958 1848 4026 Pater,
1868 3976 1959 4029 aeque

264 4038 380 4108 legitur,
405 4034 550 4091 ecclesiam
567 4052 673 4104 orasse,
699 4038 812 4106 quando
837 4046 961 4109 pastores
982 4040 1097 4096 fuerunt
1122 4045 1239 4097 Patrem
1256 4043 1314 4096 aiei
1330 4042 1425 4095 Filius
1454 4050 1479 4095 et
1500 4042 1547 4095 cai
1572 4043 1692 4096 voluerit
1708 4043 1805 4097 Filias
1821 4045 1958 4100 revelare.

263 4122 391 4193 eligendi.
429 4120 533 4185 Quodsi
546 4121 663 4192 igitura
683 4122 744 4178 Deo
760 4125 873 4193 petendi
886 4131 951 4180 sant
963 4132 1096 4196 pastores,
1123 4129 1298 4184 Recclaoers't
1321 4127 1429 4199 (inquit)
1454 4146 1510 4182 aaa
1533 4129 1623 4182 solam
1646 4128 1677 4180 s'a
1697 4129 1827 4194 futuram
1851 4132 1959 4185 dictam

265 4211 361 4280 utique
378 4207 461 4262 etiam
477 4208 537 4278 ipse
557 4213 606 4275 est,
624 4207 673 4279 qui
684 4208 797 4265 idoneos
812 4210 951 4265 ministros
963 4213 1096 4269 ecclesiae
1123 4223 1171 4284 ert,
1184 4215 1269 4284 quasi
1279 4221 1344 4267 tuac
1357 4214 1492 4282 inceperet
1511 4214 1625 4267 Verbum
1634 4215 1817 4279 manifestare
1830 4215 1960 4287 Patrem,

265 4311 331 4349 auae
355 4294 452 4358 mittit,
479 4309 534 4365 quo
559 4293 679 4364 pertinet
702 4294 789 4365 illud,
820 4296 896 4366 quod
926 4298 1039 4367 quidam
1063 4317 1096 4354 ex
1123 4319 1184 4355 cam
1208 4303 1244 4354 ds
1275 4300 1375 4353 Maria
1396 4306 1492 4362 mem,
1524 4301 1577 4351 sed
1593 4301 1775 4354 commassster
1788 4317 1842 4370 per
1870 4309 1960 4357 tetam

124 4404 204 4447 xm,
217 4380 397 4452 coapostolis
421 4379 512 4434 dictus
536 4378 590 4435 fuit
614 4380 767 4445 Matthias,
790 4381 820 4435 id
843 4387 886 4437 est
907 4382 961 4438 Dei
985 4383 1095 4439 donum.
1124 4394 1230 4455 tempas
1244 4386 1370 4454 positam
1390 4391 1438 4438 est.
1474 4385 1519 4437 Ab
1532 4385 1613 4439 initio
1626 4385 1699 4438 caim
1713 4387 1848 4440 assistens
1861 4388 1961 4444 Fatus

265 4475 288 4523 5.
309 4467 405 4536 ipsius
419 4482 542 4537 praaeoc
559 4466 724 4521 testimonia.
758 4467 836 4521 Deua
856 4468 929 4523 enim
941 4486 996 4524 non
1008 4472 1096 4525 solum
1123 4491 1173 4526 eac
1187 4472 1329 4541 plaemata'
1340 4470 1446 4525 revelat
1465 4471 1590 4524 amathas
1604 4473 1728 4536 Patrem,
1747 4473 1921 4541 autemeam
1934 4486 1961 4530 et

266 4556 325 4623 ipse
347 4552 376 4606 in
394 4552 508 4623 propria
530 4567 648 4622 persona
667 4552 784 4607 docendi
804 4553 896 4609 officio
914 4554 1027 4612 functas
1046 4564 1096 4626 est,
1123 4562 1237 4628 quando
1257 4559 1317 4611 vult
1331 4565 1356 4611 et
1370 4559 1603 4626 quemadmodum
1615 4558 1675 4612 cult
1687 4558 1783 4628 Pater,
1801 4567 1828 4613 et
1836 4572 1962 4632 propter

265 4638 377 4709 quando
400 4638 490 4692 adbuc
517 4638 547 4691 in
573 4644 648 4692 stetu
674 4637 840 4708 integritatis
865 4640 955 4710 legem
982 4642 1017 4696 de
1040 4660 1096 4698 nan
1123 4646 1174 4715 loc
1200 4646 1231 4698 io
1256 4644 1380 4699 omnibus
1406 4652 1431 4696 et
1447 4659 1499 4711 per
1517 4644 1612 4698 amaia
1636 4661 1708 4698 anas
1726 4647 1807 4698 Deae
1824 4647 1916 4701 Pater
1934 4657 1961 4702 et

251 4722 434 4778 »comedendo
462 4723 564 4778 vetitae
582 4721 702 4786 arboris
732 4722 825 4779 fructu
852 4728 1038 4798 promulgavit
1068 4735 1097 4783 et
1123 4750 1206 4785 esaum
1231 4732 1343 4784 verbam
1370 4738 1395 4783 et
1419 4745 1490 4781 unas
1516 4729 1611 4783 Filias
1636 4739 1661 4784 ct
1684 4749 1756 4785 ιιιιιιιι
1781 4730 1911 4801 Spiritus
1935 4744 1961 4788 et

263 4815 327 4881 post
363 4808 471 4880 lapsum
505 4808 712 4880 promissionem
744 4809 779 4864 de
813 4812 961 4868 benedicto
992 4814 1096 4870 semine
1123 4818 1268 4882 aaafides
1288 4815 1411 4868 stralus
1431 4814 1556 4868 omoibas
1575 4816 1752 4869 credemibus
1771 4816 1802 4870 s'a
1820 4833 1891 4872 eam.
1932 4817 1961 4871 is

263 4894 385 4948 mulieris
411 4911 444 4949 ex
472 4912 575 4950 arcana
605 4893 760 4950 divinorum
791 4897 968 4953 consiliorum
994 4900 1096 4970 abysso
1124 4907 1166 4958 est
1185 4901 1301 4970 capetus
1320 4899 1436 4954 aPatre
1452 4899 1559 4972 missua,
1579 4901 1627 4970 qai
1644 4900 1796 4970 praecessit
1814 4900 1961 4958 Israiilitaa

263 4979 420 5052 proposuit,
449 4981 498 5036 sed
521 4982 605 5037 etiam
625 4981 742 5036 docendi
760 5000 859 5037 munus
877 4984 938 5039 aliis
959 5002 1095 5042 commen·
1123 5006 1156 5043 ex
1173 4988 1306 5057 Aegypto
1326 4985 1499 5056 egredientes
1520 5002 1622 5058 eosque
1639 5003 1689 5056 per
1706 4987 1846 5044 desertum
1862 4989 1962 5045 eduxit

263 5067 355 5133 davit,
382 5067 522 5122 Adamum
557 5075 586 5123 et
615 5069 736 5138 reliquos
765 5069 936 5139 patriarchas
963 5073 1095 5128 ecelesiae
1123 5080 1151 5127 ct
1169 5071 1268 5126 deletis
1286 5070 1441 5125 Cananaeis
1459 5069 1488 5124 in
1508 5077 1608 5125 terram
1621 5071 1784 5143 promissam
1797 5074 1962 5146 introduxit,

263 5170 338 5221 suso,
361 5168 433 5224 quae
444 5152 556 5208 familiis
568 5155 689 5224 ipsorum
700 5155 759 5210 fere
772 5155 878 5210 inclusa
891 5163 958 5225 erat,
971 5157 1096 5214 doctores
1125 5156 1209 5211 Exod.
1230 5162 1271 5226 23,
1289 5175 1315 5209 v.
1329 5162 1370 5211 23.
1387 5172 1411 5212 c.
1432 5163 1473 5226 33,
1493 5174 1518 5210 v.
1532 5162 1556 5214 2.
1569 5157 1633 5211 Esa
1648 5162 1690 5221 63,
1708 5174 1736 5213 v.
1749 5166 1774 5215 9.
1794 5176 1828 5215 sc
1840 5161 1961 5231 proinde

262 5237 456 5309 praeficiendo,
476 5239 593 5309 Moysen
613 5246 642 5293 et
658 5240 808 5311 prophetas
826 5242 962 5297 mittendo
990 5260 1023 5297 ac
1042 5245 1093 5299 Le-
1124 5243 1206 5297 etiam
1231 5243 1254 5297 is
1278 5249 1333 5309 est,
1358 5243 1405 5314 qui
1434 5243 1471 5296 ad
1497 5243 1612 5313 Moysen
1636 5249 1665 5298 et
1682 5244 1824 5301 Israelitas
1850 5247 1962 5303 locutus

263 5323 375 5378 viticum
403 5323 586 5380 sacerdotium
615 5326 820 5395 constituendo,
851 5345 906 5399 qua
932 5328 1036 5384 ratione
1065 5329 1094 5384 in
1127 5329 1217 5384 estin
1238 5335 1329 5385 monte
1351 5329 1437 5400 Sinai,
1456 5329 1543 5384 Exod.
1566 5336 1609 5395 111,
1629 5348 1656 5386 ι.
1679 5335 1717 5387 ts.
1738 5331 1801 5389 Act.
1822 5339 1853 5401 1,
1871 5352 1898 5389 v.
1918 5340 1962 5392 38.
