4020 6014
141 311 201 368 tea
711 305 833 363 LOCUS
852 301 1056 362 VICESIMUS
1077 303 1257 368 QUARTUS

140 456 182 512 uti
211 457 286 514 Phil
319 458 479 514 Melanthos
516 459 545 513 in
582 460 650 514 locis
680 476 741 529 cap.
776 459 811 514 de
848 460 973 531 magistr.
1002 459 1130 514 cessaria.
1165 457 1326 528 Evangelici
1348 459 1396 526 jus
1423 456 1489 510 belli
1515 454 1690 525 magistratui
1713 470 1842 509 meren·

142 544 297 614 Wigrmdus
317 545 345 599 in
364 544 502 615 Anahapt.
523 545 613 601 etalii
631 546 766 601 referunt.
804 546 917 611 Quanta
933 551 974 598 ta·
994 550 1045 599 tes
1059 549 1239 615 propugnant
1252 559 1370 598 errorem
1382 560 1446 596 cum
1466 540 1626 596 obedientia
1644 540 1846 595 mandatorum

141 646 203 683 men
221 646 315 684 eorum
332 631 361 683 in
380 629 590 684 Monasteriensi
611 631 756 685 obsidione
774 631 859 685 fuerit
876 631 975 684 crude·
1003 631 1105 685 Christi
1133 637 1302 701 pugnantem
1326 647 1359 685 er
1383 627 1507 699 eJusdem
1532 626 1662 681 Ostorodi
1678 625 1842 696 hypothesi.

142 715 214 784 litas,
234 714 366 770 describit
384 715 529 771 Sleidanua
543 716 591 770 lib.
614 723 652 770 10.
672 722 816 771 comment
845 717 878 770 In
896 716 1079 788 libro‚'Ergo
1101 717 1307 786 amplectuutur
1330 731 1447 770 errorem
1473 712 1668 767 damnabilem.
1714 711 1843 767 Schmal·

142 816 224 871 quem
244 801 360 854 durante
378 800 522 856 obsidione
539 801 716 871 scripserunt,
739 803 791 856 sub
816 800 977 856 Restitutio·
988 757 990 863 l
1003 802 1074 856 tziua
1092 808 1179 856 contr.
1199 801 1308 855 Franta
1333 801 1403 870 disp.
1428 806 1452 854 6.
1477 799 1612 853 derebus
1631 798 1704 853 civil.
1722 816 1751 867 p.
1773 802 1842 853 393:

46 898 53 904 ·
141 884 185 938 nie
211 885 292 940 titulo
316 886 388 939 inter
414 891 507 939 cetera
525 886 639 956 docent,
669 889 722 940 etei
748 889 856 941 nullum
876 887 974 940 labue-
988 871 991 936 l
1006 889 1089 950 Quod
1119 888 1192 941 bella
1220 903 1317 956 perere
1343 887 1441 953 liceat,
1480 902 1613 951 nepamus
1629 893 1666 937 et
1692 884 1843 950 indiqnum

142 971 201 1023 rint
220 970 344 1039 apaetoli
361 974 525 1024 mandatum
548 976 733 1041 usurpandae
753 973 976 1042 jurisdictionis,
1004 973 1167 1027 Christiana
1190 974 1297 1042 pietate
1327 989 1385 1024 ease
1421 972 1619 1025 cmitendimus.
1649 969 1723 1024 adde
1755 968 1842 1023 eund.

142 1064 233 1110 tamen
246 1074 302 1119 aaa,
322 1058 372 1126 qui
384 1075 456 1110 nunc
469 1067 542 1126 eunt,
562 1060 697 1112 ecciesiae
715 1058 976 1135 ministroeffdehere
1002 1065 1098 1113 contra
1126 1059 1195 1128 disp.
1227 1065 1251 1112 l.
1278 1058 1398 1128 priorem
1429 1058 1464 1111 de
1490 1056 1555 1112 bon.
1583 1054 1688 1126 operib.
1717 1072 1746 1125 p.
1779 1059 1840 1110 243.

140 1141 195 1194 aiii
211 1158 319 1195 sumere
331 1143 378 1209 ius
390 1142 485 1209 plactii
498 1160 605 1212 perque
621 1144 676 1196 uim
688 1145 855 1197 constituere
875 1160 976 1196 novam
1004 1152 1027 1198 5.
1046 1144 1271 1199 Photinianorum
1295 1143 1414 1213 vestigia
1437 1143 1537 1212 premit
1566 1142 1718 1211 Weipeliue
1736 1141 1839 1196 Svenc·

140 1228 348 1295 rempublicam.
1001 1228 1141 1282 feldianua
1161 1230 1190 1283 in
1206 1228 1308 1298 postill.
1328 1228 1356 1281 in
1376 1228 1474 1296 explic.
1494 1227 1619 1297 evangel.
1638 1225 1720 1282 Dom.
1740 1224 1840 1279 XXII.

176 1313 1066 1385 385.l.AnabaptistarumvestigiisinsistuntPhotiniaui.post
1096 1313 1194 1368 Trinit.
1224 1333 1251 1383 p.
1279 1319 1338 1368 329.
1367 1314 1414 1368 ubi
1442 1313 1538 1368 iridem
1567 1312 1640 1366 bella
1668 1310 1840 1365 defensionis

141 1399 258 1454 Socinus
276 1400 304 1452 in
325 1399 397 1454 libro
415 1401 489 1468 quod
508 1399 616 1470 Evang.
634 1398 808 1454 Photinianis
827 1416 857 1453 ae
875 1398 973 1468 adjus»
1002 1417 1067 1471 ergo
1093 1407 1222 1471 suscepta
1247 1400 1392 1469 improbat.
1429 1407 1453 1458 o.
1478 1399 1599 1462 Quidam
1624 1413 1657 1451 ex
1683 1394 1841 1451 Pontificiis

140 1499 207 1555 gere
226 1485 347 1538 debeant
365 1501 426 1555 cap.
446 1490 470 1539 3.
489 1503 515 1555 p.
538 1491 577 1539 tt.
597 1485 669 1538 inter
686 1502 727 1552 ea,
748 1501 819 1554 quae
836 1485 865 1537 in
885 1484 975 1537 Evan-
1001 1486 1075 1539 bella
1093 1486 1175 1539 etiam
1194 1484 1317 1556 legitima
1337 1485 1466 1538 videntur
1494 1485 1648 1537 damnasse.
1686 1479 1840 1552 “Grego-

140 1567 292 1640 gelicorum
313 1570 447 1640 religione
468 1588 531 1624 cum
544 1569 646 1625 Christi
665 1568 822 1639 praeceptis
839 1575 974 1639 pugnant,
1001 1571 1057 1624 rius
1085 1569 1151 1627 VII.
1176 1567 1300 1640 pontifex
1330 1569 1470 1624 Romnum
1501 1585 1525 1625 c.
1545 1568 1642 1621 Falsas
1666 1568 1730 1622 diat.
1759 1574 1782 1622 5.
1802 1566 1839 1619 de

140 1652 223 1708 etiam
242 1655 295 1709 hoc
315 1655 408 1718 refert,
426 1658 504 1724 quod
520 1658 576 1709 uim
593 1657 622 1708 ui
633 1655 770 1724 repellere
789 1673 823 1708 ac
840 1656 975 1709 hominem
1002 1655 1110 1725 poenit:
1129 1656 1185 1709 Illi
1203 1656 1252 1723 qui
1271 1663 1395 1709 exercent
1418 1655 1571 1722 mapalium,
1595 1655 1673 1722 quod
1694 1654 1755 1705 eine
1772 1669 1840 1720 pec-

141 1741 227 1793 etiam
245 1741 400 1804 interficere
413 1742 505 1809 liceat,
525 1743 552 1794 ai
571 1742 656 1794 aliter
667 1742 710 1794 uie
728 1740 832 1809 repelli
850 1750 975 1810 neqeunt,
1002 1749 1064 1794 cato
1080 1759 1137 1794 non
1151 1748 1245 1809 potest
1265 1741 1395 1809 exerceri,
1414 1758 1468 1793 non
1482 1749 1546 1792 eunt
1557 1756 1676 1809 capanea
1691 1737 1839 1808 poeniten·

139 1827 310 1897 praesertim
328 1844 393 1879 uero
414 1843 476 1880 cum
498 1827 598 1880 bellum
623 1827 757 1895 injustum
779 1828 860 1880 nobis
885 1828 974 1891 infcr—
1002 1827 1065 1893 tiae,
1084 1828 1262 1894 nieineqotio
1275 1827 1417 1896 ejusmodi
1434 1827 1600 1888 renuntient,
1617 1825 1665 1876 ubi
1682 1823 1839 1890 exemplum

143 1919 195 1965 tur.
233 1911 270 1965 Et
290 1918 399 1980 postea:
422 1912 533 1964 Mirum
553 1921 607 1977 eet,
627 1915 703 1979 quod
721 1912 892 1979 Euanpelici
911 1921 975 1965 trine
999 1914 1114 1980 ponitur
1131 1916 1166 1966 de
1183 1914 1277 1967 milite.
1285 1914 1317 1947 *⁴²
1357 1912 1487 1965 Erasmus
1512 1911 1540 1964 in
1567 1916 1659 1965 annot.
1679 1926 1703 1963 c.
1724 1914 1747 1964 3.
1766 1907 1836 1963 Luc.

140 1997 318 2066 potissimum
349 1998 501 2049 humanum
528 1999 691 2065 sanquinem
718 1999 839 2058 fundere
864 2000 975 2067 populo
1001 2014 1065 2069 pag.
1090 2004 1154 2054 126:
1187 1999 1349 2052 Ridiculum
1368 2006 1421 2062 eet,
1450 1999 1527 2066 quod
1551 1998 1667 2065 qnidam
1693 2011 1725 2047 er
1743 1994 1837 2047 uerbis

145 2082 307 2137 Christiano
319 2083 498 2151 permittunt,
525 2084 568 2136 uel
583 2083 678 2151 potius
694 2085 887 2152 praecipiunt,
913 2099 975 2136 cum
1003 2084 1164 2152 Baptistae,
1183 2085 1329 2137 Neminem
1347 2083 1513 2136 concutiaris
1532 2087 1585 2136 etc.
1604 2082 1727 2149 probare
1745 2080 1837 2131 nitun-

142 2169 260 2222 mact'me
278 2169 401 2222 homines
419 2185 483 2221 uere
508 2168 663 2221 Chrutiani
684 2187 739 2221 non
759 2170 899 2237 alienum,
924 2172 976 2223 sed
1002 2178 1046 2221 tur
1068 2170 1181 2239 bdlrrm,
1205 2172 1289 2239 quari
1306 2170 1453 2223 Joitannee
1479 2169 1548 2221 baec
1574 2167 1678 2220 dicerit
1699 2167 1837 2220 Chriatia·

141 2271 220 2306 suum
238 2255 402 2323 sanquinem
421 2255 560 2319 fundere,
585 2255 669 2323 idque
693 2273 748 2307 nan
768 2256 857 2308 armis
874 2273 975 2308 carna·
1001 2255 1045 2308 nie
1070 2272 1105 2308 ac
1121 2274 1186 2317 ‚non
1212 2256 1308 2325 potirer
1326 2255 1439 2308 ethnicae
1463 2262 1513 2305 aut
1530 2261 1605 2306 certe
1618 2252 1837 2321 profusissimis

120 2324 213 2392 'lum
237 2341 423 2407 proeliando,
449 2343 501 2392 aed
526 2340 723 2408 spiritualibus
749 2349 857 2394 tantum
877 2342 974 2402 armti,
1001 2342 1123 2395 Judaeie
1141 2349 1191 2397 etc.
1230 2341 1297 2402 eria
1309 2350 1400 2410 negat,
1419 2341 1542 2394 Judaeie
1559 2338 1725 2408 permissum
1739 2339 1837 2403 sitisse

140 2425 192 2479 boc
210 2434 250 2479 eat
262 2427 338 2494 fia'e,
355 2427 509 2493 patientia,
535 2426 706 2487 comitantia.
733 2443 783 2495 spe
802 2428 906 2479 utendo
920 2444 974 2496 pa·
1001 2427 1116 2490 bellum,
1141 2429 1193 2480 red
1210 2428 1326 2494 iisdem,
1349 2429 1447 2495 quibua
1467 2427 1638 2495 permirtum
1660 2424 1719 2488 filu
1738 2423 1837 2475 odium

139 2512 201 2565 rati
217 2527 277 2565 ease
299 2512 409 2578 debent,
437 2519 502 2563 tunc
524 2512 663 2574 uidelicet,
685 2530 746 2564 mim
772 2512 884 2565 diuinae
903 2512 973 2563 veri·
1000 2512 1126 2566 inimici?
1152 2513 1305 2567 Bellabant
1325 2514 1442 2576 Judaei,
1462 2515 1514 2566 sed
1526 2513 1612 2582 jussu
1631 2508 1778 2574 Numinis,
1798 2527 1836 2561 an

140 2597 207 2650 tatia
236 2598 329 2650 hostes
353 2597 453 2650 nolunt
479 2597 540 2650 itta
564 2598 742 2664 peratittere,
774 2605 806 2649 ut
832 2599 925 2650 Deum
949 2605 974 2649 et
1000 2599 1034 2650 ab
1057 2598 1091 2651 td
1112 2598 1237 2652 columae
1264 2597 1439 2651 Obrietianoe
1474 2605 1573 2651 contra
1596 2595 1702 2650 Circeii
1719 2596 1837 2663 jureum

142 2683 283 2739 Christum
295 2698 370 2752 pure
388 2684 490 2750 colant,
510 2685 562 2737 aed
577 2685 608 2736 ai
627 2692 652 2736 et
672 2684 760 2735 armis
778 2682 844 2734 illos
862 2683 903 2733 ari
924 2681 972 2733 im·
1001 2684 1185 2754 belliperarii
1205 2685 1234 2737 in
1256 2690 1350 2741 annot.
1372 2700 1432 2753 cap.
1452 2689 1493 2739 22.
1512 2683 1580 2738 Luc.
1599 2698 1626 2752 p.
1649 2687 1712 2735 157:
1739 2681 1836 2748 Augu·

46 2791 54 2814 r
136 2769 204 2840 pice
226 2769 317 2822 ciritae
339 2770 456 2836 adipere
474 2770 584 2832 uolunt,
612 2785 695 2840 quem
720 2772 802 2822 vocat
825 2768 973 2822 marimum
999 2769 1088 2822 atinae
1107 2770 1201 2823 multra
1221 2771 1292 2825 locis
1307 2768 1465 2822 Christiane
1486 2768 1589 2820 bellum
1608 2769 1763 2821 Mactatur
1782 2773 1835 2820 etc.

140 2860 169 2910 et
186 2855 449 2925 perniciosissimum
467 2854 496 2908 in
513 2853 671 2908 Christiana
689 2853 824 2924 religione
843 2870 971 2908 errorem.
999 2854 1108 2909 interim
1125 2873 1153 2924 p.
1174 2860 1231 2911 tae.
1251 2856 1391 2926 quandam
1407 2853 1604 2908 correctionem
1623 2853 1714 2907 addit:
1735 2853 1836 2920 Neque

140 2939 291 2996 Ottorodus
311 2941 339 2994 in
357 2940 444 2998 instit.
464 2939 557 2994 Germ.
575 2956 635 3010 cap.
657 2945 698 2994 27.
719 2956 793 2993 num.
813 2945 836 2994 i.
856 2958 883 3009 p.
908 2945 971 2993 tlte
998 2957 1144 2994 varocum
1163 2942 1232 2994 haec
1253 2942 1325 3010 dico,
1339 2943 1392 3010 jue
1411 2942 1507 2993 adimo
1521 2940 1702 3010 principilia
1714 2939 1837 3006 per-endi

139 3026 197 3083 iilic
216 3027 352 3088 telennen.
375 3028 425 3096 bul
446 3031 475 3082 ea
503 3027 558 3081 eine
584 3026 686 3094 latren
704 3027 787 3095 &rape
813 3025 861 3093 let,
888 3025 972 3094 uelde
999 3028 1072 3090 letti,
1092 3029 1175 3081 modo
1199 3027 1359 3081 Christiane
1377 3034 1500 3096 quatur.
1529 3025 1700 3079 *anassem
1718 3025 1747 3078 in
1761 3041 1835 3094 resp.

140 3111 224 3167 blaten
252 3113 481 3182 gottealllnlpttgen
507 3113 560 3168 unt
585 3112 714 3180 petebatur
738 3112 833 3167 teuton
865 3112 889 3177 ie
919 3112 972 3165 unt
998 3114 1034 3167 ad
1071 3114 1142 3166 hanc
1179 3119 1301 3169 controv.
1358 3113 1503 3167 Erasmum
1537 3126 1670 3166 excusare
1707 3115 1833 3178 conatur,

140 3199 245 3267 adaeqe
263 3199 314 3254 niel
338 3213 367 3265 pu
394 3200 500 3267 idolica
523 3199 647 3266 gemunt,
675 3198 706 3251 ab
732 3198 774 3251 ber
795 3197 872 3264 iirieg
891 3197 972 3251 anem
999 3199 1078 3269 quasi
1104 3198 1177 3254 bella
1201 3198 1419 3253 Christianorum
1444 3196 1601 3267 principum
1620 3195 1692 3249 inter
1718 3211 1748 3248 se
1771 3203 1833 3249 tan-

140 3284 257 3355 Cbtilten
277 3284 325 3350 itti
344 3285 398 3338 uni
416 3285 533 3338 etlaubet
551 3282 605 3347 lei?
631 3282 710 3337 iberia
735 3287 763 3337 et
788 3282 870 3351 etiicln
896 3281 973 3346 bullit
998 3293 1057 3338 tum
1076 3291 1252 3351 exsecretur,
1269 3283 1354 3352 idque
1372 3282 1473 3352 prohat
1492 3298 1525 3335 ex
1543 3280 1587 3334 hia
1606 3280 1714 3335 Erasmi
1732 3280 1835 3342 verbis,

141 3370 275 3439 geleiten,
296 3370 346 3436 tals
369 3371 412 3422 iet
431 3367 507 3435 iirieg
528 3367 609 3422 tinent
630 3367 747 3435 Chaliten
768 3368 834 3436 nicht
852 3367 973 3422 calatin
999 3387 1070 3439 quae
1097 3371 1149 3424 sub
1176 3368 1259 3423 finem
1289 3385 1356 3423 auae
1388 3369 1415 3422 in
1449 3368 1645 3438 belligerantes
1680 3367 1834 3421 invectivae

139 3455 182 3522 lei,
203 3455 284 3523 allide
300 3455 360 3509 abet
380 3456 430 3508 bai
451 3453 610 3521 &egealpiel
646 3454 702 3507 uni
716 3454 747 3507 ab
761 3454 830 3522 tuabi
843 3454 881 3507 tie
893 3454 972 3517 ersten
999 3455 1143 3526 subjunxit
1163 3455 1191 3508 in
1210 3461 1302 3509 annet.
1325 3471 1348 3509 c.
1368 3459 1409 3510 22.
1431 3454 1496 3508 Luc.
1518 3473 1544 3525 p.
1569 3459 1629 3508 158:
1651 3456 1748 3522 Neque
1767 3472 1833 3508 uero

140 3541 180 3596 bie
199 3542 301 3609 meister
321 3541 457 3596 &linimen
475 3540 569 3608 baben,
595 3540 693 3607 {emolpi
711 3539 750 3593 let
769 3539 906 3607 (brithalm
928 3543 973 3595 ali
999 3559 1061 3594 cum
1078 3542 1146 3595 haec
1165 3543 1302 3610 dico,jue
1319 3542 1415 3594 adimo
1430 3539 1609 3609 principibus
1626 3541 1745 3609 parendi
1759 3541 1833 3609 belli,

140 3628 319 3696 Uageltbrittt.
340 3628 367 3692 io
383 3627 465 3692 buben
487 3625 544 3693 both
562 3625 623 3693 autb
637 3624 787 3679 bitaubtttt
805 3626 872 3694 nicht
892 3627 973 3695 menig
1000 3629 1082 3680 modo
1113 3626 1273 3680 Christiane
1307 3635 1432 3697 peretur.
1479 3629 1648 3679 Laudentur
1682 3627 1834 3680 Ambrosio

140 3711 349 3780 qantallrdtiqe
378 3710 431 3764 unt
462 3711 571 3778 gelehrte
597 3712 675 3766 ilenti
709 3711 816 3779 gelati.
847 3711 886 3766 bie
919 3712 974 3779 ibn
999 3727 1137 3780 caesares,
1155 3712 1244 3781 quiae
1259 3730 1314 3780 pro
1330 3715 1434 3765 tuenda
1448 3711 1610 3765 Christiana
1628 3712 1836 3780 tranquillitate

140 3797 268 3863 weiaunq
287 3794 426 3863 approbat
446 3795 535 3863 buben.
554 3812 618 3866 pag.
642 3801 703 3851 178:
721 3796 778 3851 ibit
798 3798 874 3864 pelen
894 3798 974 3851 banea
1000 3799 1135 3851 adumar
1154 3799 1288 3851 barbarae
1306 3815 1354 3851 cea
1381 3815 1489 3850 murum
1508 3812 1669 3864 apparuere,
1696 3805 1835 3851 ettamen

139 3882 245 3948 Delicti,
267 3883 293 3948 lo
315 3882 363 3936 beu
381 3881 458 3948 iitieg
476 3880 651 3950 improbiren,
671 3883 738 3951 nicht
753 3884 798 3946 lar
815 3885 973 3951 guibalten,
1000 3886 1074 3938 idem
1085 3892 1175 3952 nepai,
1193 3886 1315 3937 hoceaae
1329 3883 1465 3954 puritatis
1482 3883 1665 3949 evanqeiicae.
1693 3883 1752 3936 Sed
1764 3886 1836 3952 quiri

139 3967 171 4022 ob
189 3968 238 4023 toir
257 3967 326 4031 tosti
344 3964 507 4034 millanicis
525 3965 576 4020 bist
596 3967 651 4033 hiel
672 3977 720 4022 bor
740 3969 788 4023 ben
802 3969 870 4037 Capi
888 3968 974 4036 [roten
1001 3971 1070 4022 laec
1096 3972 1137 4022 ad
1153 3987 1219 4039 nos,
1246 3970 1296 4037 qui
1312 3970 1473 4022 sacerdotes
1491 3969 1549 4036 ipsi
1570 3967 1630 4021 aine
1642 3970 1703 4038 fine
1720 3969 1833 4037 bellipo-

138 4053 214 4117 atri,
235 4052 275 4106 tn
293 4052 362 4119 tuabi
386 4065 431 4104 itm
451 4052 528 4119 bieltt
550 4051 651 4121 einiger
670 4053 799 4121 illatam
823 4053 911 4108 millen
936 4053 974 4106 bie
1001 4073 1107 4120 ramur,
1133 4057 1219 4124 idque
1241 4073 1295 4124 pra
1317 4056 1443 4124 imperio,
1460 4071 1518 4122 pro
1538 4055 1667 4126 praeda,
1683 4071 1738 4123 pro
1758 4073 1833 4108 mun·

138 4136 866 4208 gangeCoufessionfelbttleidtllidpbettoetieninditu-
894 4138 973 4194 fflenn
1001 4143 1079 4194 dana
1102 4141 1216 4208 picria?
1250 4139 1350 4194 Confer
1374 4139 1491 4194 eundem
1516 4139 1661 4192 Erasmum
1681 4138 1710 4191 in
1729 4156 1792 4210 cap.
1809 4146 1832 4195 3.

140 4231 170 4280 et
190 4225 255 4278 mirb
284 4225 318 4291 ile
345 4224 458 4288 biiuien,
488 4225 538 4291 bais
567 4224 631 4293 bitte
655 4225 745 4292 ualere
768 4225 897 4294 ilieinunq
926 4226 1067 4327 boi,Luc.
1093 4243 1119 4295 p.
1146 4231 1203 4281 126.
1231 4232 1259 4279 et
1286 4242 1362 4295 seqq.
1382 4224 1492 4296 apolog.
1520 4225 1652 4278 adversus
1670 4224 1833 4295 rhapsodias

140 4311 252 4378 natalie
269 4325 298 4378 gu
323 4311 387 4365 abta
403 4311 486 4379 libre,
513 4312 567 4365 aab
592 4311 719 4378 uiletbiaq
743 4310 798 4365 eine
823 4310 974 4365 Confusion
1000 4311 1230 4365 calumniosarum
1250 4300 1482 4386 querimoniarum
1502 4311 1611 4364 Alherti
1631 4309 1674 4362 Pii
1693 4311 1831 4381 quondam

140 4397 261 4466 antidit.
296 4397 364 4452 aaa
385 4398 464 4464 lustra
480 4397 529 4451 tait
544 4397 603 4452 aher
618 4398 707 4465 thura?
724 4396 781 4452 uuir
794 4396 893 4451 lincea
908 4399 975 4466 uidit
999 4397 1149 4466 Carporum
1163 4397 1296 4467 principis
1310 4415 1337 4466 p.
1349 4403 1405 4452 ult.
1421 4403 1449 4451 et
1464 4398 1562 4467 saq.**
1587 4395 1695 4450 Comei.
1705 4394 1834 4466 Agrippa

140 4482 219 4538 niba
251 4483 341 4550 ualere
373 4482 570 4536 conscientiam
593 4484 677 4536 eilrat
701 4484 784 4536 treber
809 4484 885 4538 tehen
912 4486 972 4554 norb
999 4483 1033 4536 de
1050 4499 1111 4536 van.
1138 4482 1233 4537 acient.
1259 4499 1320 4552 cap.
1346 4489 1386 4538 te.
1412 4491 1501 4536 artem
1529 4482 1656 4534 beilaadi
1682 4500 1700 4533 a
1721 4481 1832 4536 Christo

140 4568 512 4637 settqnaqen,pntcna1ee
532 4582 578 4622 um
593 4566 797 4635 leudebertam
817 4570 860 4622 ber
875 4569 973 4625 debota
995 4569 1164 4637 protitumn
1186 4585 1244 4621 orsa
1267 4567 1396 4622 affirmat.
1447 4567 1538 4621 Addit
1561 4567 1746 4622 Bellarminua
1769 4567 1832 4622 ioh.

140 4653 235 4722 Christi
271 4654 324 4707 unb
343 4656 544 4720 consequenter
567 4666 612 4705 unt
637 4652 676 4706 bie
702 4652 780 4721 etaiqe
799 4654 924 4723 &eliquit
942 4671 972 4724 gu
999 4655 1114 4717 Fctum,
1147 4654 1195 4723 qni
1218 4653 1265 4707 lib.
1289 4660 1312 4708 4.
1338 4671 1435 4707 comm.
1461 4654 1488 4705 in
1513 4653 1610 4707 Mattlr.
1632 4670 1655 4708 c.
1677 4658 1717 4707 26.
1737 4653 1832 4707 itidem

12 4747 68 4790 ΧΠ.
80 4746 126 4788 tel.
140 4739 206 4809 tbun
227 4739 264 4807 itt,
286 4752 358 4807 quae
377 4736 462 4790 verba
480 4736 635 4806 posteriora
654 4737 741 4807 probe
758 4746 823 4794 sunt
840 4742 971 4808 notanda,
999 4739 1101 4792 bellum
1119 4737 1264 4809 improbet,
1282 4739 1330 4792 sed
1345 4738 1433 4793 Ferus
1451 4739 1560 4791 disertis
1580 4737 1672 4791 verbis
1687 4738 1829 4808 magistra-

139 4825 258 4879 innuuut
275 4824 347 4878 anim
362 4840 421 4876 esse
439 4840 563 4877 errorem
575 4841 637 4876 cum
650 4825 780 4892 periculo
794 4827 972 4881 calutiecon-
997 4825 1038 4879 tui
1058 4826 1105 4894 jus
1133 4824 1219 4895 gladii
1245 4823 1348 4877 ibidem
1376 4824 1517 4891 concedit,
1554 4823 1667 4894 collegit
1692 4825 1831 4878 autemid

136 4911 270 4978 iunctum,
290 4910 316 4962 ri
334 4910 397 4979 quir
409 4917 526 4973 aseerat,
545 4909 646 4963 bellurn
665 4927 762 4978 perere
782 4912 844 4964 ulla
861 4914 971 4966 ratione
998 4909 1181 4964 Bellarminua
1201 4926 1233 4963 ex
1252 4908 1308 4962 illis
1326 4908 1390 4963 Feri
1418 4909 1527 4977 verbis,
1556 4910 1583 4961 in
1611 4908 1712 4978 quibua
1740 4914 1831 4980 negat,

138 5013 194 5050 esee
214 4998 330 5060 licitam,
356 4994 405 5048 sed
431 5010 495 5065 pag.
521 5011 577 5065 seq.
600 5001 656 5051 180.
692 4996 845 5052 Ostorodua
862 5003 971 5051 contra·
997 4996 1172 5064 evangelium
1189 4995 1272 5048 armis
1290 4995 1461 5049 secularibus
1480 5000 1508 5050 et
1526 4996 1648 5050 humana
1666 5013 1719 5066 ope
1737 4996 1831 5050 defen·

137 5082 207 5136 rium
226 5080 352 5150 subjicitr
370 5081 429 5137 tlsslr
446 5081 745 5136 instauramentum
765 5081 832 5149 toli,
852 5084 895 5137 ber
914 5083 970 5150 biti
998 5082 1119 5135 dandum
1137 5098 1205 5145 esse,
1225 5081 1299 5151 quod
1316 5087 1445 5151 respectu
1463 5081 1632 5151 privatorum
1652 5088 1680 5135 et
1698 5081 1830 5135 ecclesiae

138 5171 235 5224 anteri
249 5170 315 5221 bena
329 5166 378 5221 trit
391 5168 528 5235 ueniebat.
546 5167 649 5223 metuet.
687 5167 790 5222 Contra
807 5167 847 5220 sic
866 5167 968 5222 iniero:
997 5166 1183 5221 ministrorum
1205 5172 1247 5220 est
1263 5167 1373 5220 omnino
1391 5166 1570 5220 verissimum.
1845 5182 1878 5221 ln
1893 5183 1938 5222 uu-

137 5255 191 5319 Qui
210 5258 368 5323 propugnat
386 5270 504 5307 errorem
523 5270 585 5307 cum
606 5252 764 5308 obedientia
778 5254 970 5307 mandatorum
1032 5258 1091 5308 386.
1133 5259 1156 5304 l.
1175 5251 1361 5306 Bellarminua
1384 5252 1432 5306 lib.
1458 5258 1481 5306 3.
1512 5253 1546 5307 de
1571 5253 1650 5307 laicis
1668 5270 1690 5306 c.
1715 5259 1754 5308 16.
1776 5252 1831 5306 Lu·
1845 5237 1932 5325 ζζῗῖζζ,

137 5338 238 5394 Christi
259 5343 439 5409 pugnantem,
458 5337 482 5392 is
494 5354 613 5392 errorem
625 5338 810 5392 damnabilem
829 5338 1074 5408 amplecti-{thero
1098 5335 1209 5403 tribuit,
1241 5339 1315 5407 quod
1340 5339 1411 5392 iuter
1438 5337 1494 5390 elia
1518 5337 1660 5407 paradoxa
1683 5337 1832 5392 defendere
1847 5341 1928 5376 ⁰⁰⁰1³⁸

138 5432 197 5491 tur,
224 5423 369 5493 siquidem,
397 5439 430 5476 ex
465 5423 612 5493 hypothesi
637 5423 781 5492 Ostorodi,
811 5408 1112 5503 obedientialconatus
1132 5421 1223 5491 fuerit,
1242 5442 1298 5478 non
1320 5424 1406 5482 licere
1420 5422 1704 5477 Christianiecontra'
1725 5425 1832 5478 Tarcaa
1846 5389 1949 5487 {israelis

138 5508 331 5564 mandatorum
357 5507 460 5563 Christi
484 5508 521 5562 ad
544 5507 660 5563 salutem
684 5508 845 5578 simpliciter
862 5516 905 5565 est
921 5525 968 5564 ne·
981 5517 984 5543 l
998 5510 1100 5564 beilum
1124 5516 1249 5578 perere,¹
1266 5511 1351 5580 idque
1378 5510 1479 5581 probat
1503 5526 1536 5565 ex
1561 5516 1612 5567 art.
1639 5515 1680 5566 ³4.
1701 5511 1730 5565 in
1748 5510 1832 5566 Bulla
1846 5502 1950 5591 {223¹}
