4020 6014
676 297 730 355 Da
746 294 1000 358 sescls'l'ttsw
1017 298 1206 360 Pontico.
1723 308 1786 369 tto

82 457 118 509 et
134 452 208 508 inter
225 451 342 507 totalem
365 451 533 508 clericorum
557 453 735 508 memnonem
751 458 810 509 ιιιιι
822 468 922 523 perso·
947 456 1040 511 micres
1061 457 1180 513 ιιόινιιιι
1204 474 1264 514 eece
1287 465 1411 530 mopere
1429 457 1594 528 principuus
1612 454 1787 513 mmmm-

82 555 197 603 senen,
214 553 300 609 quam
314 539 447 594 bonorum
463 539 687 609 rationeexjure
700 538 793 594 divino
809 539 922 595 descen·
948 557 1026 609 rust,
1052 559 1137 612 quom
1163 545 1254 609 feurit
1285 552 1409 615 tenpore
1434 545 1609 614 Pioroom's,
1644 550 1676 598 ut
1697 543 1788 613 inqiut

84 624 213 681 dentem.
249 623 333 679 Hanc
354 624 710 696 dhdncdonemapprobat
728 625 788 696 ipse
801 625 923 681 Thomas
952 628 1117 684 Aleecnder
1137 632 1270 701 pontisne
1292 631 1323 685 in
1340 648 1417 686 conc.
1432 630 1635 699 tunonensi,
1658 637 1685 685 et
1701 637 1789 684 erstct

84 712 124 767 de
141 711 256 782 Aquino
272 711 304 766 in
320 728 416 769 comm
434 727 459 767 c.
480 717 519 769 13.
538 712 619 768 Rom.
660 712 725 769 Non
743 711 778 767 de
796 711 850 767 illis
868 712 923 782 pri·
949 732 1010 785 cop.
1028 716 1788 787 Nmmtemcetmmmtr.ecctec.etc1tespondemus=

83 796 196 868 vilegiis
216 812 251 853 ac
267 794 422 865 beneficum
448 795 498 852 scd
520 796 555 851 de
578 796 632 852 hac
659 796 818 853 omnimoda
835 813 923 853 exem·
952 807 975 856 1.
994 801 1127 872 exemplis
1148 801 1314 874 quibusdam
1341 803 1556 875 particularibus
1580 818 1637 857 non
1654 801 1789 872 probatur
1875 858 1880 865 ,

84 882 164 940 tione
181 881 289 939 clericis
303 883 368 953 jure
386 881 481 938 divino
498 882 595 939 dehita
613 882 686 938 inter
704 900 753 939 nos
771 886 801 938 ct
819 882 922 939 Bellar-
947 887 995 956 jus
1013 894 1188 958 perpetuum,
1205 889 1361 946 universale
1379 906 1412 944 ac
1426 888 1607 945 immutsbilc.
1641 888 1787 959 Recogno-

83 969 194 1024 minum
213 969 365 1041 quaeritur.
400 974 425 1025 2.
442 968 627 1025 Bellarminus
645 968 707 1040 ipsc
726 968 839 1034 fatetur,
858 974 924 1025 ante
950 979 1010 1028 scat
1028 972 1213 1030 Bellarminus
1243 992 1295 1030 sua
1318 975 1404 1032 verba
1428 974 1476 1033 lib.
1498 981 1520 1030 1.
1538 975 1574 1030 de
1591 973 1699 1030 clericis
1716 990 1741 1029 c.
1760 978 1786 1030 1.

83 1054 241 1113 Jmcmsni
264 1060 391 1126 tempora
414 1054 526 1126 legibus
549 1055 672 1126 priorum
695 1054 851 1125 principum
874 1055 924 1110 im-
951 1075 1022 1130 resp.
1037 1059 1073 1114 ad
1085 1076 1144 1132 arg.
1162 1068 1191 1117 t:
1210 1062 1349 1132 Esempic
1363 1062 1576 1132 Sodomorum
1592 1059 1786 1127 nonfurtum,

83 1157 184 1197 munes
209 1139 296 1197 fuisse
318 1139 432 1196 clericos
459 1156 477 1194 a
499 1139 612 1196 tributis
636 1140 843 1212 personalibus,
868 1157 924 1196 non
949 1162 1010 1199 rem
1033 1163 1091 1200 esce
1115 1148 1151 1201 de
1168 1148 1234 1216 jore
1251 1149 1365 1218 diuino,
1390 1149 1442 1203 scd
1466 1155 1621 1219 praecepto
1636 1145 1697 1201 Dei
1712 1152 1785 1211 met,

83 1232 182 1283 tamen
202 1225 288 1282 fuisse
311 1225 413 1282 liberos
439 1242 458 1280 ι
482 1225 607 1294 tributis,
630 1242 703 1297 quae
720 1225 811 1296 'pondi
835 1225 925 1281 solent
952 1246 1024 1300 quoe
1038 1233 1090 1286 boc
1100 1234 1226 1298 sociant.
1257 1238 1281 1290 1.
1300 1232 1438 1290 Excertis
1455 1239 1485 1289 et
1504 1231 1692 1289 <imminetis
1709 1229 1785 1301 prin·

84 1311 415 1383 rationepoesessiouum,
434 1311 509 1382 qnod
520 1318 597 1367 recte
609 1311 717 1384 colligit
730 1327 764 1367 cx
776 1310 925 1368 Ambrosio
952 1317 1045 1388 cipum
1072 1316 1214 1373 beneficiis
1241 1335 1297 1374 non
1322 1323 1415 1390 potest
1440 1318 1599 1376 omnimode
1622 1315 1785 1372 clericorum

89 1398 122 1455 in
138 1404 210 1455 orat.
227 1396 419 1453 detrudendis
431 1397 570 1463 Basilicis,
581 1397 630 1451 ubi
643 1396 726 1452 dicit:
747 1399 824 1466 Apri
840 1398 925 1453 eccle·
952 1401 982 1456 in
1004 1403 1198 1473 personalibus
1226 1410 1254 1460 et
1275 1404 1395 1460 realibus
1412 1405 1528 1461 exemtio
1547 1405 1613 1475 jure
1631 1402 1726 1457 divino
1743 1401 1785 1457 in·

84 1484 149 1539 sice
165 1484 277 1540 soiount
293 1485 435 1551 tributum,
453 1489 482 1539 et
497 1501 532 1539 ex
551 1483 726 1540 Theodoreto
746 1483 794 1541 lib.
815 1490 840 1540 l.
859 1482 923 1539 hist.
952 1487 1080 1544 hoducta
1106 1488 1225 1560 probari.
1275 1496 1300 1546 3.
1325 1490 1489 1545 Immuuitas
1517 1489 1567 1545 illa
1589 1505 1646 1544 non
1668 1486 1723 1544 fuit
1747 1486 1785 1542 ab

85 1586 111 1627 c.
131 1576 157 1627 ’1.
175 1568 225 1624 ubi
241 1568 350 1634 scribit,
387 1570 611 1625 Valentinianum
631 1570 777 1625 Senicrem
794 1570 825 1623 ia
843 1568 923 1639 epist.
952 1572 1019 1644 ipsis
1037 1575 1227 1633 sacerdotibus
1245 1582 1386 1647 usurpata,
1406 1575 1454 1631 sed
1474 1575 1631 1645 principum
1648 1571 1785 1631 benedicio

84 1656 129 1709 cd
145 1655 293 1725 spiscopus
310 1655 399 1710 Aeice
416 1656 471 1710 illc
486 1657 572 1710 oeric
585 1655 733 1724 posuisse:
770 1655 850 1709 Boni
866 1655 924 1723 epi·
952 1659 1006 1714 illis
1026 1676 1169 1717 concessa
1206 1662 1240 1718 Iu
1260 1661 1417 1732 principum
1436 1677 1503 1731 ergo
1522 1659 1637 1715 arbitrio
1656 1674 1689 1715 sc
1708 1663 1786 1728 pote·

85 1740 169 1811 scopi
188 1741 295 1795 tributa
315 1742 459 1810 penestunt
488 1743 609 1810 reciduo.
643 1741 720 1813 Ergo
742 1739 870 1812 plenaria
890 1755 925 1794 ac
952 1750 1024 1800 state
1047 1745 1146 1812 situm,
1168 1763 1303 1819 quosnam
1325 1746 1464 1807 atrihnto
1482 1745 1601 1802 liberare
1620 1743 1721 1813 velint,
1738 1760 1784 1799 ne

87 1825 183 1883 totalis
194 1825 244 1881 illa
260 1826 420 1883 immunitus
436 1844 495 1883 non
510 1827 565 1883 fuit
576 1833 712 1898 perpetua
725 1843 758 1881 ac
769 1824 925 1881 necessaua
952 1847 1092 1904 quaquam
1109 1849 1175 1888 vero
1199 1833 1228 1887 in
1247 1832 1421 1889 sacerdotum
1440 1849 1525 1888 manu
1538 1831 1674 1903 positum,
1701 1847 1786 1902 quam

89 1929 124 1971 cx
138 1913 204 1983 jure
221 1912 343 1984 quodam
365 1912 459 1969 divino
476 1912 652 1968 descendens.
951 1917 1152 1973 immunitatem
1175 1917 1227 1973 sibi
1248 1934 1379 1989 arrogare
1406 1917 1501 1975 velint
1536 1916 1582 1974 Sic
1599 1916 1629 1972 in
1647 1915 1787 1987 prlmitiva

40 2037 43 2053 ·
122 2003 184 2056 461·
220 1997 718 2069 01111116111111611101101111011160
735 2001 791 2052 611·
822 1997 923 2050 ΕΜ·
952 2002 1070 2059 ecclesia
1086 2019 1143 2059 uon
1159 2003 1291 2074 episcopi,
1311 2004 1361 2059 sed
1375 2003 1555 2074 imperatores
1573 2003 1608 2058 de
1624 2002 1677 2057 huc
1688 2001 1786 2056 immu-

40 2084 129 2139 1111
146 2084 343 2141 clericorum
329 2102 361 2139 to
378 2085 459 2138 rebus
473 2084 618 2154 politicis,
644 2091 701 2137 tum
718 2083 814 2152 quoad
826 2097 923 2150 porto·
952 2089 1039 2144 nitate
1056 2087 1133 2160 leges
1145 2089 1277 2154 tulerunt,
1296 2096 1327 2145 ιιι
1345 2095 1455 2145 constat
1468 2107 1502 2145 ex
1515 2088 1610 2144 codice
1622 2095 1651 2145 et
1662 2087 1786 2143 novellis.

40 2172 75 2275 ιδ.
88 2188 155 2240 nas,
177 2178 236 2224 tunt
257 2172 354 2239 quoad
374 2171 448 2224 bona
473 2170 636 2224 intremuere
658 2177 698 2224 esi
715 2169 786 2237 jure
803 2167 924 2223 humano
952 2181 976 2231 4
994 2175 1088 2230 Locus
1107 2174 1177 2232 Gen,
1201 2181 1243 2232 41,
1269 2175 1453 2232 diversimode
1477 2175 1631 2246 exponitur.
1665 2172 1785 2238 Quidam

40 2233 193 2327 iipmter
208 2261 238 2312 ct
255 2255 357 2313 divino
392 2256 551 2327 Anthwn
569 2271 631 2310 eam
649 2253 758 2326 probet,
777 2253 924 2308 Obmssrfl
952 2278 1016 2317 eum
1043 2260 1205 2331 intelligunt
1231 2260 1267 2318 de
1293 2259 1441 2331 praefectis
1462 2259 1583 2331 politicis
1608 2266 1638 2315 et
1654 2258 1786 2313 ministris

39 2339 170 2430 ¹·jubet
187 2358 238 2413 per
250 2342 300 2412 jus
320 2341 445 2397 divinum
472 2341 591 2397 hicnon
610 2340 728 2411 intelligi
743 2347 924 2410 praeceptum
952 2345 1060 2414 culicis,
1072 2345 1121 2402 sed
1131 2345 1317 2404 Chaldaicos
1309 2350 1446 2416 interpres
1455 2361 1549 2401 vocem
1563 2345 1612 2396 Ε
1613 2348 1686 2406 m,
1714 2360 1786 2415 quac

40 2450 66 2480 r·
90 2429 151 2483 Dei
170 2429 290 2498 proprie
311 2428 353 2482 sic
379 2429 498 2496 dictum,
525 2427 599 2497 quod
628 2443 755 2496 expresse
782 2425 812 2480 in
841 2425 926 2479 sacris
953 2431 1091 2502 generalis
1113 2437 1169 2500 est,
1195 2430 1322 2501 exposuit
1347 2448 1396 2500 per
1422 2432 1555 2492 ututur,
1581 2428 1786 2501 hierophantas.

39 2500 178 2570 '‘''litcris
195 2520 298 2579 exstet,
323 2515 373 2570 sed
392 2516 470 2583 quod
488 2514 524 2566 oh
544 2514 677 2582 exemplis
697 2514 742 2567 cel
761 2513 925 2567 tetimonio
952 2516 1010 2571 Alii
1037 2523 1163 2572 statuunt
1190 2516 1226 2572 dc
1243 2516 1422 2573 idololatricis
1451 2515 1643 2572 sacerdotibus
1662 2514 1786 2588 Aegypti

40 2601 125 2656 ·.T
155 2599 185 2656 V.
208 2601 253 2655 ecl
273 2601 308 2656 N.
329 2617 386 2669 per
409 2603 555 2670 quondm
579 2598 795 2653 similitudinem
820 2600 926 2652 deduci
953 2619 1016 2658 eom
1040 2600 1247 2672 accipiendum,
1275 2608 1360 2674 atque
1376 2607 1518 2659 auctorem
1543 2601 1619 2656 illius
1647 2599 1786 2672 privilegii

81 2685 194 2758 poerit,
221 2701 278 2756 qua
303 2685 481 2740 distinctione
507 2685 646 2740 existimat
671 2682 813 2739 conciliari
841 2698 923 2753 posse
952 2705 1006 2743 nou
1024 2687 1111 2743 fuisse
1127 2687 1291 2759 iosephum,
1309 2688 1623 2760 quiidololatriamnon
1642 2692 1786 2757 tantopere

88 2770 242 2828 catholicos
263 2771 427 2842 scriptores,
450 2787 567 2841 quorum
590 2769 679 2840 aliqui
698 2768 853 2836 affirmant,
877 2767 925 2823 alii
951 2773 1070 2830 voluerit
1085 2777 1253 2842 promotum,
1277 2774 1325 2829 sed
1351 2772 1539 2841 Pharaonem,
1562 2773 1734 2845 proindeque
1753 2788 1786 2826 ex

86 2873 154 2912 vero
165 2862 279 2928 negant,
296 2857 477 2912 exemtioaem
496 2855 572 2910 illam
591 2872 650 2911 esse
658 2855 730 2925 juris
744 2854 838 2909 divini.
869 2854 924 2911 Sed
951 2859 1124 2915 ethnicorum
1152 2856 1350 2930 superstitione
1378 2857 1549 2915 Christianos
1586 2874 1645 2913 non
1684 2856 1787 2913 debere

85 2941 225 3016 pervertit
242 2940 353 2997 illorum
374 2940 557 3005 metentium,
583 2940 632 3011 qui
650 2945 766 3012 negant,
788 2956 849 2995 eam
873 2940 924 2995 niti
950 2945 1043 3016 legem
1067 2944 1196 3001 mutuari.
1240 2943 1297 3002 Sed
1323 2944 1389 3016 quia
1412 2943 1516 3001 Psulm.
1542 2949 1605 3013 ¹05,
1629 2960 1656 2996 v.
1684 2947 1726 2998 22.
1750 2941 1786 2996 de

83 3029 151 3100 111111
170 3026 272 3092 divim,
292 3025 333 3082 illi
348 3027 421 3082 1111111
440 3043 497 3081 11011
509 3026 539 3081 111
552 3025 710 3096 &filimi
729 3026 779 3081 'td
796 3026 825 3080 111
842 3042 925 3082 ⁰⁸⁰0·
950 3031 1075 3103 Josepho
1092 3030 1208 3099 dicitur,
1233 3030 1308 3102 qnod
1331 3030 1472 3086 ensdierit
1490 3029 1637 3099 principer
1663 3027 1786 3097 Aegypti

85 3113 152 3169 nico
181 3119 210 3168 ct
235 3113 310 3168 civili
334 3114 399 3184 jure
425 3114 486 3183 ejus
511 3111 647 3184 originem
674 3117 823 3184 quoerant,
852 3111 925 3167 unde
950 3119 981 3171 in
1006 3119 1103 3173 animo
1126 3134 1180 3171 suc
1202 3125 1230 3171 et
1257 3133 1335 3171 senec
1359 3116 1422 3187 ejus
1450 3115 1622 3185 sopieruiom
1647 3114 1786 3178 docuerit,

86 3199 241 3258 samem
259 3215 294 3254 ea
316 3199 410 3269 potius
443 3197 636 3253 conciliatione
654 3197 695 3253 uti
720 3197 821 3266 voluit,
851 3197 925 3269 quod
951 3203 1099 3259 ideonum
1122 3202 1234 3259 Maccro
1265 3201 1427 3269 statuimur,
1452 3200 1599 3271 plerosque
1627 3198 1786 3255 sacerdotes

85 3287 139 3357 qui
158 3286 316 3355 offirmtum,
334 3286 408 3339 bono
424 3285 603 3339 coemtionem
619 3301 676 3339 esse
694 3285 770 3354 juris
789 3284 882 3339 divini
899 3293 925 3338 et
953 3289 1108 3361 Aegypu'os
1128 3289 1165 3344 ad
1185 3288 1243 3345 reri
1254 3288 1309 3343 Dei
1324 3286 1512 3359 cognitionem
1528 3285 1679 3356 aiosepho
1699 3284 1787 3340 fuisse

85 3371 214 3441 bomani,
226 3388 282 3441 per
293 3373 347 3442 jus
366 3371 492 3426 diuinum
510 3371 669 3439 intelligunt
682 3370 854 3440 canonicum,
868 3388 924 3439 per
952 3375 1109 3445 perductos,
1129 3374 1193 3430 ideo
1207 3379 1283 3429 recte
1294 3389 1328 3430 ex
1341 3373 1393 3430 hoc
1403 3373 1529 3442 exemplo
1542 3370 1691 3441 colligitur,
1709 3370 1785 3442 quod

79 3458 135 3528 jue
159 3458 310 3512 bumcnum
335 3458 425 3514 ciuile.
471 3456 553 3511 Hanc
575 3456 797 3513 conciliationem
819 3456 922 3512 Bellar-
951 3460 1091 3530 principes
1126 3460 1163 3515 de
1193 3458 1349 3514 necessaria
1381 3465 1410 3513 et
1440 3457 1556 3512 honesta
1585 3454 1786 3511 sustentatione

87 3542 182 3599 minus
204 3550 234 3599 st
256 3543 368 3598 Scarim
386 3560 419 3599 ex
438 3542 564 3614 professo
581 3541 726 3611 refellunt,
752 3543 825 3613 quod
843 3560 924 3614 argu·
951 3546 1085 3601 eccleciae
1107 3545 1239 3600 ministris
1257 3544 1414 3615 prospicere
1441 3558 1477 3599 ac
1501 3558 1520 3596 a
1535 3539 1703 3614 quibusdam
1720 3556 1784 3596 onc-

89 3635 216 3686 meutum
245 3634 288 3685 est
318 3645 468 3684 cousensus
497 3627 634 3683 catholici.
681 3627 770 3698 Atqui
806 3627 926 3682 debebat
951 3631 1027 3686 ribus
1047 3646 1094 3686 eos
1110 3630 1247 3685 immunes
1259 3635 1400 3699 praestare
1414 3627 1542 3696 debeant,
1559 3627 1609 3682 sed
1622 3642 1700 3682 exeo
1717 3641 1784 3680 nou·

86 3713 201 3771 omnino
229 3731 263 3769 ex
294 3714 445 3784 Scripturis
476 3712 571 3769 afferri
599 3721 779 3784 praeceptum
811 3712 924 3782 aliquod
952 3718 1018 3771 dum
1037 3715 1133 3771 inferri
1151 3721 1243 3786 potest
1262 3714 1421 3770 omnimoda
1439 3720 1468 3769 et
1487 3711 1651 3768 universalis
1668 3711 1787 3782 abipsa

88 3798 212 3854 divinum
243 3800 354 3871 proprie
379 3799 419 3854 sic
443 3799 548 3855 dicusm
573 3799 609 3852 ad
637 3797 830 3853 stabiliendam
849 3798 924 3853 illam
948 3801 1144 3873 J'urisdictione
1167 3800 1195 3856 in
1219 3800 1302 3856 rebus
1320 3798 1440 3871 politicis
1459 3798 1584 3854 exemtic.
1621 3804 1645 3852 t.
1665 3798 1785 3853 Demen-

92 3882 194 3953 thesin,
214 3883 288 3956 quod
303 3883 464 3940 clericorum
477 3884 593 3940 exemtio
611 3881 727 3953 sitjuris
747 3882 842 3950 divini,
860 3883 926 3953 quia
951 3904 1012 3941 sum
1032 3886 1110 3953 illud,
1126 3884 1201 3956 quod
1211 3884 1350 3957 «Iosephus
1367 3883 1508 3955 pendebat
1519 3881 1718 3950 secutoribus,
1730 3899 1786 3938 nou
1798 3894 1853 3938 xlv.
1866 3891 1912 3936 ιιι

88 3987 147 4024 ιιι
184 3987 338 4039 congruum
364 3977 486 4039 tontum,
509 3971 561 4022 sed
584 3969 666 4022 ctiam
692 3969 880 4022 necessariam
900 3977 925 4022 et
951 3972 1005 4028 fuit
1021 3977 1196 4044 perpetuum,
1215 3970 1281 4042 quia
1298 3971 1359 4042 agri
1377 3969 1433 4025 illis
1453 3975 1534 4024 eraut
1550 3969 1695 4041 assignati,
1711 3967 1786 4025 unde

88 4057 289 4111 immutabilem
315 4057 396 4110 illam
423 4056 600 4110 coemtionem
621 4071 679 4109 ecee
697 4062 829 4124 ιιιιιιιιιι,
853 4057 925 4108 adeo
951 4058 1043 4113 rivere
1060 4061 1183 4129 possent,
1203 4055 1251 4111 sed
1271 4072 1334 4110 oum
1348 4053 1566 4126 temporetamis
1585 4070 1618 4109 er
1637 4054 1714 4127 agris
1729 4069 1785 4108 non

86 4149 120 4197 ut
146 4141 241 4196 inritis
261 4143 347 4196 etiam
364 4141 543 4212 principibu
568 4141 769 4193 immunitatem
788 4157 823 4194 cc
843 4140 925 4194 liber-
952 4149 1064 4215 possent
1083 4142 1120 4197 ad
1138 4141 1223 4197 vitam
1240 4140 1373 4197 tuendam
1398 4141 1494 4196 solitos
1513 4141 1620 4197 tructus
1636 4139 1786 4212 percipere,

86 4235 171 4281 tctem
189 4227 270 4281 illum
287 4228 384 4282 elerici
399 4228 455 4282 sibi
476 4227 627 4281 vendicare
640 4225 786 4297 potuerint
804 4243 840 4280 oc
855 4242 921 4296 pos·
953 4230 1015 4285 idco
1031 4227 1106 4299 regis
1124 4226 1291 4282 auctoritate
1315 4226 1476 4299 pensionem
1499 4233 1576 4283 extra
1591 4226 1716 4281 ordinem
1731 4223 1786 4278 illis

86 4313 155 4383 rint,
174 4321 205 4369 ut
223 4313 406 4383 mcpmtrutue
420 4330 514 4367 omnes
531 4329 582 4365 nec
600 4312 749 4382 obrepere,
768 4311 926 4366 necimmu-
952 4314 1109 4378 constituit,
1136 4312 1270 4384 quamdiu
1293 4313 1400 4369 scilicet
1419 4313 1505 4369 fames
1539 4312 1659 4383 vigeret,
1689 4316 1721 4364 ut
1745 4308 1786 4364 sic

88 4408 154 4455 tore
179 4400 260 4457 ilium
284 4401 442 4455 libertatem
461 4399 587 4468 possint,
619 4398 676 4451 etei
697 4397 782 4451 omui
809 4399 926 4467 conjure·
952 4418 1034 4473 agros
1056 4397 1119 4454 illos
1142 4398 1282 4454 Pharaoni
1307 4415 1362 4453 non
1379 4402 1545 4470 cogerentur
1567 4396 1694 4452 vendere.
1730 4395 1786 4454 sed

86 4495 201 4557 pomer,
213 4494 296 4555 utque
304 4485 488 4555 pricilepinm
498 4485 575 4538 illud
588 4500 700 4554 necper
715 4484 926 4549 reuocotioneni,
953 4503 1004 4542 nec
1027 4485 1118 4556 potuit
1141 4484 1251 4541 Pharao
1275 4491 1362 4540 terras
1383 4483 1559 4539 sacerdotum
1583 4481 1680 4538 eodem
1703 4498 1787 4537 onere

86 4590 139 4629 nec
152 4588 209 4643 per
225 4570 473 4634 renuntiationem,
490 4587 540 4624 nec
554 4587 608 4641 per
627 4569 801 4624 contrariom
813 4587 926 4624 eonsue-
952 4585 1079 4644 gravare,
1096 4586 1152 4641 quo
1170 4570 1337 4640 reliquorum
1350 4568 1525 4624 subditorum
1536 4574 1623 4624 terras
1642 4565 1786 4639 gravabat,

89 4657 216 4712 tudinem
249 4654 361 4710 desti-m
389 4656 490 4724 poscit
541 4654 653 4711 Scarius
679 4654 726 4709 lib.
757 4660 782 4709 4.
816 4654 926 4725 apolog.
953 4673 1000 4711 ess
1021 4655 1094 4710 euim
1112 4655 1217 4725 ioseph
1236 4654 1297 4725 regi
1316 4659 1423 4708 emmat
1440 4659 1520 4710 etex
1536 4654 1629 4725 grstia
1645 4651 1708 4707 illos
1724 4652 1787 4707 red·

89 4749 188 4799 contra
210 4740 294 4813 Aegl
319 4756 343 4796 c.
368 4744 410 4796 31).
436 4747 464 4795 et
490 4756 567 4811 seqq.
594 4738 779 4794 Bellarminus
802 4739 838 4794 de
861 4739 926 4796 cler.
953 4741 1038 4796 debat
1060 4747 1201 4795 reservate
1222 4739 1290 4794 fisco
1317 4739 1416 4810 quinta
1433 4743 1615 4810 proventuum
1632 4754 1786 4797 annuorum

88 4846 114 4886 c.
135 4834 177 4884 29.
193 4843 275 4898 quam
287 4825 489 4882 immunitatem
506 4832 534 4881 et
547 4825 728 4880 exemtioncm
745 4831 927 4895 praeceptum
953 4832 1048 4898 parte,
1073 4827 1122 4882 sed
1146 4825 1321 4881 sacerdotum
1339 4830 1440 4895 terras,
1465 4840 1539 4896 quac
1560 4830 1641 4881 mant
1656 4824 1787 4895 publicae

91 4911 206 4984 aliquod
241 4911 364 4967 divinum
395 4927 554 4981 expressum
585 4915 614 4965 et
648 4910 790 4981 proprium
817 4909 927 4981 requiri,
954 4918 982 4968 et
1005 4929 1038 4967 ex
1063 4911 1230 4968 liberalitate
1253 4910 1328 4982 regis
1354 4910 1422 4982 ipsis
1444 4910 1615 4983 assignatae,
1643 4926 1706 4965 cum
1731 4926 1787 4965 non

90 4997 178 5055 estivis
199 5003 243 5052 est
266 4997 451 5052 manifestum
495 4995 648 5053 Videamus
674 5002 767 5051 tamen
791 4995 839 5051 illa
856 4996 927 5052 Scri-
953 4997 1107 5065 coimisset,
1127 4998 1190 5052 ideo
1206 5013 1259 5052 nec
1276 5013 1346 5052 onus
1363 4995 1432 5051 illud
1445 4995 1626 5068 quintationis
1643 4995 1682 5051 eis
1700 4995 1787 5066 impo-

88 5088 189 5154 ptursc
207 5083 298 5154 dicta,
323 5101 357 5139 ex
374 5082 475 5153 quihus
492 5101 542 5154 per
559 5081 768 5138 similitudinem
786 5082 927 5154 quandam
953 5081 1538 5154 uerepotuit.ll.1mmunitasatributis
1554 5088 1584 5136 ct
1602 5079 1787 5154 vectigalibus

41 5168 314 5266 ”Bellarminus
302 5186 349 5240 Jus
381 5169 505 5223 divinum
538 5168 646 5240 probat.
695 5173 717 5224 1
744 5167 839 5222 Primo
865 5166 927 5224 loco
953 5169 989 5224 ab
1006 5169 1159 5223 Artaxerxe
1180 5167 1313 5223 ministris
1330 5166 1428 5239 templi
1446 5167 1482 5222 ad
1501 5166 1662 5238 petitionem
1679 5165 1787 5222 Esdruc

37 5226 67 5318 ,1⁰
89 5254 207 5311 adducit
224 5253 379 5325 exemplum
397 5254 518 5323 Jompm·
530 5255 733 5324 patriarchae,
758 5254 807 5326 qui
825 5253 926 5309 exemit
952 5271 1085 5311 concessa
1098 5270 1153 5308 non
1164 5260 1257 5325 potest
1268 5253 1387 5326 probare
1400 5253 1584 5309 universalem
1597 5252 1787 5324 exemtionem‚

37 5339 247 5398 ΙἰιιιιιΙοιιι
284 5339 489 5437 Aegyptiorum
524 5337 593 5395 Gen
625 5345 667 5396 ct.
697 5346 726 5395 ct
757 5341 941 5395 Artocercic.
939 5341 1027 5414 quod
1046 5339 1119 5395 enim
1138 5339 1264 5410 precario
1283 5339 1469 5413 impetratum,
1486 5356 1542 5396 non
1557 5345 1649 5412 potest
1665 5297 1787 5396 mahiad

88 5429 165 5497 repis
188 5429 356 5494 Persarum,
384 5425 433 5498 qui
454 5425 556 5482 exemit
577 5425 735 5481 sacerdotes
756 5426 925 5483 Isree'liticos
954 5423 1138 5483 necessariam
1152 5425 1385 5498 consequentiam,
1403 5443 1457 5482 nec
1468 5427 1542 5484 ultra
1558 5432 1678 5484 mentem
1689 5441 1787 5484 concc-

90 5519 114 5577 t.
139 5512 221 5577 Esdr.
248 5520 272 5573 1.
312 5513 384 5573 Jam
401 5529 469 5573 cero
494 5531 552 5573 non
577 5514 666 5588 decet,
693 5512 839 5573 molosiam
865 5513 926 5573 Dei
952 5511 1043 5572 dentis
1063 5509 1182 5570 extendi
1221 5578 1224 5583 ,
