4020 6014
275 319 314 373 74
488 306 492 328 “
857 307 979 366 LOCUS
996 304 1200 365 wettelmus
1218 304 1390 363 TERTIUS.

275 479 291 516 a
310 462 388 517 falsis
408 462 581 519 discernendi
594 469 677 535 atque
696 464 757 518 illos
770 463 880 535 quidem
900 462 1041 535 sequendi,
1058 460 1107 515 hos
1135 476 1192 514 una
1209 477 1272 515 cum
1291 459 1422 528 apostolis
1442 476 1475 514 eo
1493 458 1745 529 proficiscebantur,
1764 457 1834 513 haee
1852 473 1977 528 evange·

275 564 339 603 vero
364 548 511 620 fugiendi?
557 549 638 605 Certe
664 551 729 605 inde
754 558 837 621 atque
864 549 939 617 ideo,
968 549 1033 619 quia
1053 563 1108 601 non
1133 546 1258 601 listerum
1278 546 1370 601 missio
1395 544 1721 616 fflshnguendaomnino
1743 545 1839 600 catab
1861 545 1976 601 ordina·

274 640 339 688 aunt
356 652 421 690 oves
439 636 551 704 brutae,
578 637 628 690 sed
653 636 816 705 rationales,
845 635 977 706 competit
996 635 1051 697 eis,
1073 649 1109 686 ne
1133 635 1235 688 riorum
1259 641 1400 703 pastorum
1425 633 1576 687 vocatione.
1621 630 1757 702 Tempore
1781 632 1975 702 apostolorum
1999 643 2008 673 ⁴

274 719 380 793 absque
404 721 463 776 nlla
490 722 654 777 discretione
680 722 717 775 ad
745 721 858 792 quaevis
885 737 1002 790 pascua,
1026 719 1109 773 etiam
1135 720 1290 775 sacerdotes
1315 719 1459 791 gentilium
1484 723 1563 773 erant
1586 716 1763 786 idololatrae,
1788 718 1976 788 magistratus

275 807 357 861 noxia
377 813 405 861 et
423 814 559 863 venenata
579 826 609 862 se
635 807 735 862 abduci
754 808 908 878 patiantur,
931 805 980 860 sed
1000 805 1109 859 fidelem
1135 805 1236 876 impius
1256 811 1284 860 et
1302 806 1421 877 populus
1441 806 1470 858 in
1498 804 1619 860 tenebris
1640 803 1799 873 ambulans,
1825 820 1894 876 ergo
1919 821 1976 859 non

263 899 412 962 ‘pastorem
438 893 541 964 eligant
559 899 644 964 atque
662 893 780 948 eundem
801 899 958 963 aequantur.
996 898 1020 945 t.
1039 889 1109 944 Con·
1135 893 1226 964 potuit
1252 892 1435 948 ministerium
1463 890 1593 947 ecclesiae
1621 907 1671 960 per
1697 891 1780 944 talem
1809 891 1976 946 electionem

275 977 430 1033 funduntur
446 979 476 1032 in
494 979 655 1034 Bellarmini
674 985 838 1049 argumento
852 978 962 1031 diversa
978 984 1109 1046 tempora
1136 979 1275 1045 constitui,
1294 994 1366 1049 quae
1390 984 1453 1048 post
1470 978 1573 1033 saetam
1593 976 1732 1048 evangelii
1751 976 1788 1031 ad
1809 993 1907 1033 omnes
1926 995 1975 1048 po·

275 1063 337 1120 Non
355 1064 427 1119 enirn
444 1065 523 1136 eligit
539 1066 804 1135 populustanquam
822 1078 896 1129 ovea,
915 1063 963 1118 sed
977 1071 1109 1132 tanquam
1136 1065 1215 1134 pulos
1245 1062 1474 1136 propagationem
1503 1063 1595 1117 locum
1624 1062 1716 1117 habet.
1753 1067 1777 1117 3.
1797 1062 1918 1128 Quando
1946 1064 1976 1117 in

274 1149 384 1204 futurae
402 1168 474 1205 oves.
515 1156 538 1205 8.
559 1150 593 1204 In
617 1156 727 1204 terrena
753 1150 835 1203 etiam
855 1149 998 1218 republica
1014 1147 1109 1219 populi
1137 1151 1255 1206 ecclesia
1272 1151 1399 1223 jamdum
1416 1152 1542 1220 plantata
1559 1157 1587 1204 et
1612 1148 1764 1203 constituta
1780 1155 1907 1218 pastores
1926 1167 1975 1220 po·

275 1235 406 1290 dicuntur
426 1253 499 1305 oves,
518 1253 597 1306 reges
610 1243 742 1305 pastores,
761 1241 789 1290 et
806 1242 899 1290 tamen
918 1236 992 1306 regis
1010 1234 1108 1288 electio
1136 1238 1202 1307 pulo
1219 1236 1397 1308 praeficiendi
1416 1236 1544 1304 fuerunt,
1571 1235 1690 1305 apostoli
1707 1250 1763 1288 non
1782 1236 1975 1304 praetermise-

274 1322 310 1376 ad
341 1322 475 1393 populum
505 1329 630 1391 spectare
658 1325 758 1391 potest.
786 1320 970 1375 Bellarminus
1000 1321 1108 1390 excipit,
1137 1329 1202 1376 runt
1220 1323 1317 1394 populi
1335 1322 1512 1393 suffragium,
1539 1328 1571 1375 nt
1588 1321 1681 1375 multis
1701 1323 1828 1391 superius
1848 1337 1975 1392 compro·

275 1409 364 1462 aliam
391 1425 449 1462 esse
479 1410 617 1461 rationem
650 1407 822 1477 reipublicae
848 1416 987 1478 terrenae,
1020 1408 1107 1461 aliam
1136 1408 1232 1462 batum
1256 1408 1310 1463 fuit
1334 1409 1474 1479 exemplis.
1515 1415 1540 1464 4.
1560 1408 1605 1461 illi
1631 1409 1683 1477 ipsi
1701 1408 1904 1479 evangelistae,
1925 1410 1976 1479 qui

276 1496 416 1561 coelestes,
440 1494 492 1548 boc
519 1502 559 1548 eet
590 1493 769 1548 Christianae
795 1495 982 1564 republicae:
1007 1494 1109 1547 inille
1131 1496 1172 1568 ¹ad
1196 1495 1313 1565 populos
1338 1495 1464 1550 infideles
1490 1503 1518 1550 et
1536 1496 1664 1550 absentes
1690 1493 1726 1548 ab
1745 1495 1878 1564 apostolis
1897 1495 1976 1548 missi

276 1582 356 1635 nasci
378 1581 501 1634 homines
525 1580 698 1633 nattualiter
724 1580 828 1633 liberos
850 1589 876 1633 et
894 1582 1018 1650 proinde
1031 1588 1109 1650 pote·
1136 1581 1228 1649 fuere,
1251 1598 1306 1635 non
1330 1587 1395 1634 sunt
1420 1581 1513 1634 invitis
1539 1579 1655 1635 obtrusi.
1696 1579 1726 1634 Si
1750 1581 1824 1653 enirn
1848 1579 1976 1634 infideles

276 1674 376 1720 amem
399 1666 548 1734 politicam
571 1666 731 1721 immediate
749 1668 865 1732 habere,
896 1670 983 1721 donee
1003 1668 1110 1720 eumin
1136 1666 1176 1721 illi
1198 1667 1268 1721 tales
1287 1667 1471 1738 evangelistas
1489 1668 1586 1721 audire
1604 1667 1770 1732 noluissent,
1793 1672 1868 1721 certe
1892 1682 1976 1720 neme

275 1770 369 1819 sepem
393 1753 516 1820 aliquem
540 1753 717 1806 transtulerit
723 1773 734 1821 ;
758 1754 788 1806 in
814 1755 866 1806 hac
891 1771 955 1807 uero
979 1770 1036 1807 nan
1053 1769 1111 1805 esse
1138 1753 1199 1807 illos
1217 1755 1360 1824 co'egiaset,
1377 1753 1422 1808 vel
1440 1756 1524 1809 edam
1544 1770 1645 1824 cogere
1662 1755 1807 1824 potuisset.
1845 1753 1977 1808 Christus

277 1839 420 1909 ejusmodi
436 1838 607 1906 libertatem,
632 1857 694 1892 cum
712 1841 814 1893 Petraea
840 1841 871 1892 in
894 1840 959 1910 ipsa
977 1839 1108 1892 ecclesiae
1137 1840 1196 1910 ipse
1216 1840 1347 1909 apostolis
1364 1840 1448 1895 talem
1465 1840 1644 1911 praescripsit
1662 1840 1788 1911 regulam
1810 1839 1913 1896 Matth.
1936 1847 1977 1907 1⁰,

278 1925 449 1978 metituticne
472 1933 573 1994 postor
606 1926 696 1978 eidem
719 1927 886 1995 praefectae
914 1927 968 1993 eit,-
999 1927 1028 1978 in
1057 1926 1111 1978 illa
1138 1943 1163 1980 a.
1186 1929 1231 1981 14¹:
1259 1924 1419 1996 Quicunque
1441 1944 1496 1979 non
1514 1929 1651 1996 receperit
1667 1945 1723 1991 uos,
1741 1943 1829 1995 seqre
1848 1927 1976 1980 nument

274 2011 414 2079 populum
438 2013 605 2080 quandoque
626 2028 692 2082 repe
714 2029 826 2081 carere,
850 2014 880 2064 in
899 2013 952 2065 hac
968 2028 1111 2080 naamam
1138 2029 1277 2065 sermones
1295 2021 1415 2079 uestros,
1439 2019 1566 2066 canentes
1585 2014 1669 2074 foras
1687 2014 1825 2065 dedomo
1842 2014 1886 2066 cel
1906 2013 1976 2065 ciui·

279 2098 355 2152 illud
375 2099 543 2165 centinpere.
577 2097 801 2168 Respondemus:
820 2098 910 2152 Eccur
928 2098 1013 2169 igitur
1030 2098 1111 2152 toties
1140 2106 1196 2151 tate
1222 2099 1338 2152 excutite
1363 2098 1506 2167 pulverem
1532 2099 1568 2152 de
1593 2099 1716 2167 pedibus
1745 2099 1850 2152 cestria
1876 2116 1903 2154 a.
1934 2102 1976 2153 23.

281 2201 314 2239 ex
334 2184 465 2255 analogia
477 2182 647 2253 reipublicae
663 2190 788 2239 terrenae
806 2185 842 2238 ad
860 2184 1044 2239 Christianam
1056 2184 1114 2239 sive
1140 2182 1209 2237 Cum
1217 2194 1420 2254 persequentur
1432 2202 1480 2238 uos
1493 2185 1523 2237 in
1539 2186 1650 2237 ciuitate
1662 2203 1728 2255 una,
1740 2185 1866 2253 tandein
1877 2185 1977 2237 aliam.

281 2270 427 2325 coelestem
453 2269 639 2323 Bellarminus
663 2270 891 2340 argumentatur?
929 2269 1010 2324 Certe
1029 2269 1114 2324 eccle·
1140 2268 1214 2340 Ergo
1240 2270 1264 2323 si
1289 2271 1331 2326 vel
1356 2272 1475 2324 maxime
1498 2270 1614 2340 populo,
1641 2270 1677 2323 ad
1701 2287 1783 2341 quern
1804 2271 1923 2341 apostoli
1949 2276 1978 2325 et

279 2357 337 2412 siae
355 2356 478 2428 regimen
490 2357 696 2411 monarchicum
718 2375 778 2412 esse
798 2357 898 2412 debere
917 2357 1061 2412 contendit
1081 2372 1114 2410 ex
1141 2357 1329 2428 evangelistae
1357 2363 1504 2424 venerumt,
1540 2356 1596 2411 talc
1634 2356 1775 2427 quoddam
1808 2355 1977 2427 suffragium

203 2450 205 2454 ’
279 2460 321 2506 eo.
340 2442 416 2513 quod
434 2441 639 2498 monarchicum
655 2443 778 2514 regimen
796 2442 824 2496 in
843 2449 953 2498 terrena
971 2442 1114 2513 republica
1140 2443 1224 2497 tribui
1240 2443 1346 2513 nequit,
1364 2443 1446 2515 quale
1463 2443 1492 2496 in
1511 2442 1644 2498 electione
1665 2443 1865 2497 ordinariorum
1884 2450 1978 2514 pasto·

279 2530 316 2583 ait
340 2529 474 2599 optimum
495 2529 543 2582 lib.
575 2535 599 2584 1.
625 2527 660 2581 de
687 2528 786 2598 pontii.
809 2545 833 2584 c.
854 2535 879 2584 4.
915 2528 1065 2584 Praeterea
1083 2535 1115 2583 ut
1140 2546 1201 2582 rum
1215 2529 1333 2584 ecclesia
1339 2529 1399 2598 jam
1413 2529 1563 2582 constituta
1575 2527 1690 2596 obtinet,
1703 2536 1796 2583 tamen
1810 2546 1977 2584 consensum

281 2615 400 2686 populus
421 2616 485 2685 jure
516 2613 635 2668 natmali
667 2613 775 2669 obtinet
805 2613 962 2669 libertatem
992 2614 1114 2686 eligendi
1141 2621 1294 2685 spontanea
1307 2615 1464 2686 receptione
1477 2615 1686 2685 comprobatum
1694 2631 1774 2670 nemo
1786 2615 1826 2669 illi
1836 2614 1978 2686 denegare

281 2718 384 2773 regem,
404 2702 443 2756 ita
454 2702 574 2773 populus
585 2700 757 2756 Christianus
774 2716 808 2754 er
819 2699 921 2754 Christi
940 2701 1114 2755 concessione
1141 2702 1250 2772 poterit.

283 2797 311 2843 et
341 2788 526 2860 apostolorum
558 2787 636 2859 praxi
669 2787 776 2857 aliquas
806 2786 892 2841 habet
923 2786 953 2839 in
982 2786 1115 2841 electione
1145 2849 1149 2856 ,
1178 2794 1234 2843 tot.
1273 2795 1297 2843 5.
1315 2788 1362 2841 Ea
1381 2789 1502 2841 decretis
1519 2788 1719 2858 coactiones,
1736 2803 1807 2858 quae
1821 2788 2008 2856 prohibent&

283 2882 424 2946 pastorum
446 2875 500 2930 sibi
525 2874 632 2929 debitas
657 2881 757 2945 partes.
796 2873 852 2929 Sed
871 2873 1007 2944 quidquid
1025 2873 1061 2926 sit
1080 2872 1115 2926 de
1141 2876 1231 2929 trabis
1250 2875 1409 2930 almannum
1429 2891 1523 2928 eorum
1538 2876 1766 2944 permittendam,
1787 2875 1917 2943 quisunt
1935 2864 2010 2933 cd0]

283 2961 440 3016 discrimine
458 2961 529 3015 inter
552 2961 676 3032 regimen
691 2960 909 3015 ecclesiasticum
929 2965 957 3013 et
970 2959 1115 3029 politicum
1142 2963 1331 3015 sacedotium
1351 2963 1546 3031 promovendi,
1563 2967 1594 3016 ut
1611 2961 1693 3017 affert
1708 2960 1854 3016 concilium
1873 2959 1976 3015 Laodi-
2007 2963 2009 2977 '

282 3049 370 3120 (quod
387 3061 507 3102 noanon
525 3048 613 3102 solum
626 3048 744 3102 libenter
761 3046 946 3115 concedimus,
966 3045 1015 3099 aed
1033 3045 1116 3100 etiam
1143 3065 1225 3103 cenae
1237 3065 1298 3105 can.
1308 3054 1347 3103 13.
1360 3048 1457 3102 concil.
1470 3047 1583 3102 Martini
1593 3062 1683 3118 papae
1693 3047 1768 3118 apud
1778 3047 1978 3102 Bracaransem

282 3140 378 3189 contm
397 3133 595 3189 Bellarminum
606 3136 757 3205 urgemus),
777 3133 849 3187 illud
866 3139 972 3187 certum
990 3137 1040 3197 eat,
1056 3149 1117 3187 ner·
1142 3152 1166 3190 c.
1186 3141 1210 3191 t.
1231 3137 1414 3197 decretorum,
1433 3134 1529 3188 concil,
1545 3134 1700 3190 Nicaenum
1717 3135 1755 3189 11.
1773 3150 1835 3191 ean.
1855 3138 1880 3188 3.
1899 3148 1978 3189 conc.

282 3236 347 3274 sum
371 3220 527 3292 argumenti
553 3219 761 3274 Bellarminiani
786 3218 839 3273 hac
863 3218 989 3273 inardere
1009 3218 1117 3274 fortiter
1143 3220 1477 3290 Constantinopolitanum
1489 3218 1539 3274 IV.
1558 3220 1634 3291 quod
1651 3227 1694 3275 eat
1708 3206 1835 3275 octavum
1848 3219 1980 3291 generale

283 3305 376 3359 incidi.
420 3305 449 3361 Si
476 3305 550 3360 enirn
572 3305 637 3360 inde
662 3313 746 3376 atque
770 3304 832 3358 ideo
857 3304 921 3374 jure
942 3304 1036 3359 divino
1061 3321 1117 3359 non
1143 3325 1203 3362 ean.
1229 3311 1270 3362 18.
1298 3306 1522 3376 Respondemus:
1542 3312 1564 3361 1.
1578 3313 1738 3379 repetantur
1755 3307 1872 3361 aliorum
1887 3307 1980 3361 conci·

283 3392 415 3462 competit
439 3392 543 3464 populo
567 3392 670 3464 eligere
693 3398 831 3462 pastores,
861 3391 928 3463 quia
954 3398 1020 3446 aunt
1043 3407 1116 3459 oves,
1143 3395 1240 3448 liorurn
1279 3398 1307 3449 et
1337 3392 1498 3463 pontificum
1528 3391 1715 3447 Romanorum
1748 3392 1870 3462 decreta,
1906 3408 1980 3462 quae

283 3479 380 3549 utique
398 3479 481 3533 etiam
499 3479 564 3532 inde
583 3483 667 3549 atque
686 3477 749 3532 ideo
769 3479 834 3548 jure
854 3476 948 3532 divino
972 3495 1027 3532 non
1045 3494 1117 3531 com·
1145 3494 1245 3549 magno
1274 3494 1388 3533 numero
1413 3477 1540 3549 superius
1570 3484 1635 3533 sunt
1659 3477 1795 3546 adducta,
1822 3482 1854 3531 ut
1884 3477 1980 3532 clarita

285 3570 362 3635 petet
387 3566 491 3637 popolo
518 3565 621 3635 eligere
650 3581 742 3635 reges,
769 3563 835 3634 quia
860 3563 957 3619 itidem
987 3563 1118 3619 dicuntur
1144 3566 1223 3619 clavo
1242 3565 1384 3629 trudatur,
1404 3564 1477 3618 sicut
1493 3565 1522 3618 in
1542 3564 1624 3618 simili
1640 3564 1762 3635 loquitur
1782 3562 1979 3620 Salmeronius.

286 3668 379 3704 eorum
406 3659 534 3722 respectu
561 3667 633 3708 caes.
682 3651 726 3703 Ae
752 3650 887 3714 vicissim,
915 3650 939 3704 si
966 3667 1000 3706 ex
1026 3650 1117 3704 ovium
1147 3660 1169 3707 2.
1193 3652 1398 3729 argumentum
1423 3669 1456 3706 ex
1483 3649 1599 3706 decretis
1626 3650 1804 3705 conciliorum
1822 3655 1866 3707 est
1882 3667 1980 3706 secun·

286 3737 472 3809 appellatione
483 3753 538 3791 non
557 3741 649 3807 potest
668 3736 794 3808 derogari
811 3737 915 3808 populo
930 3738 977 3807 jus
998 3736 1118 3808 eligendi
1146 3738 1266 3808 darium,
1293 3737 1360 3809 quia
1387 3742 1497 3808 patrum
1524 3737 1612 3806 dicta,
1648 3736 1810 3807 pontificum
1836 3738 1980 3807 rescripta,

287 3840 374 3894 reges,
391 3823 488 3894 utique
507 3822 738 3877 etiamexovinm
757 3822 942 3892 appellatione
959 3838 1015 3877 non
1027 3827 1119 3891 potest
1146 3824 1322 3879 conciliorum
1353 3823 1465 3880 decreta
1492 3831 1546 3878 cte.
1589 3823 1749 3894 Scripturas
1781 3823 1809 3881 S.
1838 3824 1921 3880 unico
1952 3830 1979 3875 at

289 3911 416 3981 derogari
434 3909 537 3980 populo
560 3908 745 3964 ecclesiastico
765 3909 813 3977 jus
841 3909 963 3980 eligendi
986 3914 1120 3980 pastores.
1145 3911 1255 3982 proprio
1267 3909 1568 3981 theologiecprincipio
1587 3914 1652 3963 sunt
1670 3910 1804 3981 subjecta
1821 3925 1874 3965 nec
1885 3910 1980 3977 ullam,

288 4006 313 4052 a.
340 3997 472 4067 Superius
502 3996 541 4051 th.
571 4001 612 4050 88.
639 3994 754 4051 membr.
779 4002 804 4050 ’1.
830 3994 915 4050 aliam
941 3994 1120 4065 produximus
1146 3997 1197 4052 nisi
1218 4015 1280 4052 cum
1300 3997 1361 4066 ipso
1382 4002 1477 4051 exacte
1496 3996 1679 4060 consentiant,
1699 3996 1890 4051 auctoritatem
1908 3993 1980 4048 obti-

289 4081 496 4138 similitudincm
514 4100 547 4138 ex
566 4081 713 4153 hypothesi
731 4081 803 4151 juris
821 4081 947 4137 canonici
963 4082 1121 4151 deductam,
1146 4091 1221 4140 nent.
1252 4090 1276 4139 3.
1298 4084 1425 4138 Canones
1442 4083 1483 4138 illi
1506 4099 1681 4155 nequaquam
1700 4100 1862 4139 consensum
1881 4080 1980 4152 populi

290 4185 362 4239 quae
379 4169 486 4239 probat,
505 4186 560 4225 non
578 4185 660 4240 posse
678 4169 823 4225 ecclesiam
840 4170 877 4223 ab
888 4168 1021 4224 electione
1029 4175 1120 4239 pasto·
1146 4171 1182 4226 ab
1206 4169 1340 4225 electione
1362 4176 1501 4238 pastorum
1525 4169 1687 4240 simpliciter
1715 4171 1857 4225 exclusum
1874 4167 1980 4236 volunt,

288 4271 349 4308 rum
368 4255 484 4310 excludi.
1147 4256 1195 4311 aed
1219 4256 1271 4312 hoc
1296 4256 1430 4310 duntaxat
1454 4255 1611 4326 requirunt,
1637 4272 1673 4310 ne
1697 4255 1816 4326 populus
1842 4270 1892 4309 suo
1914 4254 1981 4324 jure

161 4361 229 4402 aaa
328 4346 383 4398 103.
419 4349 444 4397 4.
464 4343 510 4394 Eu
534 4342 726 4413 apostolorum
750 4340 887 4410 exemplo,
908 4342 959 4411 qui
976 4341 1121 4411 episcopm
1148 4343 1289 4407 abutatur,
1314 4347 1346 4396 ut
1368 4340 1412 4396 ael
1436 4340 1491 4395 sibi
1511 4341 1563 4395 soli
1581 4341 1693 4398 excluso
1709 4339 1884 4414 presbyterio
1901 4345 1980 4411 pote

162 4414 254 4504 m*
287 4429 397 4500 poesim
418 4428 556 4494 elipebant
578 4428 638 4480 sine
658 4429 796 4497 eteffrapio
813 4427 1008 4495 multitudinis,
1026 4428 1070 4480 vel
1089 4443 1122 4484 ea
1148 4435 1247 4483 statem
1265 4427 1386 4498 eligendi
1405 4427 1503 4497 rapiat,
1521 4427 1565 4480 vel
1585 4427 1734 4482 insolenter
1750 4426 1862 4482 modum
1876 4425 1981 4498 agendi

163 4514 462 4578 missiamanum,
487 4515 563 4582 quoa
586 4513 731 4583 episcopos
755 4532 773 4566 a
796 4529 826 4566 se
849 4521 959 4568 creatas
977 4513 1122 4566 mittebant
1148 4515 1320 4586 presbyterio
1339 4513 1525 4583 praescribat,
1544 4513 1588 4569 vel
1604 4514 1758 4570 inordinate
1774 4520 1803 4568 et
1819 4511 1935 4568 confuse
1953 4513 1983 4566 in

291 4604 333 4656 ad
356 4599 482 4671 populas
505 4600 631 4652 absentes
662 4608 688 4652 et
714 4599 851 4666 infideles.
898 4598 1121 4670 Respondemus:
1149 4608 1205 4655 tam
1233 4607 1329 4655 saneto
1362 4599 1474 4670 negotio
1506 4602 1646 4670 procedat
1685 4603 1800 4656 Constat
1832 4599 1923 4670 enim,
1955 4605 1982 4655 et

292 4695 315 4743 1.
335 4686 564 4756 distinguendum
582 4693 624 4739 est
641 4685 713 4739 inter
731 4685 875 4740 ecclesiam
890 4684 1071 4756 plantandam
1089 4703 1122 4740 ac
1149 4686 1352 4757 magistratum,
1373 4691 1402 4740 et
1426 4686 1560 4757 populum
1583 4704 1633 4743 suo
1648 4689 1712 4759 jure
1732 4687 1760 4740 in
1780 4685 1915 4741 electione
1933 4701 1979 4756 pa·

290 4775 451 4843 plantatam,
469 4771 691 4826 constituendam
710 4777 738 4829 et
751 4773 936 4828 constitutam.
968 4772 1122 4842 Argumen·
1148 4778 1253 4826 storum
1267 4771 1376 4841 saepius
1395 4770 1480 4826 fuisse
1507 4774 1641 4843 abusum,
1670 4773 1715 4827 eui
1739 4772 1811 4827 malo
1829 4770 1978 4827 canonibus

290 4867 349 4914 tum
374 4857 534 4913 Bellarmini
563 4857 686 4928 loquitur
714 4857 749 4912 de
774 4858 925 4912 ministerio
951 4859 980 4911 in
1008 4859 1124 4913 ecclesia
1149 4859 1202 4913 iilis
1220 4858 1330 4913 obviam
1350 4857 1389 4912 ire
1408 4860 1563 4925 voluerunt,
1581 4874 1759 4929 nequaquam
1776 4874 1843 4913 vero
1860 4862 1975 4913 veteres

290 4946 381 5000 adhue
407 4944 559 5014 plantanda
585 4949 614 4998 et
640 4945 849 5012 constituenda,
879 4944 1004 5014 quaestio
1029 4950 1124 4999 nostra
1149 4951 1176 4999 et
1188 4960 1238 5015 per
1255 4943 1396 4998 universas
1408 4944 1466 5001 fere
1484 4945 1614 5001 ecclesias
1628 4948 1768 5014 receptam
1784 4960 1836 5015 per
1849 4941 1974 5013 suffragia

291 5032 350 5104 agit
375 5030 410 5085 de
431 5030 585 5084 ministerio
611 5029 640 5082 in
666 5030 783 5085 ecclesia
802 5031 929 5100 jamdum
952 5030 1078 5101 plantata
1095 5036 1124 5085 et
1149 5029 1244 5100 populi
1274 5030 1397 5101 eligendi
1423 5031 1662 5095 consuetudinem,
1689 5036 1721 5083 ut
1738 5029 1894 5101 Cyprianus
1922 5041 1974 5084 ern

292 5117 449 5173 constituta.
489 5122 513 5170 1.
537 5115 772 5187 Distinguendum
796 5122 838 5170 eat
860 5115 982 5171 officium
1005 5133 1122 5189 evange·
1149 5123 1238 5184 vocat,
1266 5117 1377 5187 penitus
1394 5118 1514 5175 abolere.
1550 5120 1574 5170 4.
1592 5113 1718 5169 Canones
1737 5133 1803 5187 ergo
1821 5115 1862 5170 illi
1880 5124 1974 5180 nepsa-

291 5205 416 5260 listarum
447 5203 476 5255 in
503 5201 643 5271 primitiva
671 5203 787 5257 ecclesia
814 5202 1061 5257 extraordinarium
1086 5203 1123 5258 ab
1151 5219 1233 5273 quam
1253 5201 1305 5258 hoc
1322 5203 1426 5269 volunt,
1445 5202 1519 5275 qnod
1537 5217 1686 5257 consensus
1705 5207 1733 5256 et
1753 5201 1973 5273 suffragiunpc·

292 5290 384 5345 officio
409 5295 551 5360 pastorum
577 5294 605 5342 et
631 5289 775 5343 doctarum
802 5289 832 5343 in
853 5288 971 5344 ecclesia
989 5297 1123 5361 perpetuo
1150 5289 1210 5360 puli
1228 5305 1245 5342 a
1263 5288 1603 5345 vocationeministrorum
1618 5287 1702 5358 plane
1717 5287 1906 5344 meludentm
1926 5282 1971 5347 sit,

292 5383 321 5429 et
338 5376 476 5432 ordinario
487 5373 558 5446 Eph.
572 5380 598 5443 4,
616 5393 641 5431 v.
664 5380 703 5430 11.
722 5375 919 5446 Evangelistae
937 5375 973 5430 ab
991 5376 1124 5446 apostolia
1150 5374 1180 5428 id
1198 5375 1271 5429 euim
1289 5376 1318 5429 in
1336 5368 1453 5429 concilio
1467 5371 1645 5428 Antiocheno
1662 5373 1716 5428 fuit
1732 5369 1969 5445 prohibitus-aed

292 5463 473 5519 mittebantur
492 5461 529 5517 ad
558 5460 675 5532 populos
702 5461 829 5517 absentes
858 5469 886 5517 et
912 5461 1052 5532 infideles,
1080 5464 1124 5518 acl
1151 5461 1280 5517 sufficere
1295 5463 1430 5524 amount,
1450 5452 1474 5506 ti
1494 5456 1628 5523 primores
1646 5462 1779 5517 ecelesiae
1796 5451 1968 5528 virtncssieet
