4020 6014
677 309 729 366 DE
744 307 1000 367 meterem!
1018 310 1206 369 Pommoo.
1735 326 1795 381 348

95 461 227 532 gistratus
239 478 294 515 non
313 462 398 517 debet
416 463 469 517 sibi
488 464 517 516 in
530 462 647 517 ecclesia
658 466 824 533 potestatem
844 477 929 530 quan·
958 464 1131 519 terrendam
1151 470 1303 521 macedum
1321 470 1433 522 uerbum
1452 471 1522 538 ejus.
1542 487 1568 540 p.
1590 474 1640 525 68:
1662 470 1797 538 Officium

96 547 160 600 dam
187 545 420 618 αὐτοκρατορικὴν
448 565 498 601 nec
524 564 574 610 ea,
607 563 680 617 quae
704 553 769 602 sunt
786 546 930 600 ministerii
958 552 1141 618 mopistrctus
1159 554 1190 605 in
1202 554 1337 619 reqimine
1349 556 1484 608 ecchsiae
1498 556 1644 622 speciatim
1663 571 1693 608 ιι
1710 557 1796 609 etiam

96 632 218 702 propria,
236 649 372 702 arrogare.
403 631 574 686 Athanasius
593 632 621 686 in
634 649 679 703 ep.
698 634 734 687 ad
751 633 824 687 solit.
844 632 930 687 vitam
957 638 1081 690 entendit
1105 641 1146 691 cd
1169 641 1346 692 condendum
1369 640 1446 707 lepre
1474 649 1501 693 et
1526 642 1733 694 constitutiones
1752 658 1796 695 sc·

95 723 189 787 agent.
208 715 227 770 f.
247 722 304 769 650.
326 716 430 788 allegat
451 718 530 787 epist
547 717 641 786 Hosii,
668 718 696 772 in
722 735 778 789 qua
797 718 866 772 haec
885 735 930 771 ex·
957 721 1138 776 ιιιιιιιιιίιαι.
1163 741 1190 792 p.
1207 729 1253 778 ιιι
1290 726 1462 778 Ριιιιιαιιιιι
1488 727 1562 794 tepea
1592 727 1796 781 ecclsriarticcr

96 807 185 856 stant:
209 804 252 855 Ne
271 812 297 855 te
310 804 464 872 imperator
477 804 594 856 misceas
613 804 825 863 molestamus.
843 820 930 870 neque
957 809 1106 871 condendi,
1121 810 1233 876 fipendi
1251 818 1276 862 et
1292 811 1439 878 resipendi
1458 813 1499 864 cd
1516 814 1714 879 mapietratum
1728 829 1794 882 prr·

96 891 174 942 nolis
194 891 224 941 in
242 890 293 943 iroc
309 906 408 955 ponere
423 890 570 959 praecipe,
586 891 640 942 sod
652 890 746 958 potius
761 906 795 942 ea
814 906 834 941 a
853 889 931 941 nobie
958 894 1046 947 tinere
1069 897 1168 948 docent
1187 896 1315 966 erensplo
1328 896 1444 964 piorum
1463 914 1567 965 requm,
1589 899 1722 965 Daoidie,
1743 899 1794 952 Sa·

96 977 181 1028 dirce.
223 975 286 1026 Tibi
302 976 383 1027 Deua
409 975 557 1043 imperium
581 974 733 1041 cornorum,-
755 975 834 1029 notis
858 989 930 1042 quae
957 979 1085 1047 temonis,
1117 981 1267 1055 Erectiae,
1294 980 1395 1035 Josiae
1414 990 1440 1035 et
1457 982 1590 1038 aliorum.
1627 984 1710 1053 Casp.
1727 984 1795 1039 Bar·

96 1070 159 1112 eunt
187 1060 321 1113 ecclcsiae
350 1061 541 1125 concredidit,
571 1069 597 1114 et
624 1062 855 1129 quemadmodum
883 1060 933 1128 qui
957 1064 1034 1118 laeua
1054 1065 1159 1121 dissert
1179 1084 1207 1136 p.
1228 1072 1272 1122 14:
1302 1069 1424 1120 Tantum
1446 1069 1537 1134 abest,
1566 1077 1596 1121 ut
1615 1070 1795 1138 principibus

96 1155 172 1199 taum
197 1146 344 1214 imperium
363 1146 494 1211 nralipnis
520 1147 609 1198 oculis
628 1148 735 1215 carpit,
759 1145 930 1200 contradicit
957 1168 1064 1203 usmmc
1089 1151 1119 1203 in
1143 1152 1276 1205 eccleciae
1295 1153 1413 1221 repotiis
1424 1153 1504 1220 juris
1532 1155 1654 1208 docendi
1665 1162 1816 1223 potestas¹

95 1232 274 1286 ordinationi
295 1232 421 1297 ιιιύιιιιιις
451 1233 536 1286 itaet
556 1240 683 1295 tueare,
714 1249 748 1286 ne
776 1249 847 1301 quae
867 1237 930 1283 ιιιιι
958 1236 1095 1303 deneqcri
1111 1237 1210 1291 merito
1230 1239 1338 1304 debeat,
1358 1245 1389 1291 ut
1399 1239 1529 1306 plerique
1548 1247 1667 1292 ueterum
1688 1249 1745 1294 tum
1762 1241 1794 1295 in

95 1319 228 1372 ccclesiae
245 1319 287 1370 ad
299 1325 324 1371 tc
344 1317 458 1371 tratrem
474 1335 577 1385 mcpno
592 1319 704 1372 crimini
715 1317 850 1371 oenoetus
862 1319 929 1385 siaa
959 1322 1018 1373 Dei
1032 1321 1140 1391 populo
1158 1330 1222 1374 ante
1241 1323 1352 1390 Moprir
1372 1331 1398 1376 et
1416 1324 1542 1376 daronis
1569 1332 1709 1393 tempora,
1737 1333 1792 1379 trun

96 1407 185 1470 Date,
213 1404 348 1471 ecriptum
365 1412 419 1465 est,
449 1422 522 1472 quae
538 1412 603 1457 sunt
622 1405 747 1458 caeraris
774 1403 887 1456 caesari
902 1410 929 1455 et
956 1404 1040 1458 ctiam
1058 1409 1139 1475 apud
1156 1408 1274 1475 pentilus
1292 1410 1349 1460 duo
1367 1409 1436 1460 baec
1457 1410 1552 1461 munia
1575 1416 1724 1475 conjuncta
1743 1412 1792 1465 lta·

93 1508 164 1559 quae
183 1490 243 1542 Dei
262 1491 332 1541 Deo.
369 1490 466 1557 Neque
484 1507 550 1557 erqo
568 1491 618 1550 fae
635 1498 678 1544 est
696 1491 776 1543 nobis
794 1488 822 1541 in
841 1488 928 1541 terrie
956 1491 1072 1558 tuerint,
1090 1493 1404 1561 sacerdotiuminqucm
1419 1502 1444 1546 et
1462 1511 1584 1562 repnum.
1615 1494 1652 1545 In
1672 1495 1792 1549 Melcte

94 1576 240 1644 imperium
264 1583 371 1641 tenere,
397 1591 484 1643 neque
502 1584 531 1627 tu
558 1577 770 1642 thymiamatum
789 1583 815 1627 et
832 1591 928 1627 sacro·
955 1577 1054 1630 sedeco
1080 1593 1128 1630 res
1150 1578 1241 1647 plana
1267 1587 1306 1632 ιιι
1332 1587 1357 1631 ιι
1378 1596 1449 1646 quae
1467 1581 1548 1646 requi
1564 1581 1711 1648 cujusdam
1731 1599 1792 1651 sps·

92 1682 155 1715 rum
173 1664 328 1731 imperatcr
347 1662 431 1715 trabes
447 1669 620 1730 potestatem.
655 1662 692 1716 Et
711 1667 808 1732 posue
824 1659 844 1715 i.
865 1665 927 1715 654.
955 1663 1024 1714 ciem
1050 1664 1201 1732 habebant,
1232 1667 1262 1718 in
1288 1666 1520 1733 patriarcharum
1544 1666 1675 1728 familiis.
1712 1668 1792 1721 Inter

92 1748 182 1818 inquit
201 1747 373 1803 Athanasius
392 1749 465 1818 ipse:
495 1749 529 1802 Si
546 1749 624 1802 istud
647 1757 687 1802 ιιι
706 1748 850 1817 judicium
869 1747 927 1815 epi-
955 1749 1078 1802 ethnicos
1105 1751 1277 1818 Dictopenee
1304 1750 1511 1817 Ppticporicur
1532 1752 1591 1803 tria
1617 1752 1647 1804 in
1665 1752 1791 1818 lepitimo

91 1853 247 1905 eccporum,
267 1836 339 1903 quid
356 1851 495 1888 commune
514 1853 574 1905 cum
596 1852 628 1888 eo
650 1835 731 1888 babet
751 1835 928 1903 imperator!
954 1851 1020 1902 repe
1038 1836 1173 1903 requirit,
1200 1845 1230 1888 ut
1249 1836 1317 1889 belli
1336 1838 1393 1888 dua
1410 1836 1463 1899 sit,
1488 1843 1517 1887 ut
1536 1835 1631 1902 iudos,
1651 1845 1679 1889 ut
1696 1854 1788 1889 sacer-

90 1922 135 1972 eiu
170 1929 268 1974 contra
290 1921 347 1974 ista
381 1921 465 1974 minis
500 1921 626 1974 caesarie
653 1922 826 1989 conflantur,
857 1919 928 1987 quid
954 1920 1015 1972 dor.
1055 1921 1199 1987 Aupustue
1214 1922 1408 1990 pontificatum
1433 1920 1583 1972 marimum
1602 1921 1720 1989 imperio
1738 1924 1790 1977 ‹ut-

91 2025 161 2074 opue
199 2013 237 2058 est
276 2006 431 2059 bominibus
479 2007 563 2061 titulo
607 2007 761 2076 episcopie,
814 2007 927 2074 qriando
947 2004 1046 2071 junrit
1065 2023 1179 2075 eumque
1194 2008 1284 2061 secuti
1297 2008 1443 2076 principes
1466 2006 1539 2059 idem
1561 2008 1661 2070 fecere.
1700 2006 1789 2060 Armi-

83 2094 228 2160 judicium
261 2091 395 2145 eccleciae
430 2092 625 2145 auctoritatem
659 2110 740 2146 mam
771 2092 808 2144 ab
844 2092 928 2159 impe·
955 2090 1017 2144 nius
1037 2097 1089 2145 art.
1108 2092 1241 2162 perpend.
1261 2110 1289 2162 p.
1304 2098 1355 2149 38:
1372 2094 1461 2147 Penes
1480 2093 1674 2159 mapistratum
1694 2103 1733 2145 est
1751 2094 1789 2146 le-

89 2187 184 2231 ratore
213 2179 343 2247 occepit!
375 2179 458 2248 Apud
487 2178 601 2233 Suidam
633 2179 765 2233 Leontius
804 2176 927 2247 Tripolis
954 2193 1001 2242 per
1032 2178 1067 2229 de
1091 2178 1197 2248 politic
1224 2179 1416 2232 ecclericrts'cc
1448 2180 1576 2233 condere.
1625 2176 1788 2248 Episcopiur

90 2263 199 2333 Libyes
236 2263 382 2335 episcopus
422 2266 457 2317 ad
490 2264 630 2320 Constant.
678 2264 749 2319 inter
784 2263 929 2334 episcopos
954 2261 1057 2331 disput.
1081 2263 1115 2317 de
1141 2265 1205 2333 jure
1233 2264 1357 2335 magistr.
1383 2263 1419 2318 th.
1442 2269 1489 2318 lt:
1523 2263 1714 2330 Magistratus
1734 2282 1790 2317 non

90 2349 289 2418 praesidentem
316 2354 344 2402 ot
360 2349 485 2404 ecclesiis
508 2349 695 2420 praescribere
715 2349 852 2404 volentem
872 2347 927 2402 ait:
954 2347 1119 2415 simpliciter
1132 2350 1295 2419 opurliabst
1312 2349 1430 2404 coneilio
1445 2349 1568 2414 illorum,
1584 2350 1789 2415 quitiaeasro·

90 2437 199 2502 Miror,
226 2437 393 2504 imperator,
422 2438 471 2504 qui
494 2440 560 2502 fiat,
594 2437 672 2508 ἕιιρα
689 2437 797 2490 diluere
816 2438 928 2504 ταχθεὶς
953 2450 1015 2484 rum
1042 2435 1254 2488 administratio
1285 2437 1457 2488 demandata
1485 2443 1524 2486 cet
1552 2437 1582 2486 in
1606 2436 1789 2496 conficiendis

90 2523 190 2591 ἑτέροις
226 2523 385 2594 ἐπιχειρεῖς,
419 2532 449 2575 ιιι
485 2524 553 2576 aliie
598 2523 734 2578 mirandis
769 2522 927 2576 Muclus
953 2520 1073 2572 decretio
1099 2521 1159 2573 ιιιέι
1186 2529 1234 2572 aut
1262 2522 1291 2572 in
1316 2521 1353 2572 iis
1371 2519 1543 2574 roboranda
1567 2529 1592 2572 et
1611 2521 1789 2575 srcbdiemts's

88 2608 149 2660 alio
174 2616 285 2676 tracter,
313 2608 364 2676 qui
390 2625 451 2661 cum
476 2609 522 2661 rei
545 2608 668 2661 militari
692 2615 717 2661 et
750 2607 925 2675 respublicae
953 2607 1135 2671 maritate,
1162 2623 1225 2658 cum
1245 2607 1418 2673 sufficienter
1445 2625 1464 2657 α
1484 2605 1636 2674 Scriptura
1661 2606 1789 2660 corrrilis'e

88 2695 213 2761 ιιιιιιιίι,
227 2695 379 2763 episcopie
402 2709 438 2746 ea
460 2694 656 2762 promeritas,
685 2711 756 2762 quoe
784 2695 826 2746 cd
849 2690 1104 2751 salaminus-uum
1123 2699 1150 2745 et
1167 2692 1304 2759 plenaria
1325 2700 1482 2762 potestate,
1507 2708 1564 2758 qua
1585 2693 1680 2745 emisio
1702 2693 1788 2759 solur,

92 2781 236 2848 episcopor
249 2780 402 2847 pertinent.
433 2779 588 2849 Imperator
607 2779 702 2849 itaque
722 2778 924 2834 verecundatus
937 2773 940 2819 i
952 2779 1067 2842 quando
1084 2776 1151 2844 mu,
1168 2777 1282 2844 eccequi
1295 2784 1394 2844 potest,
1409 2779 1532 2845 deeuper
1551 2794 1570 2829 a
1582 2778 1647 2830 Deo
1665 2779 1787 2833 donau·

92 2864 228 2935 ejusmodi
264 2864 362 2919 edictis
399 2865 578 2936 imposterum
615 2864 783 2918 otminuime
820 2867 923 2927 fertur.
951 2860 995 2914 eit.
1030 2861 1145 2915 Rectius
1162 2861 1353 2916 Damascenus
1371 2869 1440 2916 orat.
1460 2869 1483 2917 ι.
1504 2862 1539 2916 de
1557 2861 1655 2934 imag:
1686 2863 1719 2917 oi
1739 2871 1787 2930 βι-

91 2949 253 3004 Ambrosius
271 2966 315 3020 ep.
342 2958 389 3007 33:
424 2951 493 3004 Noli
515 2959 540 3004 ιι
563 2968 684 3019 pravare
706 2952 868 3020 imperator,
893 2949 1049 3002 utrarttur
1069 2948 1125 2999 tort
1146 2949 1333 3019 νομοθετῆσαι
1353 2950 1384 3020 τῇ
1406 2950 1542 3016 ἐκκλησίᾳ,
1570 2955 1598 3003 et
1621 2947 1787 3003 Ambrosius
1819 2947 1821 2950 ⁴

85 3045 177 3106 putee,
196 3045 221 3090 ιι
239 3037 270 3090 in
287 3053 328 3101 ec,
345 3053 417 3105 quae
436 3037 533 3090 diuina
551 3045 623 3100 sunt,
641 3036 788 3106 imperiale
805 3036 924 3103 aliquod
949 3030 998 3086 lib.
1018 3039 1041 3086 5.
1060 3039 1143 3088 orat:
1162 3034 1261 3087 Bonae
1278 3034 1434 3102 imperator
1452 3035 1528 3086 intra
1548 3034 1712 3102 acetosum,
1731 3051 1788 3090 non

83 3125 135 3192 jus
159 3124 269 3177 habere.
305 3123 379 3176 Noli
401 3131 426 3175 te
450 3123 596 3190 extollere,
628 3125 681 3176 red
703 3123 730 3175 ri
750 3123 793 3176 orb
816 3122 922 3175 diutim
948 3136 1037 3187 supra
1056 3120 1208 3174 eccleciam
1234 3119 1417 3174 Oasaubonus
1435 3120 1464 3173 in
1482 3121 1598 3190 praefat.
1619 3120 1730 3174 exercit.
1749 3120 1786 3176 ad

89 3211 240 3279 imperare,
268 3216 326 3263 erto
345 3209 410 3262 Deo
433 3209 569 3262 medum.
606 3208 750 3277 Scriptum
767 3216 822 3276 ιιι,
850 3223 922 3276 quae
948 3205 1040 3260 annal.
1074 3205 1195 3261 Beronii.
1247 3210 1269 3259 1.
1305 3207 1390 3260 Recte
1422 3207 1534 3274 quidem
1568 3206 1644 3260 illud
1675 3207 1788 3270 dicitur,

90 3297 149 3350 Dei
165 3297 244 3362 Deo,
264 3312 337 3363 quae
355 3296 480 3348 caesaris
499 3295 618 3348 caesari.
655 3294 705 3347 Ad
725 3293 921 3364 imperatorem
948 3310 1004 3345 non
1022 3309 1080 3345 eme
1096 3292 1257 3361 principum
1276 3301 1326 3346 aut
1339 3292 1463 3346 ciuilium
1475 3292 1693 3361 maqirtrctuum
1712 3293 1786 3359 lepos

86 3382 201 3450 palatio
215 3382 374 3449 pertinent,
401 3383 442 3432 ad
463 3381 626 3434 sacerdotia
644 3380 787 3435 ecclesiae.
824 3379 922 3433 Publi·
947 3395 1034 3431 nouar
1061 3380 1097 3431 de
1122 3379 1197 3433 cultu
1216 3381 1275 3432 Dei
1300 3377 1476 3432 conscientiis
1494 3378 1574 3440 ferre
1599 3384 1648 3429 aut
1662 3377 1788 3446 proprio

88 3487 183 3522 corum
192 3467 244 3520 tibi
253 3468 390 3520 moenium
394 3468 448 3535 jue
461 3466 634 3520 commissum
646 3473 694 3532 ιιι,
702 3483 758 3519 non
767 3483 921 3519 sacrorrun.
948 3466 1125 3518 sacerdotum
1152 3465 1228 3518 obire
1251 3464 1362 3525 munic,
1393 3465 1446 3516 sed
1470 3461 1576 3514 utinam
1602 3462 1785 3515 considerare

87 3553 164 3607 Idem
184 3553 219 3606 ad
238 3551 425 3607 Theodosium
443 3551 508 3622 imp.
526 3551 609 3620 apud.
628 3550 832 3606 Theodoretum
855 3551 873 3607 l.
897 3557 921 3616 5,
942 3550 1091 3618 principer
1109 3550 1224 3616 uellent,
1250 3549 1334 3602 aliud
1353 3564 1411 3601 eree
1428 3547 1603 3599 cacerdotem
1622 3563 1727 3614 apere,
1754 3565 1786 3600 ec

87 3656 109 3692 e.
140 3646 181 3692 tt:
207 3640 342 3706 Purpura
366 3637 549 3710 imperatorer
567 3654 623 3690 non
640 3637 801 3690 sacerdotes
822 3637 920 3700 eflicit.
948 3635 1062 3689 ambone
1084 3635 1249 3705 scripturae
1267 3634 1468 3702 interpretari,
1492 3639 1671 3685 sacramenta
1696 3634 1785 3687 admi-

87 3725 276 3778 Damaecenus
289 3728 357 3778 crat.
371 3728 394 3777 2.
407 3723 443 3776 de
458 3723 556 3793 imag:
572 3720 604 3775 oi
619 3724 754 3789 ρασιιιωι
769 3722 824 3774 tart
838 3742 920 3788 rouo
946 3722 1083 3787 nistrare,
1101 3720 1131 3773 in
1149 3721 1258 3774 nomine
1277 3719 1384 3773 Christi
1400 3719 1492 3786 lipare
1509 3726 1535 3771 et
1551 3718 1675 3784 salvem
1701 3719 1786 3774 aliud

88 3811 200 3873 ‚teriam
224 3811 255 3881 τῇ
279 3810 417 3876 ἐκκλησίᾳ.
458 3807 634 3878 Augustinus
656 3823 700 3876 ep.
726 3812 768 3862 48.
794 3813 834 3862 50.
864 3811 920 3863 165.
947 3807 1115 3859 crmtoritutc
1132 3823 1185 3859 suc
1200 3805 1373 3874 prospicere,
1392 3813 1422 3858 ut
1443 3821 1515 3873 quae
1533 3812 1598 3858 eunt
1616 3806 1783 3872 sacmdotis,

88 3895 182 3961 docet,
207 3895 353 3965 principes
378 3894 472 3960 lepum
492 3894 654 3947 diuinorum
679 3910 735 3947 non
754 3893 920 3960 interpretes
947 3899 1015 3960 apat
1032 3893 1179 3955 sacerdos,
1205 3899 1288 3959 atque
1306 3893 1339 3944 id
1357 3892 1423 3955 rite,
1451 3899 1480 3944 ut
1499 3899 1540 3944 ιιι
1558 3908 1577 3943 c
1595 3892 1657 3944 Deo
1676 3892 1782 3959 iussus.

87 3990 112 4032 ιι
133 3980 289 4047 mnqistros,
308 3983 360 4033 sed
383 3982 527 4046 eudociae,
555 3978 689 4033 ecclesiae
712 3995 767 4032 non
792 3979 921 4032 dominor
948 3978 1012 4031 Hae
1033 3984 1133 4045 portes
1156 3973 1187 4029 iu'
1216 3977 1333 4030 ecclesia
1356 3977 1500 4045 Deijcm
1519 3978 1622 4030 indeo
1638 3977 1781 4044 principio

86 4068 137 4117 red
155 4065 291 4118 nutricios
309 4072 334 4118 et
353 4066 518 4129 defemorcr
542 4079 601 4117 erre
623 4064 730 4116 debere.
769 4062 921 4118 Valentini·
944 4063 989 4133 pii
1002 4061 1151 4131 principer
1175 4062 1230 4115 sihi
1252 4079 1361 4130 semper
1380 4062 1622 4119 vendicarunt.**
1657 4062 1698 4118 Ut
1716 4078 1782 4133 ergo

85 4168 155 4204 anus
175 4149 193 4204 l.
213 4156 235 4203 ι.
255 4149 373 4220 Tripsrt
394 4167 417 4206 c.
437 4154 466 4204 8.·
487 4150 585 4203 Noctis
604 4156 716 4218 aperte,
742 4149 851 4202 raediti
868 4150 920 4201 uti-
947 4149 1068 4203 medium
1089 4149 1140 4202 iter
1158 4147 1230 4202 inter
1249 4148 1371 4219 Scyllam
1397 4165 1431 4204 ac
1449 4148 1610 4216 Charybdin
1631 4155 1781 4214 teneamus,

88 4253 140 4306 que
155 4236 259 4290 diuinis
272 4237 399 4304 eloquiis,
418 4236 529 4304 quoteni
542 4243 671 4304 oporteat
685 4252 743 4288 esse
756 4236 921 4303 pontificem
933 4248 936 4311 ι
946 4235 1036 4305 primo
1055 4234 1176 4288 omnium
1197 4234 1442 4290 demonstrandam
1467 4234 1568 4303 fuerit,
1594 4233 1781 4289 Christianum
1797 4243 1901 4285 nm.

86 4332 110 4374 et
135 4324 212 4390 quod
234 4339 290 4375 non
316 4323 414 4375 deceat
439 4336 502 4374 euru
527 4322 609 4374 rulo
633 4321 738 4389 solum,
767 4323 820 4375 sed
836 4318 976 4375 eticm'et
992 4321 1070 4390 pium
1087 4321 1280 4390 magistratum
1293 4337 1442 4391 nonposse
1459 4337 1511 4375 nec
1533 4319 1634 4375 debere
1653 4321 1689 4371 ab
1706 4319 1783 4372 omni

87 4410 146 4462 cita
165 4409 321 4477 quberncre
341 4408 480 4475 subjector
497 4416 523 4462 ιι
542 4409 627 4462 totius
646 4416 730 4462 semet
750 4408 841 4477 ipsum
859 4409 921 4462 imi·
934 4452 935 4485 ,
946 4407 1094 4475 relipionir
1113 4414 1140 4460 ct
1158 4423 1305 4460 sacrormn
1323 4424 1394 4460 cura
1413 4405 1575 4475 simpliciter
1592 4402 1719 4469 excludi;
1739 4419 1780 4457 se·

85 4504 205 4547 tutorem
221 4494 333 4547 uirtutis
351 4495 497 4548 ostendere
520 4500 667 4562 testemque
692 4494 838 4548 doctrinae
857 4490 1038 4548 commando
1064 4493 1135 4545 certi
1161 4492 1264 4544 limites
1288 4490 1475 4546 constituendi
1500 4495 1578 4557 sunt,
1598 4507 1633 4543 ne
1652 4488 1780 4543 ecclesia·

83 4582 267 4634 reerectionem
286 4581 385 4633 honam
405 4581 515 4633 tabere.
554 4580 654 4633 Talem
669 4581 764 4648 stoque
782 4580 812 4633 in
826 4552 1009 4648 ponti-istici
1038 4593 1070 4631 ac
1096 4577 1203 4647 politici
1230 4577 1335 4632 ordinis
1363 4577 1458 4631 munia
1481 4574 1699 4642 confundantur,
1732 4575 1781 4628 sed

83 4669 162 4730 sicali
181 4667 340 4720 constituite
357 4668 438 4731 rede,
464 4666 510 4719 cui
527 4673 554 4719 et
573 4684 638 4733 nos,
666 4666 716 4734 qui
733 4659 1057 4735 pulorrsamueiutrique
1075 4662 1185 4719 debitae
1207 4669 1302 4734 partes
1329 4663 1528 4732 relinquantur.
1564 4660 1646 4716 Prius
1668 4660 1779 4716 demon·

83 4754 239 4823 imperium,
256 4754 476 4805 uincerenoetra
495 4752 593 4822 capita
603 4751 797 4804 mrbmittomur
814 4758 841 4805 et
858 4724 1064 4818 aimistramus
1085 4747 1264 4819 sequentibus
1287 4748 1491 4803 fundamentis:
1520 4752 1544 4803 1.
1567 4750 1610 4801 Ec
1636 4747 1780 4801 renudatis
1792 4737 1919 4780 “fl‘ffl‘m

1809 4790 1909 4829 robatur.

83 4840 198 4905 proruta,
216 4840 284 4892 dum
303 4847 437 4907 tanquam
455 4838 579 4892 homines
598 4836 809 4906 deliquerimus,
827 4816 1058 4891 neceeidiuinir.
1097 4835 1273 4906 Magistratui
1298 4835 1430 4889 divinitus
1454 4834 1601 4888 commissa
1627 4841 1669 4890 est
1691 4841 1779 4887 ιιιιιι-
1794 4840 1854 4931 “gt
1863 4849 1913 4930 '31⁸⁰

82 4928 160 4979 sario
198 4925 284 4978 ueluti
321 4924 448 4979 curantis
481 4925 686 4977 medicamenta
722 4894 997 4995 suecipinmueidia
1015 4922 1085 4991 lepis
1106 4923 1228 4987 divinae,
1245 4923 1304 4990 jam
1321 4937 1386 4976 vero
1407 4920 1442 4974 ad
1463 4920 1552 4991 legem
1573 4921 1695 4975 divinam
1719 4936 1780 4990 per-
1794 4943 1893 5034 '1an

1806 5021 1813 5034 ι
1848 5003 1875 5033 ΘΙΙ

32 5055 34 5059 ,
83 5010 200 5074 Quidam
221 5028 254 5064 er
275 5008 443 5064 Calvinisnis
465 5027 513 5064 seu
536 5009 630 5079 potins
647 5009 918 5077 Remonstrantibus,
930 5002 933 5071 s
944 5009 1015 5063 tinet
1032 5025 1087 5063 non
1108 5007 1197 5063 solum
1215 5007 1352 5077 posterior
1369 5006 1498 5077 decalogi
1517 5007 1615 5062 tabula
1633 5007 1668 5062 de
1680 5005 1780 5061 officiis
1794 4993 1818 5087 ᾗ
1841 5057 1862 5085 v.
1876 5042 1907 5085 ω

82 5106 113 5150 ut
137 5098 165 5150 in
186 5095 285 5165 Belgio
312 5100 446 5148 vocantur
472 5094 535 5164 plus
563 5111 652 5164 aequo
680 5096 806 5151 tribuunt
832 5083 1069 5166 magi-iprorimo
1098 5093 1287 5165 praestandis,
1315 5110 1411 5148 verum
1439 5094 1523 5148 etiam
1548 5095 1623 5164 prior
1648 5094 1683 5148 de
1702 5093 1780 5149 uultu
1793 5075 1918 5143 Pistam

81 5183 179 5236 stratui
201 5182 274 5235 cirea
294 5179 428 5235 ecclesiae
448 5179 578 5250 regimen.
598 5180 660 5235 Jou
674 5180 863 5253 Utenbogard.
883 5181 918 5237 de
944 5180 1039 5234 divino
1061 5166 1306 5250 ejusque'publicc
1326 5179 1463 5235 exercitm.
1502 5179 1616 5235 Denter.
1632 5185 1672 5242 17,
1692 5195 1717 5234 r.
1734 5148 1882 5241 18:33¹}ss

82 5268 127 5321 off⁴
155 5266 255 5322 Christ.
280 5267 389 5337 magist.
411 5265 438 5319 in
456 5264 524 5319 eccl.
549 5283 576 5335 p.
603 5271 651 5320 et:
680 5266 797 5335 Oportet
822 5268 918 5336 daque
944 5269 1097 5335 Postquam
1112 5267 1217 5319 sederit
1241 5283 1291 5319 rer
1317 5266 1346 5318 in
1370 5267 1442 5320 sulio
1461 5267 1544 5335 requi
1566 5266 1620 5329 sui,
1639 5266 1778 5321 describet
1790 5252 1850 5292 '⁰¹¹⁰
1864 5254 1909 5290 ’ω’

84 5354 276 5407 Clerieticnum
295 5353 491 5419 maqretrutum
510 5351 668 5404 necessario
694 5368 846 5418 opnorcere
859 5354 999 5421 promti·
1023 5353 1262 5406 deuteronomium
1287 5352 1358 5419 lepis
1380 5353 1463 5420 hujus
1487 5353 1516 5404 in
1543 5351 1682 5405 uolumine
1705 5351 1779 5406 acci·

82 5440 249 5506 mapirtratu
272 5438 322 5490 sub
344 5438 452 5490 Clsriato
477 5437 562 5491 etiam
588 5438 617 5490 in
649 5437 766 5490 ecclesia
792 5446 818 5491 et
836 5426 931 5507 rebus}
942 5442 1024 5510 piene
1044 5439 1187 5506 sempter
1215 5457 1234 5492 c
1256 5439 1450 5495 amuranus
1470 5439 1611 5493 Laertem
1639 5438 1727 5493 trieres
1752 5445 1781 5494 et

81 5527 123 5579 cd
140 5524 287 5581 acclusam
304 5523 491 5592 spectantibus
509 5525 550 5578 cd
568 5539 630 5577 cam
647 5524 800 5591 rependam
815 5541 850 5578 cc
868 5514 931 5594 qui
944 5525 1053 5578 babebit
1074 5541 1167 5579 secum
1191 5525 1317 5594 lepetque
1342 5524 1418 5578 illud
1443 5524 1568 5578 amntem
1589 5524 1688 5579 dicbus
1706 5525 1780 5579 uitas
