4020 6014
277 216 338 274 466
848 206 970 266 Locus
987 203 1191 264 vlcusuws
1208 203 1388 272 QUARTUS

273 379 392 431 poenae,
410 363 532 432 capitoli
548 363 655 418 scilicet
675 363 743 417 illas
763 363 822 416 Dei
842 362 916 430 lspes
941 363 982 415 sd
1000 362 1109 416 1331133-
1137 365 1281 429 suspectos
1299 359 1335 414 ad
1354 358 1476 415 tribunal
1492 365 1521 415 et
1536 375 1636 429 rogam
1654 359 1810 414 abducunt.
1845 363 1873 412 3.
1888 356 1974 427 legs

276 451 344 503 darn
366 449 422 502 sihi
438 466 598 520 proponere
617 450 724 503 1131333.
766 447 989 518 Respondemus:
1020 455 1043 505 1.
1068 463 1110 502 ra-
1137 442 1173 504 de
1196 445 1357 500 occidendis
1382 445 1534 500 idololatris
1557 463 1613 500 non
1636 451 1744 500 tantum
1765 443 1926 499 haereticos
1951 450 1975 498 et

278 534 365 589 tiones
384 534 549 589 diversitatis
560 535 726 589 adduximus
744 533 908 605 complures.
941 532 1109 590 sobrietas
1136 529 1394 601 pseudoprophetas
1408 531 1438 585 in
1450 529 1541 585 medio
1554 529 1649 601 populi
1666 530 1974 600 lsrsiiliticIexsurgen

151 624 205 666 ΧΠ.
218 623 265 666 110·
278 621 337 689 ipse
362 620 512 689 discipulos
543 639 606 676 suos
632 639 665 675 ex
691 620 771 676 111133
797 621 921 690 exemplo
950 629 978 675 st
1008 621 1048 674 sic
1076 636 1109 674 ex
1136 623 1178 669 tes
1201 620 1379 688 spectabant,
1403 619 1452 673 scd
1476 620 1558 674 etiam
1584 624 1682 691 gentes
1710 617 1878 674 Cananaeas
1903 621 1974 671 extra

277 705 311 760 V.
329 705 362 760 Τ.
384 713 576 776 argumentum
596 707 742 775 ducentes,
759 710 821 776 ’333
839 705 1025 762 samaritanos
1044 706 1110 776 igne
1137 701 1306 759 lsrsuhticns
1325 706 1459 760 ecclesiae
1477 706 1612 778 gremium
1631 705 1814 772 constitutas,
1832 720 1907 773 quaa
1924 718 1973 756 non

276 792 390 846 coelitus
416 793 534 847 demisso
558 793 709 847 exurendos
738 809 797 846 esse
823 791 1039 858 concludebant,
1072 791 1109 846 ad
1136 782 1225 843 minus
1252 806 1335 860 quam
1353 790 1609 862 pseudoprophetas
1631 791 1667 845 ad
1688 787 1879 844 idololatriam
1898 788 1972 842 sedu-

280 876 438 932 distinctam
456 878 490 933 V.
510 895 543 932 ac
561 878 595 935 N.
616 879 648 931 T.
669 883 835 950 οἰκονομίαν
852 877 976 933 remittit.
997 877 1065 932 Luc.
1084 883 1109 941 11,
1135 883 1228 929 centes
1245 877 1392 946 exstirpari
1406 876 1500 930 divina
1514 877 1644 947 majestas
1656 876 1744 930 voluit
1755 874 1843 930 Dent.
1859 881 1885 936 t.
1906 891 1930 926 v.
1948 879 1971 928 l:

274 980 300 1016 v.
321 968 362 1017 54.
381 970 405 1016 3.
434 963 496 1020 Non
515 963 619 1018 minore
638 963 748 1035 quidem
762 962 853 1017 studio
873 963 977 1018 tuenda
995 979 1028 1016 ao
1046 979 1108 1032 pro·
1136 959 1280 1015 Perosties
1300 978 1348 1014 eos
1365 979 1451 1030 33333
1469 964 1510 1016 od
1527 963 1749 1016 internecionem.
1776 959 1889 1026 Quodsi
1908 974 1970 1030 crgo

274 1048 405 1117 paganda
424 1054 466 1102 cst
483 1048 580 1119 religio
593 1066 611 1102 a
624 1047 794 1118 Christianis,
814 1048 980 1119 quamon
1000 1047 1106 1102 factum
1135 1045 1210 1116 leges
1231 1046 1294 1103 illas
1313 1048 1342 1101 13
1362 1049 1396 1104 N.
1414 1048 1448 1104 T.
1468 1064 1519 1102 nos
1536 1047 1671 1119 obligant,
1689 1064 1864 1119 consequens
1884 1044 1971 1113 fuerit,

274 1133 836 1202 1311331313311113,33333331313131
857 1135 968 1206 nequit,
992 1133 1107 1203 capitali
1134 1132 1327 1202 magistratum
1349 1132 1536 1189 Christianum
1563 1135 1687 1190 Judaeos
1717 1141 1745 1189 31
1771 1134 1844 1188 31133
1869 1136 1970 1203 gentes.

273 1219 472 1274 haereticorum
496 1221 633 1290 supplicio
658 1238 718 1275 eam
736 1238 796 1275 esse
815 1222 947 1276 tuendam
964 1222 1008 1275 vel
1024 1184 1204 1287 armisiquae
1236 1227 1301 1274 sunt
1330 1227 1406 1276 33133
1433 1219 1592 1285 ecclesiam,
1624 1219 1718 1290 gladio
1748 1219 1906 1288 exstirpare
1929 1216 1970 1271 de

273 1305 496 1375 propagandam,
523 1304 626 1360 sufficit
652 1308 734 1373 enim,
754 1308 844 1360 cultus
873 1306 1057 1363 idololatricos
1089 1324 1107 1361 a
1133 1303 1212 1368 bere,
1240 1308 1321 1376 cujus
1347 1306 1513 1376 sonnatium
1542 1312 1570 1361 et
1587 1304 1731 1374 Pontificii,
1760 1311 1790 1359 et
1817 1303 1970 1360 calviniani

274 1391 438 1461 magistratu
462 1390 582 1452 aboleri,
609 1392 747 1446 sincerum
774 1393 906 1448 ecclesiae
923 1393 1105 1448 ministerium
1133 1395 1268 1445 statuunt

273 1476 417 1543 constitui,
444 1476 525 1546 lupos
543 1476 579 1530 ab
597 1477 662 1532 ovili
681 1478 826 1533 Dominico
843 1479 945 1543 arceri,
970 1478 1036 1534 licet
1054 1496 1105 1533 nec
1167 1481 1225 1532 317.
1260 1477 1294 1533 13
1316 1478 1407 1549 specis
1433 1478 1470 1533 ad
1495 1478 1606 1548 singula
1632 1477 1708 1532 dicta
1733 1477 1864 1546 superins
1889 1477 1971 1532 allata

274 1562 380 1630 modus,
405 1578 456 1615 nec
473 1579 560 1633 genus
577 1578 684 1631 poenae
709 1563 862 1618 idololatris
887 1564 917 1618 in
934 1564 968 1619 V.
986 1564 1020 1618 T.
1041 1580 1106 1618 con·
1133 1566 1164 1615 31
1182 1563 1406 1633 respondeamus,
1426 1581 1576 1629 monemus,
1595 1564 1670 1634 quod
1688 1570 1710 1617 1.
1723 1562 1812 1617 Enod.
1827 1568 1870 1630 22,
1891 1580 1918 1615 v.
1932 1568 1969 1616 11.

274 1647 387 1701 31113133
412 1647 441 1700 13
465 1646 612 1702 haereticis
635 1648 793 1703 coiircendis
813 1649 980 1705 observetur.
1016 1656 1040 1704 4.
1058 1648 1105 1705 Sic
1133 1655 1233 1718 agatur
1250 1650 1360 1720 proprie
1387 1652 1423 1704 ds
1443 1650 1622 1713 idololatris,
1647 1650 1697 1718 qni
1720 1647 1777 1701 dias
1802 1649 1909 1703 alienis
1927 1665 1969 1701 se·

273 1739 371 1787 sancta
382 1732 530 1788 liberorum
547 1720 614 1805 erga
632 1742 759 1804 parentes
776 1735 935 1790 obedientia
946 1753 1001 1790 non
1014 1735 1104 1788 minus
1133 1735 1242 1798 criticis
1262 1738 1394 1804 offerunt,
1413 1743 1497 1807 31333
1515 1736 1551 1790 ad
1569 1735 1713 1806 gentilium
1732 1734 1821 1805 impia
1840 1741 1870 1788 et
1887 1733 1969 1788 idolo

274 1819 303 1871 in
320 1817 354 1874 N.
373 1819 405 1874 T.
426 1836 511 1890 quarn
532 1819 560 1873 13
577 1820 611 1876 V.
640 1829 735 1876 sancte
753 1826 782 1875 et
800 1821 907 1877 illibate
925 1822 1106 1876 custodienda
1133 1819 1231 1874 latrice
1257 1838 1337 1876 sacra
1366 1839 1427 1877 sess
1452 1822 1624 1879 conferentes
1650 1821 1686 1875 ab
1713 1818 1835 1874 ccclesia
1860 1820 1969 1889 penitus

276 1913 304 1959 et
328 1905 495 1978 immorigeri
520 1906 600 1960 liberi
619 1908 765 1977 puniendi,
791 1909 917 1980 quamvis
940 1924 991 1963 nec
1008 1924 1105 1978 genus,
1134 1905 1273 1961 deficiunt.
1311 1907 1395 1962 Tales
1422 1906 1510 1962 voluit
1528 1906 1607 1963 Dens
1628 1923 1644 1961 s
1663 1905 1754 1960 medio
1772 1906 1849 1972 tolli,
1870 1924 1908 1960 ne
1925 1923 1969 1974 po·

275 2009 326 2046 nec
344 1993 441 2045 modus
458 2009 572 2062 poenae,
588 1993 716 2049 videlicet
732 1995 874 2065 lapidatio,
897 1994 926 2048 in
943 1994 978 2050 N.
997 1994 1031 2049 Τ.
1050 2011 1106 2047 am-
1134 1993 1230 2062 pulum
1250 1993 1286 2047 ad
1305 1992 1442 2048 ethnicam
1462 1993 1647 2048 idololatriam
1671 1992 1850 2062 seducerent,
1877 2009 1969 2062 qnem-

275 2078 347 2147 plius
376 2077 541 2132 observetur.
592 2078 764 2136 Sabbathum
791 2079 959 2135 sanctificari
988 2080 1050 2149 pins
1080 2086 1108 2135 31
1135 2079 1284 2132 admodum
1314 2080 1431 2134 eandem
1458 2081 1494 2135 ob
1529 2095 1641 2135 causam
1676 2085 1773 2148 gentes
1807 2077 1968 2132 Cananaeas

275 2163 448 2219 Christianus
466 2165 645 2236 magistratus
665 2166 812 2237 diligenter
831 2173 917 2234 curet,
936 2166 1044 2221 interim
1059 2166 1107 2237 qni
1134 2164 1278 2235 exstirpari
1296 2165 1398 2232 voluit,
1415 2182 1451 2219 ns
1471 2168 1602 2219 docerent
1619 2164 1770 2223 Israeliten
1786 2166 1888 2228 facere
1907 2183 1968 2217 can·

274 2267 343 2320 opus
362 2251 431 2305 facit
451 2251 579 2306 sabbathi
606 2253 664 2319 die,
681 2270 744 2307 eum
767 2253 985 2309 interficiendum
1014 2252 1108 2307 statim
1135 2259 1194 2303 ctas
1227 2251 1463 2314 obseruationes,
1501 2269 1571 2320 qnos
1601 2251 1657 2319 ipsi
1682 2250 1796 2318 operati
1823 2251 1882 2303 diis
1911 2252 1967 2304 sais
2005 2262 2008 2272 ·

275 2354 349 2404 3333,
375 2354 426 2392 333
444 2337 588 2407 Calvinus,
607 2355 659 2392 nec
678 2339 754 2393 Beza
772 2340 897 2394 dixerint
934 2346 956 2393 5.
977 2338 1030 2393 Illa
1047 2338 1109 2408 ipsa
1134 2334 1217 2390 Dent.
1235 2342 1277 2404 211,
1296 2354 1320 2388 v.
1336 2341 1375 2392 18.
1404 2336 1470 2390 Alia
1486 2352 1551 2390 vero
1569 2344 1611 2389 est
1627 2335 1831 2390 haereticorum
1846 2335 1874 2389 in
1887 2336 1923 2394 N.
1935 2336 1967 2391 T.

275 2422 373 2476 clarior
391 2424 540 2492 patefactio
559 2425 588 2477 in
606 2424 642 2481 N.
660 2424 692 2478 T.
713 2425 880 2480 sonnatium
898 2425 990 2495 potius
1005 2425 1107 2494 arguit,
1135 2422 1215 2488 ratio,
1234 2423 1281 2492 331
1300 2421 1408 2476 ratione
1426 2428 1554 2476 externas
1573 2420 1751 2491 professionis
1771 2422 1886 2476 suntin
1906 2423 1966 2476 visi·

276 2507 406 2562 videlicet
419 2526 478 2563 esse
492 2510 553 2579 jam
571 2516 681 2580 tempus
694 2510 809 2580 gratiae,
827 2527 882 2581 quo
900 2510 958 2564 sine
976 2510 1062 2565 caede
1080 2517 1109 2565 et
1135 2507 1184 2561 bili
1202 2507 1335 2576 ecelesia,
1354 2517 1389 2573 ,31
1407 2507 1460 2562 hac
1476 2506 1581 2562 ratione
1598 2523 1616 2560 a
1634 2506 1785 2577 gentilibus
1805 2507 1863 2563 sive
1883 2525 1966 2579 paga·

277 2595 413 2664 sanguine
439 2595 557 2650 ecclesia
574 2597 767 2667 propaganda,
796 2613 848 2650 nec
873 2595 992 2667 rigorem
1020 2595 1055 2650 V.
1072 2595 1106 2650 T.
1135 2593 1177 2647 nis
1195 2594 1286 2647 adhuc
1301 2593 1432 2649 distincti.
1461 2592 1603 2647 Haeretici
1621 2598 1713 2646 errant
1726 2592 1966 2648 circadoctrinam

276 2680 395 2751 amplius
412 2681 609 2751 usurpandum.
647 2681 760 2752 Excipit
779 2678 930 2752 Gregorius
948 2680 983 2734 de
996 2680 1106 2736 Valent
1133 2680 1209 2734 3113
1228 2679 1618 2750 11331133333113333333133
1636 2677 1671 2734 V.
1689 2677 1722 2733 T.
1741 2677 1875 2733 errabant
1892 2681 1966 2734 circa

275 2767 302 2820 d.
322 2768 339 2820 l.
360 2768 533 2836 Cyprianus»
550 2769 694 2822 contrario
712 2769 795 2821 modo
805 2768 969 2836 procedere,
990 2769 1058 2836 quio
1076 2770 1106 2821 in
1132 2765 1238 2819 cultum
1258 2765 1311 2821 Dei
1337 2771 1365 2819 et
1387 2766 1416 2820 in
1439 2764 1534 2834 praxi,
1556 2766 1622 2834 quia
1648 2763 1701 2817 diis
1719 2764 1817 2819 alienis
1835 2765 1966 2820 honorem

220 2856 224 2864 '
274 2853 303 2906 in
329 2855 349 2906 1.
375 2855 410 2906 de
436 2854 570 2907 exhortet.
598 2856 639 2907 cd
663 2862 779 2920 martyr.
797 2870 819 2906 c.
840 2856 867 2909 5.
885 2856 1105 2907 commemoratis
1133 2852 1256 2906 divinum
1281 2850 1461 2906 deferendum
1485 2866 1545 2904 esse
1567 2849 1734 2904 statuebant.
1777 2855 1801 2904 2.
1820 2851 1905 2906 Dent
1928 2857 1965 2920 13,

272 2939 333 2992 illia
351 2939 517 3008 Scripturas
535 2941 620 2993 dictis
637 2941 795 3008 subjsnpit:
822 2938 936 2992 Stante
956 2941 1104 2994 adventum
1131 2956 1155 2991 v.
1183 2944 1206 2991 1.
1231 2946 1259 2992 31
1285 2954 1360 3008 seqq.
1385 2937 1477 3008 agitur
1505 2937 1540 2991 ds
1564 2935 1614 2989 tali
1636 2934 1893 3006 pseudopropheta,
1920 2939 1967 3006 qni

273 3022 381 3077 Christi
405 3027 482 3078 circa
498 3027 592 3079 Deam
617 3026 762 3080 colendum
788 3033 814 3078 et
839 3025 919 3078 idolo
944 3029 1104 3094 spernenda
1130 3025 1249 3078 31313333
1269 3033 1294 3077 31
1308 3023 1417 3076 comitio
1430 3023 1560 3091 jactitat,
1588 3022 1638 3090 qut
1654 3029 1694 3074 cst
1710 3017 1881 3088 manifestiis
1899 3042 1966 3091 opo-

272 3111 339 3163 hoec
354 3120 510 3179 praccepta
527 3120 639 3165 servato
655 3120 727 3177 3331,
747 3119 850 3179 333313
870 3112 960 3179 alapis
967 3120 1033 3182 post
1052 3114 1103 3165 ad·
1128 3119 1204 3163 stato
1222 3115 1250 3165 et
1267 3109 1303 3163 ad
1329 3108 1461 3180 gentilem
1479 3108 1662 3164 idololatriam
1684 3108 1818 3178 populum
1835 3108 1966 3163 133311113-

272 3205 379 3250 sentam
400 3196 508 3250 Christi
526 3204 591 3250 3331
609 3199 764 3263 sersarsds,
788 3198 902 3266 quondo
924 3197 974 3250 ille
992 3198 1103 3252 veniens
1129 3213 1193 3251 cnm
1211 3197 1311 3250 invitat
1327 3197 1436 3252 dicens:
1461 3197 1571 3250 Eamus
1589 3204 1615 3248 st
1633 3211 1784 3265 sequamur
1807 3198 1878 3249 deos
1896 3198 1965 3250 alis·

272 3301 328 3337 non
353 3283 442 3336 nerbas
468 3291 576 3336 tantam
608 3301 658 3336 nos
686 3284 813 3336 hortatus
841 3284 892 3351 sit,
926 3285 979 3336 sed
1006 3284 1104 3349 factis.
1129 3301 1189 3354 nos,
1208 3301 1276 3352 3333
1295 3283 1419 3352 ignoras,
1438 3290 1464 3336 et
1481 3283 1636 3335 serviamus
1654 3281 1702 3350 cis,
1720 3277 1744 3334 is
1759 3281 1876 3352 Jubetur
1899 3283 1965 3352 lapi·

272 3368 494 3439 Respondemus:
525 3369 600 3423 idem
625 3367 782 3439 Cyprianus
807 3368 867 3424 13.
892 3386 935 3439 ep.
962 3371 1106 3433 3133113
1131 3370 1203 3434 dari,
1232 3370 1308 3440 qnod
1336 3368 1503 3441 supplicium
1531 3368 1686 3424 decernitur
1703 3369 1787 3423 etiam
1815 3367 1887 3436 illis,
1919 3371 1965 3441 331

273 3474 343 3510 osso
363 3456 542 3524 confringere
565 3456 621 3510 soli
639 3456 763 3509 Domino
791 3472 948 3510 concessum
968 3474 1026 3510 esse
1050 3465 1105 3512 sta·
1130 3458 1254 3527 proximo
1271 3456 1442 3527 cognationis
1460 3454 1551 3527 313113
1569 3455 1710 3510 israelitas
1730 3455 1926 3526 attingebant,
1943 3457 1964 3509 si

274 3541 341 3610 tuit,
367 3541 440 3594 hunc
467 3541 541 3612 quod
568 3541 667 3596 attinet
691 3540 796 3610 locum,
820 3540 850 3594 in
875 3558 907 3596 eo
926 3559 980 3596 non
999 3549 1056 3597 tam
1070 3542 1105 3598 de
1130 3545 1167 3597 ad
1186 3541 1358 3597 idololatrica
1378 3541 1523 3613 gentilium
1543 3558 1624 3596 sacra
1640 3542 1714 3610 ipsos
1731 3540 1862 3611 pellicere
1882 3560 1962 3598 cona·

275 3644 365 3697 poena
391 3627 597 3682 idololatrarum
632 3645 715 3697 quam
740 3627 774 3681 ds
800 3633 940 3682 contemtu
970 3629 1104 3684 idolorum
1130 3636 1233 3698 rentur,
1249 3648 1275 3684 v.
1288 3633 1313 3685 6.
1332 3628 1454 3700 quinimo
1472 3633 1552 3683 tanta
1569 3627 1714 3682 severitate
1732 3627 1894 3682 idololatria
1912 3629 1963 3682 ibi·

274 3712 409 3784 loquitur,
429 3731 479 3768 nec
499 3713 636 3784 quomodo
654 3711 803 3783 puniendi,
818 3714 867 3768 sed
886 3714 960 3785 quod
978 3714 1105 3786 fugiendi
1131 3717 1194 3770 dem
1221 3713 1398 3786 prohibetur,
1431 3722 1462 3769 31
1493 3731 1584 3767 omnes
1611 3713 1810 3767 idololatricae
1840 3717 1964 3768 31311313

274 3801 329 3853 3131
366 3799 542 3867 idololatrae,
583 3800 671 3854 docet
724 3798 756 3853 ln
786 3806 843 3854 toto
877 3801 950 3854 enim
983 3807 1106 3857 tractatu
1131 3802 1254 3866 incolae,
1279 3801 1446 3871 nequidem
1471 3799 1623 3855 infantibus
1648 3799 1773 3869 exclusis,
1796 3799 1918 3855 interfici
1936 3807 1965 3856 31

275 3883 444 3938 Christianos
471 3885 613 3954 hortatur,
639 3902 695 3939 non
723 3892 755 3939 nt
784 3902 910 3956 paganos
939 3886 1106 3954 idololatras,
1131 3895 1190 3943 tota
1214 3888 1281 3942 urbs
1308 3903 1371 3941 cum
1401 3888 1474 3942 omni
1494 3886 1685 3957 suppellectile
1713 3884 1898 3957 omnibusque
1919 3888 1965 3958 jn·

275 3969 304 4022 in
332 3988 449 4040 quornm
475 3971 565 4025 medic
589 3971 734 4039 vivebant,
761 3972 901 4036 occidant,
929 3971 979 4027 sed
1004 3981 1036 4028 ut
1060 3992 1106 4031 eos
1132 3974 1230 4028 mentis
1251 3974 1317 4044 igne
1334 3973 1476 4045 supposito
1494 3972 1626 4026 succendi
1635 3973 1767 4042 jubeatur
1785 3988 1809 4026 v.
1833 3977 1873 4028 12.
1894 3990 1967 4044 quae

275 4054 397 4126 fugiant,
416 4062 445 4110 et
461 4056 484 4109 31
502 4057 590 4126 gloria
608 4054 709 4110 Christi
730 4058 770 4111 ita
790 4058 920 4128 requirat,
940 4059 1029 4114 occidi
1045 4076 1106 4116 sese
1132 4059 1221 4114 omnis
1243 4059 1266 4113 si
1291 4058 1353 4130 quis
1371 4058 1399 4111 in
1417 4058 1452 4115 N.
1472 4056 1505 4113 T.
1525 4056 1617 4114 locum
1643 4055 1747 4111 habere
1764 4057 1846 4125 velit,
1871 4059 1967 4113 multis

277 4141 400 4196 veritatis
419 4158 505 4195 causa
523 4143 665 4212 patiantur
684 4151 768 4214 atque
786 4144 872 4198 alscri
890 4144 981 4200 animo
1002 4151 1105 4215 marty·
1132 4164 1162 4201 sc
1179 4145 1301 4200 involvet
1319 4144 1537 4198 absurditatibus
1578 4149 1602 4198 3.
1622 4143 1734 4198 Denter.
1757 4149 1801 4211 11,
1828 4162 1853 4199 v.
1879 4151 1920 4202 12.
1938 4147 1965 4200 in

275 4227 345 4281 rium
363 4228 490 4282 subeant.
1132 4249 1234 4304 genere
1251 4231 1344 4302 agitur
1363 4230 1398 4283 de
1416 4230 1479 4299 illis,
1497 4230 1544 4300 qui
1562 4230 1660 4284 nolunt
1677 4246 1709 4284 ex
1722 4230 1853 4301 snperbia
1868 4232 1966 4287 audire

312 4318 370 4370 346.
411 4319 436 4368 2.
455 4315 501 4367 Ad
524 4313 683 4384 generalem
709 4315 913 4385 responsionem
943 4316 1026 4371 etiam
1054 4317 1107 4372 hoc
1132 4319 1303 4374 sacmdotem
1321 4327 1368 4372 aut
1383 4317 1521 4387 judicem,
1548 4317 1646 4388 quodsi
1671 4317 1720 4370 illa
1736 4317 1779 4371 lex
1794 4315 1967 4372 Christianos

274 4401 408 4470 pertinet,
434 4399 594 4453 Pontificios
613 4400 806 4455 crudelitatem
824 4417 917 4469 suam,
938 4419 993 4473 333
1011 4403 1107 4458 adver·
1132 4408 1162 4461 in
1178 4405 1212 4461 N.
1226 4404 1259 4461 T.
1281 4402 1401 4474 obligat,
1414 4420 1507 4458 omnes
1527 4403 1576 4466 1111,
1596 4403 1643 4473 331
1662 4402 1836 4458 sacerdotum
1853 4405 1965 4459 monitis

274 4505 321 4541 sus
339 4504 395 4556 eos,
412 4503 481 4558 quos
498 4503 549 4557 pro
561 4487 706 4541 haereticis
718 4486 830 4556 habent,
847 4488 886 4542 311
897 4495 1105 4555 consueverunt,
1133 4492 1176 4546 vel
1198 4490 1325 4560 judicum
1350 4488 1493 4543 sententiis
1517 4506 1613 4558 parere
1639 4488 1750 4555 nolunt,
1779 4488 1964 4546 interficiendi

274 4572 528 4643 nunqnamexillis
541 4572 701 4644 Scripturas
715 4573 795 4626 dictis
811 4574 997 4630 demonstrare
1015 4593 1104 4646 posse
1132 4583 1220 4633 erunt.
1265 4575 1412 4631 Sedenim
1441 4575 1465 4628 31
1493 4574 1578 4629 verba
1598 4581 1626 4628 et
1645 4575 1865 4630 circumstantias
1894 4576 1966 4646 legis

273 4659 370 4730 Neque
388 4660 461 4713 enim
480 4659 529 4713 illa
545 4659 620 4713 dicta
637 4660 787 4730 loquuntur
806 4658 840 4712 dc
858 4651 929 4729 illis,
948 4663 995 4731 qni
1014 4679 1047 4716 er
1064 4663 1106 4716 in·
1131 4663 1285 4718 accuratius
1304 4663 1467 4728 intueamur,
1485 4660 1638 4731 apparebit,
1656 4661 1756 4715 nonde
1768 4661 1884 4716 crimine
1901 4664 1965 4717 hae·

274 4745 403 4801 firmitate
421 4753 521 4811 errant,
541 4746 590 4799 sed
603 4747 638 4799 de
656 4745 720 4813 illis,
740 4745 787 4816 qni
807 4752 872 4800 sunt
888 4748 1028 4802 manifesti
1045 4749 1104 4803 ido·
1130 4765 1221 4804 reseos
1239 4746 1350 4817 proprie
1362 4754 1390 4800 31
1407 4747 1435 4798 13
1452 4745 1544 4816 specie
1556 4745 1601 4798 hic
1621 4745 1677 4817 agi,
1695 4746 1793 4802 sedda
1806 4748 1965 4804 obedientia

272 4832 394 4898 lolatrae‚
413 4832 461 4902 qui
483 4831 618 4886 sacrificia
637 4831 757 4886 offerunt
783 4831 836 4884 diis
853 4832 959 4897 alienis,
977 4834 1104 4905 quialios
1131 4837 1160 4890 in
1187 4834 1278 4889 causis
1304 4831 1460 4886 forensibus
1483 4832 1656 4902 gravioribus
1680 4832 1857 4902 pertinaciter
1882 4835 1965 4891 dene·

274 4921 410 4973 seducunt
428 4919 562 4973 dicentes:
589 4920 696 4972 Ennius
710 4920 903 4971 staeroiamns
918 4920 974 4971 diis
994 4921 1104 4989 3113313,
1131 4904 1291 4993 31113111
1314 4917 1386 4972 enim
1411 4917 1513 4973 mentio
1536 4917 1636 4988 judicii
1664 4918 1735 4973 inter
1752 4921 1917 4988 sangninem
1939 4928 1964 4975 et

273 5005 320 5074 qui
344 5022 444 5058 nomen
464 5003 518 5059 Dei
544 5004 716 5074 blasphemia
739 5001 866 5057 afficiunt
887 5010 939 5060 eto.
957 5005 1017 5074 jam
1040 5023 1104 5060 vero
1130 5007 1307 5077 sanquinem,
1333 5005 1405 5057 inter
1423 5004 1543 5072 plaporn
1567 5011 1592 5056 et
1612 5004 1741 5072 plepem.
1777 5004 1849 5059 Item
1864 5015 1965 5073 porte·

272 5089 409 5145 Pontificii
431 5091 490 5144 sine
509 5090 667 5144 discrimine
686 5090 845 5143 seductores
864 5095 892 5143 ct
911 5088 1039 5145 seductos
1059 5108 1104 5145 ca·
1131 5112 1193 5147 ram
1211 5092 1297 5158 orbis,
1316 5089 1464 5160 inquibus
1483 5106 1537 5143 non
1556 5089 1757 5155 ecclesiastica,
1776 5091 1825 5145 sed
1844 5089 1965 5149 forensia

271 5176 350 5246 pituli
369 5177 505 5246 supplicio
525 5174 686 5230 afficiendos
707 5179 834 5238 censent,
853 5174 920 5245 quia
937 5174 1105 5244 Hispanicac
1130 5178 1242 5250 negotia
1263 5176 1469 5252 tractabantur,
1498 5182 1526 5229 et
1547 5176 1664 5245 jubetur
1693 5193 1778 5230 causa
1800 5177 1901 5231 deferri
1928 5178 1964 5232 ad

271 5261 455 5333 inquisitionis
473 5261 563 5316 medio
583 5263 665 5314 etiarn
685 5261 713 5316 in
732 5278 794 5328 eos,
814 5259 862 5331 qni
881 5261 1021 5332 peregrini
1039 5271 1104 5316 sunt
1129 5262 1303 5334 synedrium,
1326 5262 1400 5334 quod
1421 5268 1481 5316 erat
1499 5278 1657 5332 supremum
1675 5261 1796 5316 tribunal
1814 5262 1843 5314 in
1861 5271 1963 5318 metro·

271 5356 299 5401 et
319 5348 504 5417 perlustrandi
535 5363 619 5401 cansa
648 5347 775 5418 regiones
805 5346 927 5418 ipsorum
956 5347 1102 5417 accedunt,
1128 5348 1185 5418 poli
1203 5346 1329 5402 sudasse
1346 5345 1541 5415 Hierosolyma
1565 5355 1593 5400 et
1616 5346 1762 5401 constabat
1787 5363 1820 5401 ex
1838 5351 1964 5418 personis

270 5434 494 5488 animadvertunt
512 5450 544 5486 ac
562 5433 673 5485 minimo
693 5449 802 5504 qnoque
821 5432 922 5487 indicio
940 5433 975 5487 de
994 5433 1115 5488 haeresi·
1129 5433 1324 5489 ecclesiasticis
1342 5439 1370 5489 et
1387 5432 1518 5502 politicis,
1544 5448 1614 5502 quac
1632 5432 1713 5501 juxta
1730 5433 1964 5504 legsmprcnnn·
