<?xml version="1.0" encoding="UTF-8"?>
<!DOCTYPE html PUBLIC "-//W3C//DTD XHTML 1.0 Transitional//EN"
    "http://www.w3.org/TR/xhtml1/DTD/xhtml1-transitional.dtd">
<html xmlns="http://www.w3.org/1999/xhtml" xml:lang="en" lang="en">
 <head>
  <title>
</title>
<meta http-equiv="Content-Type" content="text/html;charset=utf-8" />
  <meta name='ocr-system' content='tesseract 3.04.00' />
  <meta name='ocr-capabilities' content='ocr_page ocr_carea ocr_par ocr_line ocrx_word'/>
</head>
<body>
  <div class='ocr_page' id='page_1' title='image "./locitheologicic01gerhgoog/locitheologicic01gerhgoog_0135.png"; bbox 0 0 4020 6014; ppageno 0'>
   <div class='ocr_carea' id='block_1_1' title="bbox 254 132 1373 203">
    <p class='ocr_par' dir='ltr' id='par_1_1' title="bbox 254 132 1373 203">
     <span class='ocr_line' id='line_1_1' title="bbox 254 132 1373 203; baseline -0.008 -2"><span class='ocrx_word' id='word_1_1' title='bbox 254 141 314 201; x_wconf 79' lang='grc'><strong>1211</strong></span> <span class='ocrx_word' id='word_1_2' title='bbox 840 132 963 192; x_wconf 78' lang='lat' dir='ltr'>Iocus</span> <span class='ocrx_word' id='word_1_3' title='bbox 979 132 1373 203; x_wconf 68' lang='lat' dir='ltr'>wcasmusfflnus</span> 
     </span>
    </p>
   </div>
   <div class='ocr_carea' id='block_1_2' title="bbox 129 285 1959 2324">
    <p class='ocr_par' dir='ltr' id='par_1_2' title="bbox 253 285 1959 444">
     <span class='ocr_line' id='line_1_2' title="bbox 254 285 1959 358; baseline 0.001 -15"><span class='ocrx_word' id='word_1_4' title='bbox 254 288 394 343; x_wconf 85' lang='lat' dir='ltr'>Romanos</span> <span class='ocrx_word' id='word_1_5' title='bbox 412 303 428 341; x_wconf 91' lang='lat' dir='ltr'>s</span> <span class='ocrx_word' id='word_1_6' title='bbox 445 285 579 342; x_wconf 76' lang='lat' dir='ltr'>Corintho</span> <span class='ocrx_word' id='word_1_7' title='bbox 597 285 685 355; x_wconf 89' lang='lat' dir='ltr'>misit,</span> <span class='ocrx_word' id='word_1_8' title='bbox 712 285 742 340; x_wconf 89' lang='lat' dir='ltr'>id</span> <span class='ocrx_word' id='word_1_9' title='bbox 768 303 833 342; x_wconf 82' lang='lat' dir='ltr'>vero</span> <span class='ocrx_word' id='word_1_10' title='bbox 853 303 1029 358; x_wconf 87' lang='lat' dir='ltr'>nequaquam</span> <span class='ocrx_word' id='word_1_11' title='bbox 1046 287 1280 355; x_wconf 40' lang='lat' dir='ltr'>indulcantur,</span> <span class='ocrx_word' id='word_1_12' title='bbox 1310 289 1431 342; x_wconf 78' lang='lat' dir='ltr'>inuadit</span> <span class='ocrx_word' id='word_1_13' title='bbox 1448 294 1500 344; x_wconf 74' lang='lat' dir='ltr'>eta</span> <span class='ocrx_word' id='word_1_14' title='bbox 1534 289 1645 358; x_wconf 83' lang='lat' dir='ltr'>Lippus</span> <span class='ocrx_word' id='word_1_15' title='bbox 1667 296 1720 356; x_wconf 90' lang='lat' dir='ltr'>sst,</span> <span class='ocrx_word' id='word_1_16' title='bbox 1747 290 1829 357; x_wconf 81' lang='lat' dir='ltr'>eujus</span> <span class='ocrx_word' id='word_1_17' title='bbox 1844 304 1959 344; x_wconf 74' lang='lat' dir='ltr'>mmm</span> 
     </span>
     <span class='ocr_line' id='line_1_3' title="bbox 253 354 1957 444; baseline 0 -16"><span class='ocrx_word' id='word_1_18' title='bbox 253 372 413 444; x_wconf 87' lang='lat' dir='ltr'>cipiendum</span> <span class='ocrx_word' id='word_1_19' title='bbox 438 372 474 427; x_wconf 91' lang='lat' dir='ltr'>ds</span> <span class='ocrx_word' id='word_1_20' title='bbox 500 371 612 443; x_wconf 86' lang='lat' dir='ltr'>publico</span> <span class='ocrx_word' id='word_1_21' title='bbox 637 371 756 426; x_wconf 89' lang='lat' dir='ltr'>docendi</span> <span class='ocrx_word' id='word_1_22' title='bbox 779 373 808 426; x_wconf 92' lang='lat' dir='ltr'>in</span> <span class='ocrx_word' id='word_1_23' title='bbox 833 370 951 428; x_wconf 84' lang='lat' dir='ltr'>ecclesia</span> <span class='ocrx_word' id='word_1_24' title='bbox 969 354 1222 438; x_wconf 68' lang='lat' dir='ltr'>munereinaturo</span> <span class='ocrx_word' id='word_1_25' title='bbox 1250 374 1374 441; x_wconf 77' lang='grc'><strong>1111111,</strong></span> <span class='ocrx_word' id='word_1_26' title='bbox 1402 376 1455 427; x_wconf 87' lang='lat' dir='ltr'>sed</span> <span class='ocrx_word' id='word_1_27' title='bbox 1484 373 1705 428; x_wconf 77' lang='lat' dir='ltr'>sonansationis</span> <span class='ocrx_word' id='word_1_28' title='bbox 1729 374 1863 441; x_wconf 84' lang='lat' dir='ltr'>pronitas</span> <span class='ocrx_word' id='word_1_29' title='bbox 1892 391 1957 429; x_wconf 82' lang='lat' dir='ltr'>can·</span> 
     </span>
    </p>

    <p class='ocr_par' dir='ltr' id='par_1_3' title="bbox 253 458 1959 529">
     <span class='ocr_line' id='line_1_4' title="bbox 253 458 1959 529; baseline -0.001 -14"><span class='ocrx_word' id='word_1_30' title='bbox 253 459 302 515; x_wconf 86' lang='lat' dir='ltr'>sed</span> <span class='ocrx_word' id='word_1_31' title='bbox 322 459 357 514; x_wconf 86' lang='lat' dir='ltr'>de</span> <span class='ocrx_word' id='word_1_32' title='bbox 376 474 443 512; x_wconf 91' lang='lat' dir='ltr'>cura</span> <span class='ocrx_word' id='word_1_33' title='bbox 461 466 644 529; x_wconf 86' lang='lat' dir='ltr'>aegrotorum,</span> <span class='ocrx_word' id='word_1_34' title='bbox 663 473 817 527; x_wconf 86' lang='lat' dir='ltr'>pauperum</span> <span class='ocrx_word' id='word_1_35' title='bbox 836 464 863 512; x_wconf 90' lang='lat' dir='ltr'>st</span> <span class='ocrx_word' id='word_1_36' title='bbox 882 458 1105 528; x_wconf 77' lang='lat' dir='ltr'>peregrinoruml</span> <span class='ocrx_word' id='word_1_37' title='bbox 1116 459 1223 518; x_wconf 81' lang='lat' dir='ltr'>fundit.</span> <span class='ocrx_word' id='word_1_38' title='bbox 1263 460 1431 526; x_wconf 76' lang='lat' dir='ltr'>Attapinem</span> <span class='ocrx_word' id='word_1_39' title='bbox 1457 460 1539 512; x_wconf 83' lang='lat' dir='ltr'>labet</span> <span class='ocrx_word' id='word_1_40' title='bbox 1571 461 1600 513; x_wconf 87' lang='lat' dir='ltr'>in</span> <span class='ocrx_word' id='word_1_41' title='bbox 1627 459 1723 527; x_wconf 90' lang='lat' dir='ltr'>ocula,</span> <span class='ocrx_word' id='word_1_42' title='bbox 1752 461 1801 529; x_wconf 86' lang='lat' dir='ltr'>qui</span> <span class='ocrx_word' id='word_1_43' title='bbox 1826 460 1959 513; x_wconf 67' lang='lat' dir='ltr'>aemtetis</span> 
     </span>
    </p>

    <p class='ocr_par' dir='ltr' id='par_1_4' title="bbox 254 538 1957 614">
     <span class='ocr_line' id='line_1_5' title="bbox 254 538 1957 614; baseline -0.001 -14"><span class='ocrx_word' id='word_1_44' title='bbox 254 549 307 601; x_wconf 84' lang='lat' dir='ltr'>stc.</span> <span class='ocrx_word' id='word_1_45' title='bbox 343 546 375 579; x_wconf 73' lang='lat'>⁴⁸*</span> <span class='ocrx_word' id='word_1_46' title='bbox 387 550 409 599; x_wconf 83' lang='lat'>1.</span> <span class='ocrx_word' id='word_1_47' title='bbox 433 542 503 598; x_wconf 79' lang='lat' dir='ltr'>Tim.</span> <span class='ocrx_word' id='word_1_48' title='bbox 532 548 557 610; x_wconf 82' lang='lat'>³,</span> <span class='ocrx_word' id='word_1_49' title='bbox 581 560 605 595; x_wconf 84' lang='lat' dir='ltr'>v.</span> <span class='ocrx_word' id='word_1_50' title='bbox 625 548 664 597; x_wconf 92' lang='grc'>11.</span> <span class='ocrx_word' id='word_1_51' title='bbox 683 543 785 597; x_wconf 90' lang='lat' dir='ltr'>mentio</span> <span class='ocrx_word' id='word_1_52' title='bbox 803 541 836 597; x_wconf 84' lang='lat' dir='ltr'>fit</span> <span class='ocrx_word' id='word_1_53' title='bbox 856 538 1207 596; x_wconf 80' lang='lat' dir='ltr'>diaconissarum&#39;lucem</span> <span class='ocrx_word' id='word_1_54' title='bbox 1223 544 1320 597; x_wconf 85' lang='lat' dir='ltr'>nidere</span> <span class='ocrx_word' id='word_1_55' title='bbox 1337 557 1392 598; x_wconf 85' lang='lat' dir='ltr'>non</span> <span class='ocrx_word' id='word_1_56' title='bbox 1410 546 1522 609; x_wconf 73' lang='grc'><strong>1111111,</strong></span> <span class='ocrx_word' id='word_1_57' title='bbox 1542 545 1593 613; x_wconf 88' lang='lat' dir='ltr'>qui</span> <span class='ocrx_word' id='word_1_58' title='bbox 1609 546 1777 610; x_wconf 85' lang='lat' dir='ltr'>arroqontio</span> <span class='ocrx_word' id='word_1_59' title='bbox 1798 546 1957 614; x_wconf 85' lang='lat' dir='ltr'>sapientiae</span> 
     </span>
    </p>

    <p class='ocr_par' dir='ltr' id='par_1_5' title="bbox 254 610 1959 698">
     <span class='ocr_line' id='line_1_6' title="bbox 254 610 1959 698; baseline -0.002 -13"><span class='ocrx_word' id='word_1_60' title='bbox 254 629 317 685; x_wconf 86' lang='lat' dir='ltr'>Hoc</span> <span class='ocrx_word' id='word_1_61' title='bbox 335 636 412 684; x_wconf 84' lang='lat' dir='ltr'>textu</span> <span class='ocrx_word' id='word_1_62' title='bbox 433 628 622 683; x_wconf 78' lang='lat' dir='ltr'>abutebantur</span> <span class='ocrx_word' id='word_1_63' title='bbox 642 628 707 681; x_wconf 90' lang='lat' dir='ltr'>olim</span> <span class='ocrx_word' id='word_1_64' title='bbox 727 626 919 698; x_wconf 86' lang='lat' dir='ltr'>Gataphryges</span> <span class='ocrx_word' id='word_1_65' title='bbox 938 625 1090 695; x_wconf 89' lang='lat' dir='ltr'>seuPepu·</span> <span class='ocrx_word' id='word_1_66' title='bbox 1103 610 1166 689; x_wconf 70' lang='lat' dir='ltr'>issu</span> <span class='ocrx_word' id='word_1_67' title='bbox 1179 629 1312 696; x_wconf 85' lang='lat' dir='ltr'>justitias</span> <span class='ocrx_word' id='word_1_68' title='bbox 1329 639 1500 685; x_wconf 87' lang='lat' dir='ltr'>cacaecotur.</span> <span class='ocrx_word' id='word_1_69' title='bbox 1539 631 1641 698; x_wconf 80' lang='lat' dir='ltr'>Jssqcm</span> <span class='ocrx_word' id='word_1_70' title='bbox 1659 631 1779 683; x_wconf 83' lang='lat' dir='ltr'>scabiem</span> <span class='ocrx_word' id='word_1_71' title='bbox 1796 630 1890 698; x_wconf 79' lang='grc'><strong>111111,</strong></span> <span class='ocrx_word' id='word_1_72' title='bbox 1910 635 1959 684; x_wconf 86' lang='lat' dir='ltr'>cui</span> 
     </span>
    </p>

    <p class='ocr_par' dir='ltr' id='par_1_6' title="bbox 257 698 1955 784">
     <span class='ocr_line' id='line_1_7' title="bbox 257 698 1955 784; baseline -0.001 -13"><span class='ocrx_word' id='word_1_73' title='bbox 257 714 330 771; x_wconf 83' lang='lat' dir='ltr'>sisui</span> <span class='ocrx_word' id='word_1_74' title='bbox 348 731 380 769; x_wconf 90' lang='lat' dir='ltr'>ac</span> <span class='ocrx_word' id='word_1_75' title='bbox 402 713 563 769; x_wconf 89' lang='lat' dir='ltr'>mulieribus</span> <span class='ocrx_word' id='word_1_76' title='bbox 583 713 768 767; x_wconf 77' lang='lat' dir='ltr'>sacerdotium</span> <span class='ocrx_word' id='word_1_77' title='bbox 786 711 990 779; x_wconf 77' lang='lat' dir='ltr'>concedebant,</span> <span class='ocrx_word' id='word_1_78' title='bbox 1021 698 1213 780; x_wconf 76' lang='lat' dir='ltr'>quaslcarnn</span> <span class='ocrx_word' id='word_1_79' title='bbox 1226 715 1388 782; x_wconf 76' lang='lat' dir='ltr'>petulantia</span> <span class='ocrx_word' id='word_1_80' title='bbox 1405 718 1466 769; x_wconf 89' lang='lat' dir='ltr'>sine</span> <span class='ocrx_word' id='word_1_81' title='bbox 1483 717 1636 770; x_wconf 84' lang='lat' dir='ltr'>cessatione</span> <span class='ocrx_word' id='word_1_82' title='bbox 1656 716 1827 770; x_wconf 84' lang='lat' dir='ltr'>dominatur.</span> <span class='ocrx_word' id='word_1_83' title='bbox 1861 715 1955 784; x_wconf 76' lang='lat' dir='ltr'>imps-</span> 
     </span>
    </p>

    <p class='ocr_par' dir='ltr' id='par_1_7' title="bbox 202 771 1956 911">
     <span class='ocr_line' id='line_1_8' title="bbox 202 771 1956 911; baseline -0.001 -56"><span class='ocrx_word' id='word_1_84' title='bbox 202 792 207 799; x_wconf 70' lang='grc'><strong>’</strong></span> <span class='ocrx_word' id='word_1_85' title='bbox 255 801 424 855; x_wconf 84' lang='lat' dir='ltr'>diaconissas</span> <span class='ocrx_word' id='word_1_86' title='bbox 445 798 625 869; x_wconf 75' lang='lat' dir='ltr'>appellabant</span> <span class='ocrx_word' id='word_1_87' title='bbox 643 797 779 853; x_wconf 78' lang='lat' dir='ltr'>referente</span> <span class='ocrx_word' id='word_1_88' title='bbox 798 797 959 869; x_wconf 76' lang='lat' dir='ltr'>Augustino</span> <span class='ocrx_word' id='word_1_89' title='bbox 978 798 1015 850; x_wconf 86' lang='lat' dir='ltr'>de</span> <span class='ocrx_word' id='word_1_90' title='bbox 1027 796 1090 851; x_wconf 85' lang='lat' dir='ltr'>hae·</span> <span class='ocrx_word' id='word_1_91' title='bbox 1103 771 1105 911; x_wconf 53' lang='lat' dir='ltr'>i</span> <span class='ocrx_word' id='word_1_92' title='bbox 1117 800 1231 864; x_wconf 76' lang='lat' dir='ltr'>tiqinem</span> <span class='ocrx_word' id='word_1_93' title='bbox 1248 800 1329 852; x_wconf 83' lang='lat' dir='ltr'>labet</span> <span class='ocrx_word' id='word_1_94' title='bbox 1347 801 1377 853; x_wconf 87' lang='lat' dir='ltr'>in</span> <span class='ocrx_word' id='word_1_95' title='bbox 1396 817 1521 870; x_wconf 86' lang='lat' dir='ltr'>corpore,</span> <span class='ocrx_word' id='word_1_96' title='bbox 1542 801 1668 869; x_wconf 78' lang='lat' dir='ltr'>quiaquia</span> <span class='ocrx_word' id='word_1_97' title='bbox 1686 802 1813 853; x_wconf 85' lang='lat' dir='ltr'>avaritia</span> <span class='ocrx_word' id='word_1_98' title='bbox 1828 810 1956 854; x_wconf 83' lang='lat' dir='ltr'>uastatur</span> 
     </span>
    </p>

    <p class='ocr_par' dir='ltr' id='par_1_8' title="bbox 254 882 1957 1470">
     <span class='ocr_line' id='line_1_9' title="bbox 254 882 1955 963; baseline -0.001 -22"><span class='ocrx_word' id='word_1_99' title='bbox 254 902 299 940; x_wconf 88' lang='lat' dir='ltr'>res</span> <span class='ocrx_word' id='word_1_100' title='bbox 321 891 406 941; x_wconf 76' lang='grc'><strong>121.</strong></span> <span class='ocrx_word' id='word_1_101' title='bbox 432 883 589 954; x_wconf 87' lang='lat' dir='ltr'>Epiphanio</span> <span class='ocrx_word' id='word_1_102' title='bbox 612 883 718 937; x_wconf 84' lang='lat' dir='ltr'>haeres.</span> <span class='ocrx_word' id='word_1_103' title='bbox 739 890 780 940; x_wconf 86' lang='grc'>19.</span> <span class='ocrx_word' id='word_1_104' title='bbox 806 890 837 937; x_wconf 91' lang='lat' dir='ltr'>ut</span> <span class='ocrx_word' id='word_1_105' title='bbox 856 883 930 939; x_wconf 88' lang='lat' dir='ltr'>enim</span> <span class='ocrx_word' id='word_1_106' title='bbox 949 882 1000 936; x_wconf 88' lang='lat' dir='ltr'>viri</span> <span class='ocrx_word' id='word_1_107' title='bbox 1018 882 1089 936; x_wconf 89' lang='lat' dir='ltr'>ordi·</span> <span class='ocrx_word' id='word_1_108' title='bbox 1103 918 1105 963; x_wconf 69' lang='grc'><strong>,</strong></span> <span class='ocrx_word' id='word_1_109' title='bbox 1119 885 1147 936; x_wconf 89' lang='lat' dir='ltr'>in</span> <span class='ocrx_word' id='word_1_110' title='bbox 1166 892 1262 951; x_wconf 89' lang='lat' dir='ltr'>mente,</span> <span class='ocrx_word' id='word_1_111' title='bbox 1280 903 1352 954; x_wconf 88' lang='lat' dir='ltr'>quae</span> <span class='ocrx_word' id='word_1_112' title='bbox 1371 888 1398 939; x_wconf 83' lang='lat' dir='ltr'>ri</span> <span class='ocrx_word' id='word_1_113' title='bbox 1416 887 1446 939; x_wconf 90' lang='lat' dir='ltr'>in</span> <span class='ocrx_word' id='word_1_114' title='bbox 1460 887 1562 955; x_wconf 86' lang='lat' dir='ltr'>parvis</span> <span class='ocrx_word' id='word_1_115' title='bbox 1578 903 1634 939; x_wconf 92' lang='lat' dir='ltr'>nan</span> <span class='ocrx_word' id='word_1_116' title='bbox 1653 886 1856 954; x_wconf 71' lang='lat' dir='ltr'>compescitur,</span> <span class='ocrx_word' id='word_1_117' title='bbox 1874 887 1955 939; x_wconf 88' lang='lat' dir='ltr'>nimi·</span> 
     </span>
     <span class='ocr_line' id='line_1_10' title="bbox 256 966 1957 1039; baseline -0.002 -12"><span class='ocrx_word' id='word_1_118' title='bbox 256 971 362 1027; x_wconf 82' lang='lat' dir='ltr'>nabent</span> <span class='ocrx_word' id='word_1_119' title='bbox 404 971 551 1030; x_wconf 88' lang='lat' dir='ltr'>diaconos,</span> <span class='ocrx_word' id='word_1_120' title='bbox 584 968 624 1022; x_wconf 87' lang='lat' dir='ltr'>ita</span> <span class='ocrx_word' id='word_1_121' title='bbox 655 967 774 1023; x_wconf 87' lang='lat' dir='ltr'>ieminae</span> <span class='ocrx_word' id='word_1_122' title='bbox 806 969 985 1023; x_wconf 88' lang='lat' dir='ltr'>diaconissas.</span> <span class='ocrx_word' id='word_1_123' title='bbox 1036 966 1180 1023; x_wconf 65' lang='lat' dir='ltr'>Sedis-um</span> <span class='ocrx_word' id='word_1_124' title='bbox 1202 971 1263 1023; x_wconf 88' lang='lat' dir='ltr'>sine</span> <span class='ocrx_word' id='word_1_125' title='bbox 1286 988 1419 1024; x_wconf 74' lang='lat' dir='ltr'>memma</span> <span class='ocrx_word' id='word_1_126' title='bbox 1443 972 1592 1027; x_wconf 86' lang='lat' dir='ltr'>dilatatur.</span> <span class='ocrx_word' id='word_1_127' title='bbox 1627 972 1810 1024; x_wconf 85' lang='lat' dir='ltr'>Ponderosus</span> <span class='ocrx_word' id='word_1_128' title='bbox 1830 980 1881 1034; x_wconf 86' lang='lat' dir='ltr'>est,</span> <span class='ocrx_word' id='word_1_129' title='bbox 1907 974 1957 1039; x_wconf 87' lang='lat' dir='ltr'>qui</span> 
     </span>
     <span class='ocr_line' id='line_1_11' title="bbox 255 1051 1956 1125; baseline -0.002 -13"><span class='ocrx_word' id='word_1_130' title='bbox 255 1057 360 1112; x_wconf 90' lang='lat' dir='ltr'>Paulus</span> <span class='ocrx_word' id='word_1_131' title='bbox 379 1054 417 1109; x_wconf 92' lang='lat' dir='ltr'>ibi</span> <span class='ocrx_word' id='word_1_132' title='bbox 435 1073 491 1109; x_wconf 94' lang='lat' dir='ltr'>non</span> <span class='ocrx_word' id='word_1_133' title='bbox 508 1053 569 1125; x_wconf 89' lang='lat' dir='ltr'>agit</span> <span class='ocrx_word' id='word_1_134' title='bbox 586 1055 620 1108; x_wconf 91' lang='lat' dir='ltr'>de</span> <span class='ocrx_word' id='word_1_135' title='bbox 640 1054 803 1110; x_wconf 74' lang='lat' dir='ltr'>diaconissis</span> <span class='ocrx_word' id='word_1_136' title='bbox 822 1055 929 1109; x_wconf 72' lang='lat' dir='ltr'>radone</span> <span class='ocrx_word' id='word_1_137' title='bbox 947 1051 1091 1107; x_wconf 89' lang='lat' dir='ltr'>ministerii</span> <span class='ocrx_word' id='word_1_138' title='bbox 1118 1055 1184 1109; x_wconf 88' lang='lat' dir='ltr'>tatis</span> <span class='ocrx_word' id='word_1_139' title='bbox 1214 1056 1430 1122; x_wconf 79' lang='lat' dir='ltr'>capitationibus</span> <span class='ocrx_word' id='word_1_140' title='bbox 1457 1059 1498 1110; x_wconf 89' lang='lat' dir='ltr'>ad</span> <span class='ocrx_word' id='word_1_141' title='bbox 1521 1057 1670 1110; x_wconf 84' lang='lat' dir='ltr'>lasciviam</span> <span class='ocrx_word' id='word_1_142' title='bbox 1693 1057 1821 1124; x_wconf 81' lang='lat' dir='ltr'>defluens</span> <span class='ocrx_word' id='word_1_143' title='bbox 1836 1059 1956 1125; x_wconf 78' lang='lat' dir='ltr'>pondus</span> 
     </span>
     <span class='ocr_line' id='line_1_12' title="bbox 256 1138 1955 1211; baseline -0.001 -13"><span class='ocrx_word' id='word_1_144' title='bbox 256 1140 436 1198; x_wconf 87' lang='lat' dir='ltr'>ecclesiastici</span> <span class='ocrx_word' id='word_1_145' title='bbox 458 1140 498 1195; x_wconf 88' lang='lat' dir='ltr'>sic</span> <span class='ocrx_word' id='word_1_146' title='bbox 511 1139 601 1208; x_wconf 88' lang='lat' dir='ltr'>dictis,</span> <span class='ocrx_word' id='word_1_147' title='bbox 613 1140 662 1194; x_wconf 86' lang='lat' dir='ltr'>sed</span> <span class='ocrx_word' id='word_1_148' title='bbox 675 1140 710 1194; x_wconf 88' lang='lat' dir='ltr'>de</span> <span class='ocrx_word' id='word_1_149' title='bbox 726 1140 904 1195; x_wconf 81' lang='lat' dir='ltr'>diaconorum</span> <span class='ocrx_word' id='word_1_150' title='bbox 916 1138 1091 1193; x_wconf 78' lang='lat' dir='ltr'>uxoribus.**</span> <span class='ocrx_word' id='word_1_151' title='bbox 1117 1141 1303 1210; x_wconf 80' lang='lat' dir='ltr'>turpitudinis</span> <span class='ocrx_word' id='word_1_152' title='bbox 1322 1149 1413 1207; x_wconf 81' lang='lat' dir='ltr'>qestot</span> <span class='ocrx_word' id='word_1_153' title='bbox 1431 1143 1461 1194; x_wconf 91' lang='lat' dir='ltr'>in</span> <span class='ocrx_word' id='word_1_154' title='bbox 1482 1144 1569 1195; x_wconf 87' lang='lat' dir='ltr'>corde</span> <span class='ocrx_word' id='word_1_155' title='bbox 1589 1150 1614 1195; x_wconf 90' lang='lat' dir='ltr'>et</span> <span class='ocrx_word' id='word_1_156' title='bbox 1639 1143 1765 1211; x_wconf 75' lang='lat' dir='ltr'>quemme</span> <span class='ocrx_word' id='word_1_157' title='bbox 1780 1158 1877 1210; x_wconf 63' lang='lat' dir='ltr'>maso</span> <span class='ocrx_word' id='word_1_158' title='bbox 1900 1160 1955 1197; x_wconf 85' lang='lat' dir='ltr'>non</span> 
     </span>
     <span class='ocr_line' id='line_1_13' title="bbox 254 1223 1954 1294; baseline -0.001 -11"><span class='ocrx_word' id='word_1_159' title='bbox 254 1227 389 1284; x_wconf 85' lang='lat' dir='ltr'>Privatim</span> <span class='ocrx_word' id='word_1_160' title='bbox 405 1232 498 1280; x_wconf 89' lang='lat' dir='ltr'>tamen</span> <span class='ocrx_word' id='word_1_161' title='bbox 516 1224 650 1279; x_wconf 86' lang='lat' dir='ltr'>familiam</span> <span class='ocrx_word' id='word_1_162' title='bbox 669 1225 727 1280; x_wconf 87' lang='lat' dir='ltr'>sive</span> <span class='ocrx_word' id='word_1_163' title='bbox 746 1225 926 1281; x_wconf 87' lang='lat' dir='ltr'>domesticam</span> <span class='ocrx_word' id='word_1_164' title='bbox 946 1223 1091 1280; x_wconf 88' lang='lat' dir='ltr'>ecclesiam</span> <span class='ocrx_word' id='word_1_165' title='bbox 1118 1233 1244 1280; x_wconf 72' lang='lat' dir='ltr'>samosat</span> <span class='ocrx_word' id='word_1_166' title='bbox 1268 1243 1363 1294; x_wconf 85' lang='lat' dir='ltr'>apere,</span> <span class='ocrx_word' id='word_1_167' title='bbox 1393 1229 1429 1279; x_wconf 87' lang='lat' dir='ltr'>ab</span> <span class='ocrx_word' id='word_1_168' title='bbox 1448 1228 1493 1281; x_wconf 84' lang='lat' dir='ltr'>lis</span> <span class='ocrx_word' id='word_1_169' title='bbox 1511 1236 1603 1281; x_wconf 84' lang='lat' dir='ltr'>tamen</span> <span class='ocrx_word' id='word_1_170' title='bbox 1619 1245 1674 1280; x_wconf 83' lang='lat' dir='ltr'>non</span> <span class='ocrx_word' id='word_1_171' title='bbox 1705 1227 1838 1281; x_wconf 77' lang='lat' dir='ltr'>avellitur</span> <span class='ocrx_word' id='word_1_172' title='bbox 1860 1236 1954 1282; x_wconf 89' lang='lat' dir='ltr'>ments.</span> 
     </span>
     <span class='ocr_line' id='line_1_14' title="bbox 256 1309 1955 1383; baseline 0.001 -15"><span class='ocrx_word' id='word_1_173' title='bbox 256 1313 399 1368; x_wconf 82' lang='lat' dir='ltr'>instituere</span> <span class='ocrx_word' id='word_1_174' title='bbox 421 1317 450 1366; x_wconf 90' lang='lat' dir='ltr'>et</span> <span class='ocrx_word' id='word_1_175' title='bbox 473 1318 590 1381; x_wconf 89' lang='lat' dir='ltr'>possunt</span> <span class='ocrx_word' id='word_1_176' title='bbox 609 1318 637 1366; x_wconf 94' lang='lat' dir='ltr'>et</span> <span class='ocrx_word' id='word_1_177' title='bbox 661 1311 764 1366; x_wconf 90' lang='lat' dir='ltr'>debent</span> <span class='ocrx_word' id='word_1_178' title='bbox 788 1311 852 1381; x_wconf 88' lang='lat' dir='ltr'>piae</span> <span class='ocrx_word' id='word_1_179' title='bbox 880 1311 1007 1366; x_wconf 87' lang='lat' dir='ltr'>feminae.</span> <span class='ocrx_word' id='word_1_180' title='bbox 1042 1309 1091 1362; x_wconf 91' lang='lat' dir='ltr'>Di·</span> <span class='ocrx_word' id='word_1_181' title='bbox 1118 1312 1196 1367; x_wconf 88' lang='lat' dir='ltr'>Haec</span> <span class='ocrx_word' id='word_1_182' title='bbox 1214 1312 1307 1366; x_wconf 89' lang='lat' dir='ltr'>omnia</span> <span class='ocrx_word' id='word_1_183' title='bbox 1323 1311 1484 1383; x_wconf 82' lang='lat' dir='ltr'>Gregorius,</span> <span class='ocrx_word' id='word_1_184' title='bbox 1510 1313 1557 1383; x_wconf 93' lang='lat' dir='ltr'>qui</span> <span class='ocrx_word' id='word_1_185' title='bbox 1576 1312 1750 1382; x_wconf 87' lang='lat' dir='ltr'>singulorum</span> <span class='ocrx_word' id='word_1_186' title='bbox 1770 1312 1955 1369; x_wconf 88' lang='lat' dir='ltr'>membrorum</span> 
     </span>
     <span class='ocr_line' id='line_1_15' title="bbox 256 1394 1953 1470; baseline 0 -16"><span class='ocrx_word' id='word_1_187' title='bbox 256 1399 455 1470; x_wconf 81' lang='lat' dir='ltr'>stinguendum</span> <span class='ocrx_word' id='word_1_188' title='bbox 486 1397 572 1468; x_wconf 90' lang='lat' dir='ltr'>igitur</span> <span class='ocrx_word' id='word_1_189' title='bbox 608 1404 629 1452; x_wconf 94' lang='grc'>1.</span> <span class='ocrx_word' id='word_1_190' title='bbox 658 1396 730 1451; x_wconf 88' lang='lat' dir='ltr'>inter</span> <span class='ocrx_word' id='word_1_191' title='bbox 759 1413 876 1451; x_wconf 87' lang='lat' dir='ltr'>munera</span> <span class='ocrx_word' id='word_1_192' title='bbox 906 1394 1330 1467; x_wconf 71' lang='lat' dir='ltr'>ecclesiasticaexplicationem</span> <span class='ocrx_word' id='word_1_193' title='bbox 1348 1414 1381 1452; x_wconf 88' lang='lat' dir='ltr'>er</span> <span class='ocrx_word' id='word_1_194' title='bbox 1400 1397 1551 1467; x_wconf 77' lang='lat' dir='ltr'>scripturis</span> <span class='ocrx_word' id='word_1_195' title='bbox 1572 1397 1674 1453; x_wconf 90' lang='lat' dir='ltr'>ibidem</span> <span class='ocrx_word' id='word_1_196' title='bbox 1690 1398 1810 1464; x_wconf 84' lang='lat' dir='ltr'>probare</span> <span class='ocrx_word' id='word_1_197' title='bbox 1827 1405 1953 1454; x_wconf 76' lang='lat' dir='ltr'>eonatm.</span> 
     </span>
    </p>

    <p class='ocr_par' dir='ltr' id='par_1_9' title="bbox 256 1468 1955 1640">
     <span class='ocr_line' id='line_1_16' title="bbox 257 1468 1955 1557; baseline -0.001 -17"><span class='ocrx_word' id='word_1_198' title='bbox 257 1485 286 1541; x_wconf 90' lang='lat' dir='ltr'>io</span> <span class='ocrx_word' id='word_1_199' title='bbox 303 1500 407 1557; x_wconf 77' lang='lat' dir='ltr'>genere</span> <span class='ocrx_word' id='word_1_200' title='bbox 425 1489 454 1538; x_wconf 93' lang='lat' dir='ltr'>et</span> <span class='ocrx_word' id='word_1_201' title='bbox 472 1481 594 1538; x_wconf 86' lang='lat' dir='ltr'>officium</span> <span class='ocrx_word' id='word_1_202' title='bbox 612 1481 730 1535; x_wconf 91' lang='lat' dir='ltr'>docendi</span> <span class='ocrx_word' id='word_1_203' title='bbox 749 1481 898 1551; x_wconf 79' lang='lat' dir='ltr'>inspecie3</span> <span class='ocrx_word' id='word_1_204' title='bbox 919 1488 942 1536; x_wconf 82' lang='lat'>2.</span> <span class='ocrx_word' id='word_1_205' title='bbox 962 1482 1033 1536; x_wconf 91' lang='lat' dir='ltr'>inter</span> <span class='ocrx_word' id='word_1_206' title='bbox 1052 1468 1250 1546; x_wconf 80' lang='lat' dir='ltr'>iniQuamvis</span> <span class='ocrx_word' id='word_1_207' title='bbox 1274 1498 1340 1536; x_wconf 87' lang='lat' dir='ltr'>vera</span> <span class='ocrx_word' id='word_1_208' title='bbox 1367 1483 1484 1537; x_wconf 87' lang='lat' dir='ltr'>ecclesis</span> <span class='ocrx_word' id='word_1_209' title='bbox 1510 1482 1545 1538; x_wconf 90' lang='lat' dir='ltr'>N.</span> <span class='ocrx_word' id='word_1_210' title='bbox 1572 1483 1605 1538; x_wconf 85' lang='lat' dir='ltr'>T.</span> <span class='ocrx_word' id='word_1_211' title='bbox 1633 1499 1687 1538; x_wconf 91' lang='lat' dir='ltr'>non</span> <span class='ocrx_word' id='word_1_212' title='bbox 1716 1482 1753 1536; x_wconf 90' lang='lat' dir='ltr'>sit</span> <span class='ocrx_word' id='word_1_213' title='bbox 1776 1483 1903 1552; x_wconf 84' lang='lat' dir='ltr'>praecise</span> <span class='ocrx_word' id='word_1_214' title='bbox 1920 1484 1955 1539; x_wconf 84' lang='lat' dir='ltr'>sd</span> 
     </span>
     <span class='ocr_line' id='line_1_17' title="bbox 256 1565 1954 1640; baseline -0.001 -15"><span class='ocrx_word' id='word_1_215' title='bbox 256 1571 427 1627; x_wconf 87' lang='lat' dir='ltr'>stitutionem</span> <span class='ocrx_word' id='word_1_216' title='bbox 448 1568 589 1639; x_wconf 91' lang='lat' dir='ltr'>publicam</span> <span class='ocrx_word' id='word_1_217' title='bbox 607 1567 664 1622; x_wconf 84' lang='lat' dir='ltr'>sire</span> <span class='ocrx_word' id='word_1_218' title='bbox 682 1567 898 1622; x_wconf 88' lang='lat' dir='ltr'>ecclesiasticam</span> <span class='ocrx_word' id='word_1_219' title='bbox 916 1573 945 1622; x_wconf 88' lang='lat' dir='ltr'>et</span> <span class='ocrx_word' id='word_1_220' title='bbox 956 1571 1092 1637; x_wconf 88' lang='lat' dir='ltr'>privatam</span> <span class='ocrx_word' id='word_1_221' title='bbox 1118 1568 1208 1638; x_wconf 89' lang='lat' dir='ltr'>legem</span> <span class='ocrx_word' id='word_1_222' title='bbox 1226 1567 1302 1633; x_wconf 80' lang='lat' dir='ltr'>illam</span> <span class='ocrx_word' id='word_1_223' title='bbox 1323 1567 1475 1623; x_wconf 86' lang='lat' dir='ltr'>Leviticam</span> <span class='ocrx_word' id='word_1_224' title='bbox 1493 1567 1615 1639; x_wconf 86' lang='lat' dir='ltr'>alligate,</span> <span class='ocrx_word' id='word_1_225' title='bbox 1632 1574 1726 1623; x_wconf 85' lang='lat' dir='ltr'>tamen</span> <span class='ocrx_word' id='word_1_226' title='bbox 1746 1565 1954 1640; x_wconf 74' lang='grc' dir='ltr'>εὐσχημοσύνης</span> 
     </span>
    </p>

    <p class='ocr_par' dir='ltr' id='par_1_10' title="bbox 257 1652 1953 1724">
     <span class='ocr_line' id='line_1_18' title="bbox 257 1652 1953 1724; baseline -0.002 -13"><span class='ocrx_word' id='word_1_227' title='bbox 257 1655 315 1711; x_wconf 81' lang='lat' dir='ltr'>sive</span> <span class='ocrx_word' id='word_1_228' title='bbox 346 1655 542 1722; x_wconf 68' lang='lat' dir='ltr'>domesticam</span> <span class='ocrx_word' id='word_1_229' title='bbox 575 1659 598 1708; x_wconf 86' lang='lat'>3.</span> <span class='ocrx_word' id='word_1_230' title='bbox 623 1654 693 1708; x_wconf 85' lang='lat' dir='ltr'>inter</span> <span class='ocrx_word' id='word_1_231' title='bbox 720 1652 885 1708; x_wconf 86' lang='lat' dir='ltr'>ordinariam</span> <span class='ocrx_word' id='word_1_232' title='bbox 913 1652 1039 1723; x_wconf 84' lang='lat' dir='ltr'>regulam</span> <span class='ocrx_word' id='word_1_233' title='bbox 1065 1657 1093 1706; x_wconf 90' lang='lat' dir='ltr'>et</span> <span class='ocrx_word' id='word_1_234' title='bbox 1119 1670 1200 1724; x_wconf 88' lang='lat' dir='ltr'>ergo,</span> <span class='ocrx_word' id='word_1_235' title='bbox 1227 1658 1362 1723; x_wconf 87' lang='lat' dir='ltr'>quantum</span> <span class='ocrx_word' id='word_1_236' title='bbox 1380 1652 1440 1708; x_wconf 89' lang='lat' dir='ltr'>fieri</span> <span class='ocrx_word' id='word_1_237' title='bbox 1460 1661 1564 1723; x_wconf 88' lang='lat' dir='ltr'>potest,</span> <span class='ocrx_word' id='word_1_238' title='bbox 1592 1654 1662 1708; x_wconf 89' lang='lat' dir='ltr'>tales</span> <span class='ocrx_word' id='word_1_239' title='bbox 1681 1653 1802 1713; x_wconf 86' lang='lat' dir='ltr'>ministri</span> <span class='ocrx_word' id='word_1_240' title='bbox 1824 1660 1891 1707; x_wconf 91' lang='lat' dir='ltr'>sunt</span> <span class='ocrx_word' id='word_1_241' title='bbox 1908 1653 1953 1710; x_wconf 89' lang='lat' dir='ltr'>eli·</span> 
     </span>
    </p>

    <p class='ocr_par' dir='ltr' id='par_1_11' title="bbox 129 1738 1956 2324">
     <span class='ocr_line' id='line_1_19' title="bbox 257 1738 1954 1809; baseline -0.001 -13"><span class='ocrx_word' id='word_1_242' title='bbox 257 1758 352 1796; x_wconf 78' lang='lat' dir='ltr'>omum</span> <span class='ocrx_word' id='word_1_243' title='bbox 370 1738 542 1796; x_wconf 82' lang='lat' dir='ltr'>necessitatis</span> <span class='ocrx_word' id='word_1_244' title='bbox 560 1739 814 1793; x_wconf 84' lang='lat' dir='ltr'>extraordinarium.</span> <span class='ocrx_word' id='word_1_245' title='bbox 1117 1738 1211 1808; x_wconf 86' lang='lat' dir='ltr'>gandi,</span> <span class='ocrx_word' id='word_1_246' title='bbox 1232 1739 1280 1809; x_wconf 91' lang='lat' dir='ltr'>qui</span> <span class='ocrx_word' id='word_1_247' title='bbox 1302 1739 1338 1793; x_wconf 92' lang='lat' dir='ltr'>ob</span> <span class='ocrx_word' id='word_1_248' title='bbox 1364 1739 1504 1793; x_wconf 87' lang='lat' dir='ltr'>deiectum</span> <span class='ocrx_word' id='word_1_249' title='bbox 1523 1739 1645 1809; x_wconf 85' lang='lat' dir='ltr'>aliquem</span> <span class='ocrx_word' id='word_1_250' title='bbox 1664 1740 1788 1809; x_wconf 89' lang='lat' dir='ltr'>corporis</span> <span class='ocrx_word' id='word_1_251' title='bbox 1814 1757 1871 1794; x_wconf 91' lang='lat' dir='ltr'>non</span> <span class='ocrx_word' id='word_1_252' title='bbox 1901 1740 1954 1794; x_wconf 92' lang='lat' dir='ltr'>sint</span> 
     </span>
     <span class='ocr_line' id='line_1_20' title="bbox 129 1817 1952 1912; baseline -0.001 -30"><span class='ocrx_word' id='word_1_253' title='bbox 129 1817 245 1912; x_wconf 45' lang='lat' dir='ltr'>ww</span> <span class='ocrx_word' id='word_1_254' title='bbox 296 1832 353 1882; x_wconf 85' lang='grc'><strong>181.</strong></span> <span class='ocrx_word' id='word_1_255' title='bbox 378 1825 526 1890; x_wconf 83' lang='lat' dir='ltr'>Quaeritur</span> <span class='ocrx_word' id='word_1_256' title='bbox 552 1832 576 1878; x_wconf 85' lang='grc'><strong>4.</strong></span> <span class='ocrx_word' id='word_1_257' title='bbox 595 1842 633 1877; x_wconf 91' lang='lat' dir='ltr'>an</span> <span class='ocrx_word' id='word_1_258' title='bbox 653 1825 720 1876; x_wconf 88' lang='lat' dir='ltr'>vitio</span> <span class='ocrx_word' id='word_1_259' title='bbox 738 1824 868 1893; x_wconf 87' lang='lat' dir='ltr'>carparis</span> <span class='ocrx_word' id='word_1_260' title='bbox 885 1823 994 1892; x_wconf 82' lang='lat' dir='ltr'>affectis</span> <span class='ocrx_word' id='word_1_261' title='bbox 1013 1822 1092 1874; x_wconf 86' lang='lat' dir='ltr'>mini·</span> <span class='ocrx_word' id='word_1_262' title='bbox 1120 1824 1182 1878; x_wconf 87' lang='lat' dir='ltr'>aliis</span> <span class='ocrx_word' id='word_1_263' title='bbox 1204 1825 1368 1891; x_wconf 86' lang='lat' dir='ltr'>contemtui,</span> <span class='ocrx_word' id='word_1_264' title='bbox 1396 1824 1464 1894; x_wconf 91' lang='lat' dir='ltr'>quin</span> <span class='ocrx_word' id='word_1_265' title='bbox 1491 1825 1573 1879; x_wconf 89' lang='lat' dir='ltr'>etiam</span> <span class='ocrx_word' id='word_1_266' title='bbox 1597 1830 1711 1895; x_wconf 89' lang='lat' dir='ltr'>propter</span> <span class='ocrx_word' id='word_1_267' title='bbox 1728 1825 1854 1881; x_wconf 87' lang='lat' dir='ltr'>defectus</span> <span class='ocrx_word' id='word_1_268' title='bbox 1874 1842 1952 1896; x_wconf 91' lang='lat' dir='ltr'>quos·</span> 
     </span>
     <span class='ocr_line' id='line_1_21' title="bbox 151 1907 1954 1981; baseline 0.002 -18"><span class='ocrx_word' id='word_1_269' title='bbox 151 1920 212 1967; x_wconf 70' lang='lat' dir='ltr'>xlll-</span> <span class='ocrx_word' id='word_1_270' title='bbox 223 1919 245 1973; x_wconf 76' lang='grc'>,1.</span> <span class='ocrx_word' id='word_1_271' title='bbox 257 1913 374 1967; x_wconf 80' lang='lat' dir='ltr'>sterium</span> <span class='ocrx_word' id='word_1_272' title='bbox 386 1912 423 1965; x_wconf 87' lang='lat' dir='ltr'>sit</span> <span class='ocrx_word' id='word_1_273' title='bbox 435 1911 681 1964; x_wconf 75' lang='lat' dir='ltr'>committendum!</span> <span class='ocrx_word' id='word_1_274' title='bbox 701 1908 924 1976; x_wconf 86' lang='lat' dir='ltr'>Respondemus:</span> <span class='ocrx_word' id='word_1_275' title='bbox 945 1907 1093 1975; x_wconf 62' lang='grc'><strong>11111121,</strong></span> <span class='ocrx_word' id='word_1_276' title='bbox 1119 1910 1184 1963; x_wconf 92' lang='lat' dir='ltr'>dam</span> <span class='ocrx_word' id='word_1_277' title='bbox 1204 1909 1368 1981; x_wconf 84' lang='lat' dir='ltr'>insigniores</span> <span class='ocrx_word' id='word_1_278' title='bbox 1388 1911 1502 1980; x_wconf 89' lang='lat' dir='ltr'>quidam</span> <span class='ocrx_word' id='word_1_279' title='bbox 1521 1910 1632 1965; x_wconf 88' lang='lat' dir='ltr'>omnino</span> <span class='ocrx_word' id='word_1_280' title='bbox 1656 1911 1844 1966; x_wconf 87' lang='lat' dir='ltr'>aministerio</span> <span class='ocrx_word' id='word_1_281' title='bbox 1864 1912 1954 1967; x_wconf 87' lang='lat' dir='ltr'>exclu·</span> 
     </span>
     <span class='ocr_line' id='line_1_22' title="bbox 129 1972 1954 2067; baseline -0.001 -16"><span class='ocrx_word' id='word_1_282' title='bbox 129 1972 220 2067; x_wconf 50' lang='lat' dir='ltr'>iffi,</span> <span class='ocrx_word' id='word_1_283' title='bbox 258 2015 285 2054; x_wconf 87' lang='lat' dir='ltr'>v.</span> <span class='ocrx_word' id='word_1_284' title='bbox 308 2005 346 2051; x_wconf 85' lang='grc'>11.</span> <span class='ocrx_word' id='word_1_285' title='bbox 365 2001 455 2051; x_wconf 87' lang='lat' dir='ltr'>exstat</span> <span class='ocrx_word' id='word_1_286' title='bbox 474 1995 578 2050; x_wconf 86' lang='lat' dir='ltr'>diserta</span> <span class='ocrx_word' id='word_1_287' title='bbox 596 1992 760 2063; x_wconf 87' lang='lat' dir='ltr'>probibitio:</span> <span class='ocrx_word' id='word_1_288' title='bbox 790 1995 912 2047; x_wconf 66' lang='grc'><strong>13111111</strong></span> <span class='ocrx_word' id='word_1_289' title='bbox 936 2001 975 2046; x_wconf 84' lang='lat' dir='ltr'>est</span> <span class='ocrx_word' id='word_1_290' title='bbox 995 1992 1094 2046; x_wconf 77' lang='lat' dir='ltr'>Danti·</span> <span class='ocrx_word' id='word_1_291' title='bbox 1121 1996 1230 2049; x_wconf 88' lang='lat' dir='ltr'>duntur.</span> <span class='ocrx_word' id='word_1_292' title='bbox 1268 1996 1302 2050; x_wconf 88' lang='lat' dir='ltr'>In</span> <span class='ocrx_word' id='word_1_293' title='bbox 1325 1997 1390 2064; x_wconf 85' lang='lat' dir='ltr'>jure</span> <span class='ocrx_word' id='word_1_294' title='bbox 1418 1996 1550 2050; x_wconf 88' lang='lat' dir='ltr'>canonico</span> <span class='ocrx_word' id='word_1_295' title='bbox 1578 1995 1614 2052; x_wconf 94' lang='lat' dir='ltr'>de</span> <span class='ocrx_word' id='word_1_296' title='bbox 1639 1995 1693 2051; x_wconf 89' lang='lat' dir='ltr'>hae</span> <span class='ocrx_word' id='word_1_297' title='bbox 1720 1998 1882 2066; x_wconf 78' lang='lat' dir='ltr'>quaestione</span> <span class='ocrx_word' id='word_1_298' title='bbox 1912 2015 1954 2052; x_wconf 89' lang='lat' dir='ltr'>er·</span> 
     </span>
     <span class='ocr_line' id='line_1_23' title="bbox 130 2076 1954 2168; baseline 0.002 -32"><span class='ocrx_word' id='word_1_299' title='bbox 130 2076 236 2168; x_wconf 56' lang='lat' dir='ltr'>{ffiffli&#39;</span> <span class='ocrx_word' id='word_1_300' title='bbox 259 2100 311 2136; x_wconf 89' lang='lat' dir='ltr'>nus</span> <span class='ocrx_word' id='word_1_301' title='bbox 329 2084 370 2136; x_wconf 87' lang='lat' dir='ltr'>od</span> <span class='ocrx_word' id='word_1_302' title='bbox 384 2084 502 2148; x_wconf 70' lang='lat' dir='ltr'>Moysen</span> <span class='ocrx_word' id='word_1_303' title='bbox 528 2082 640 2134; x_wconf 86' lang='lat' dir='ltr'>dicens:</span> <span class='ocrx_word' id='word_1_304' title='bbox 668 2082 796 2146; x_wconf 78' lang='lat' dir='ltr'>Loquere</span> <span class='ocrx_word' id='word_1_305' title='bbox 817 2081 859 2132; x_wconf 90' lang='lat' dir='ltr'>ad</span> <span class='ocrx_word' id='word_1_306' title='bbox 874 2079 995 2162; x_wconf 47' lang='lat' dir='ltr'>,Aaron</span> <span class='ocrx_word' id='word_1_307' title='bbox 1013 2077 1093 2131; x_wconf 84' lang='lat' dir='ltr'>loma</span> <span class='ocrx_word' id='word_1_308' title='bbox 1120 2088 1195 2135; x_wconf 88' lang='lat' dir='ltr'>stant</span> <span class='ocrx_word' id='word_1_309' title='bbox 1222 2088 1368 2152; x_wconf 89' lang='lat' dir='ltr'>sequentes</span> <span class='ocrx_word' id='word_1_310' title='bbox 1400 2097 1527 2136; x_wconf 88' lang='lat' dir='ltr'>canones.</span> <span class='ocrx_word' id='word_1_311' title='bbox 1553 2099 1575 2136; x_wconf 92' lang='lat' dir='ltr'>c.</span> <span class='ocrx_word' id='word_1_312' title='bbox 1601 2080 1789 2138; x_wconf 86' lang='lat' dir='ltr'>Communiter</span> <span class='ocrx_word' id='word_1_313' title='bbox 1816 2083 1881 2139; x_wconf 88' lang='grc'><strong>(1111.</strong></span> <span class='ocrx_word' id='word_1_314' title='bbox 1906 2088 1954 2139; x_wconf 80' lang='lat'>33:</span> 
     </span>
     <span class='ocr_line' id='line_1_24' title="bbox 131 2135 1954 2237; baseline 0 -15"><span class='ocrx_word' id='word_1_315' title='bbox 131 2135 984 2237; x_wconf 59' lang='grc'><strong>111111111111111111111111111111111111,111111111111</strong></span> <span class='ocrx_word' id='word_1_316' title='bbox 1001 2179 1094 2215; x_wconf 74' lang='lat' dir='ltr'>maau-</span> <span class='ocrx_word' id='word_1_317' title='bbox 1124 2168 1309 2221; x_wconf 87' lang='lat' dir='ltr'>Communiter</span> <span class='ocrx_word' id='word_1_318' title='bbox 1329 2168 1484 2236; x_wconf 80' lang='lat' dir='ltr'>desinimus,</span> <span class='ocrx_word' id='word_1_319' title='bbox 1502 2176 1532 2219; x_wconf 90' lang='lat' dir='ltr'>ut</span> <span class='ocrx_word' id='word_1_320' title='bbox 1550 2168 1645 2221; x_wconf 89' lang='lat' dir='ltr'>nullus</span> <span class='ocrx_word' id='word_1_321' title='bbox 1671 2170 1707 2222; x_wconf 86' lang='lat' dir='ltr'>de</span> <span class='ocrx_word' id='word_1_322' title='bbox 1727 2169 1772 2232; x_wconf 86' lang='lat' dir='ltr'>iis,</span> <span class='ocrx_word' id='word_1_323' title='bbox 1792 2169 1843 2237; x_wconf 86' lang='lat' dir='ltr'>qui</span> <span class='ocrx_word' id='word_1_324' title='bbox 1860 2171 1954 2223; x_wconf 85' lang='lat' dir='ltr'>autin</span> 
     </span>
     <span class='ocr_line' id='line_1_25' title="bbox 132 2228 1956 2324; baseline -0.001 -17"><span class='ocrx_word' id='word_1_325' title='bbox 132 2228 234 2273; x_wconf 55' lang='lat' dir='ltr'>&#39;um&#39;</span> <span class='ocrx_word' id='word_1_326' title='bbox 259 2255 325 2323; x_wconf 83' lang='lat' dir='ltr'>lam,</span> <span class='ocrx_word' id='word_1_327' title='bbox 342 2272 398 2308; x_wconf 88' lang='lat' dir='ltr'>nan</span> <span class='ocrx_word' id='word_1_328' title='bbox 415 2255 512 2324; x_wconf 68' lang='lat' dir='ltr'>offeret</span> <span class='ocrx_word' id='word_1_329' title='bbox 525 2269 616 2322; x_wconf 88' lang='lat' dir='ltr'>panas</span> <span class='ocrx_word' id='word_1_330' title='bbox 634 2253 698 2304; x_wconf 90' lang='lat' dir='ltr'>Deo</span> <span class='ocrx_word' id='word_1_331' title='bbox 718 2268 786 2318; x_wconf 82' lang='lat' dir='ltr'>aua,</span> <span class='ocrx_word' id='word_1_332' title='bbox 801 2267 827 2303; x_wconf 87' lang='lat' dir='ltr'>v.</span> <span class='ocrx_word' id='word_1_333' title='bbox 849 2254 889 2304; x_wconf 80' lang='lat'>18.</span> <span class='ocrx_word' id='word_1_334' title='bbox 911 2266 962 2302; x_wconf 85' lang='lat' dir='ltr'>nea</span> <span class='ocrx_word' id='word_1_335' title='bbox 979 2249 1094 2302; x_wconf 75' lang='lat' dir='ltr'>accedet</span> <span class='ocrx_word' id='word_1_336' title='bbox 1119 2261 1197 2307; x_wconf 85' lang='lat' dir='ltr'>terro</span> <span class='ocrx_word' id='word_1_337' title='bbox 1214 2254 1323 2321; x_wconf 82' lang='lat' dir='ltr'>arrepti</span> <span class='ocrx_word' id='word_1_338' title='bbox 1340 2271 1358 2307; x_wconf 92' lang='lat' dir='ltr'>a</span> <span class='ocrx_word' id='word_1_339' title='bbox 1390 2253 1571 2306; x_wconf 84' lang='lat' dir='ltr'>daemonibus</span> <span class='ocrx_word' id='word_1_340' title='bbox 1589 2253 1745 2316; x_wconf 87' lang='lat' dir='ltr'>eliduntur,</span> <span class='ocrx_word' id='word_1_341' title='bbox 1765 2261 1815 2306; x_wconf 88' lang='lat' dir='ltr'>out</span> <span class='ocrx_word' id='word_1_342' title='bbox 1833 2254 1956 2324; x_wconf 80' lang='lat' dir='ltr'>quolibet</span> 
     </span>
    </p>
   </div>
   <div class='ocr_carea' id='block_1_3' title="bbox 259 2334 1956 2410">
    <p class='ocr_par' dir='ltr' id='par_1_12' title="bbox 259 2334 1956 2410">
     <span class='ocr_line' id='line_1_26' title="bbox 259 2334 1956 2410; baseline -0.003 -12"><span class='ocrx_word' id='word_1_343' title='bbox 259 2341 407 2410; x_wconf 78' lang='lat' dir='ltr'>quisquam</span> <span class='ocrx_word' id='word_1_344' title='bbox 425 2340 492 2394; x_wconf 78' lang='lat' dir='ltr'>tolio</span> <span class='ocrx_word' id='word_1_345' title='bbox 511 2341 552 2393; x_wconf 79' lang='lat' dir='ltr'>od</span> <span class='ocrx_word' id='word_1_346' title='bbox 563 2337 748 2392; x_wconf 54' lang='lat' dir='ltr'>miniterium</span> <span class='ocrx_word' id='word_1_347' title='bbox 763 2336 832 2404; x_wconf 66' lang='lat' dir='ltr'>tim,</span> <span class='ocrx_word' id='word_1_348' title='bbox 850 2337 986 2388; x_wconf 64' lang='grc'><strong>31006011*</strong></span> <span class='ocrx_word' id='word_1_349' title='bbox 997 2334 1093 2399; x_wconf 67' lang='lat' dir='ltr'>fuerit</span> <span class='ocrx_word' id='word_1_350' title='bbox 1120 2341 1202 2392; x_wconf 88' lang='lat' dir='ltr'>modo</span> <span class='ocrx_word' id='word_1_351' title='bbox 1228 2339 1383 2391; x_wconf 75' lang='lat' dir='ltr'>amnionis</span> <span class='ocrx_word' id='word_1_352' title='bbox 1412 2339 1570 2392; x_wconf 79' lang='lat' dir='ltr'>incurritur</span> <span class='ocrx_word' id='word_1_353' title='bbox 1600 2340 1768 2406; x_wconf 77' lang='lat' dir='ltr'>efferuntur,</span> <span class='ocrx_word' id='word_1_354' title='bbox 1794 2339 1840 2392; x_wconf 85' lang='lat' dir='ltr'>ael</span> <span class='ocrx_word' id='word_1_355' title='bbox 1865 2341 1956 2394; x_wconf 88' lang='lat' dir='ltr'>sacris</span> 
     </span>
    </p>
   </div>
   <div class='ocr_carea' id='block_1_4' title="bbox 256 2422 1958 3014">
    <p class='ocr_par' dir='ltr' id='par_1_13' title="bbox 256 2422 1958 3014">
     <span class='ocr_line' id='line_1_27' title="bbox 257 2422 1957 2494; baseline -0.001 -13"><span class='ocrx_word' id='word_1_356' title='bbox 257 2427 285 2481; x_wconf 88' lang='lat' dir='ltr'>si</span> <span class='ocrx_word' id='word_1_357' title='bbox 310 2427 444 2494; x_wconf 75' lang='lat' dir='ltr'>eleardus,</span> <span class='ocrx_word' id='word_1_358' title='bbox 474 2426 501 2479; x_wconf 87' lang='lat' dir='ltr'>si</span> <span class='ocrx_word' id='word_1_359' title='bbox 524 2426 569 2479; x_wconf 88' lang='lat' dir='ltr'>ael</span> <span class='ocrx_word' id='word_1_360' title='bbox 590 2442 680 2494; x_wconf 85' lang='lat' dir='ltr'>parea</span> <span class='ocrx_word' id='word_1_361' title='bbox 703 2423 747 2478; x_wconf 90' lang='lat' dir='ltr'>aet</span> <span class='ocrx_word' id='word_1_362' title='bbox 771 2422 878 2490; x_wconf 77' lang='lat' dir='ltr'>prandi</span> <span class='ocrx_word' id='word_1_363' title='bbox 904 2437 983 2484; x_wconf 88' lang='lat' dir='ltr'>naso,</span> <span class='ocrx_word' id='word_1_364' title='bbox 1004 2436 1030 2474; x_wconf 87' lang='lat' dir='ltr'>r.</span> <span class='ocrx_word' id='word_1_365' title='bbox 1053 2424 1092 2474; x_wconf 84' lang='lat'>19.</span> <span class='ocrx_word' id='word_1_366' title='bbox 1120 2427 1244 2483; x_wconf 70' lang='grc'><strong>11111111</strong></span> <span class='ocrx_word' id='word_1_367' title='bbox 1265 2422 1428 2477; x_wconf 85' lang='lat' dir='ltr'>ministrare</span> <span class='ocrx_word' id='word_1_368' title='bbox 1446 2423 1599 2490; x_wconf 60' lang='lat' dir='ltr'>alteritas,</span> <span class='ocrx_word' id='word_1_369' title='bbox 1627 2424 1672 2475; x_wconf 88' lang='lat' dir='ltr'>ael</span> <span class='ocrx_word' id='word_1_370' title='bbox 1689 2424 1847 2479; x_wconf 60' lang='lat' dir='ltr'>indiscissa</span> <span class='ocrx_word' id='word_1_371' title='bbox 1864 2442 1895 2479; x_wconf 85' lang='lat' dir='ltr'>se</span> <span class='ocrx_word' id='word_1_372' title='bbox 1915 2427 1957 2480; x_wconf 86' lang='lat' dir='ltr'>in·</span> 
     </span>
     <span class='ocr_line' id='line_1_28' title="bbox 256 2505 1956 2579; baseline -0.001 -13"><span class='ocrx_word' id='word_1_373' title='bbox 256 2512 284 2566; x_wconf 88' lang='lat' dir='ltr'>si</span> <span class='ocrx_word' id='word_1_374' title='bbox 298 2513 396 2577; x_wconf 84' lang='lat' dir='ltr'>fracta</span> <span class='ocrx_word' id='word_1_375' title='bbox 413 2513 496 2579; x_wconf 86' lang='lat' dir='ltr'>pede,</span> <span class='ocrx_word' id='word_1_376' title='bbox 515 2511 542 2563; x_wconf 89' lang='lat' dir='ltr'>si</span> <span class='ocrx_word' id='word_1_377' title='bbox 553 2528 647 2575; x_wconf 89' lang='lat' dir='ltr'>manu,</span> <span class='ocrx_word' id='word_1_378' title='bbox 667 2528 692 2563; x_wconf 85' lang='lat' dir='ltr'>r.</span> <span class='ocrx_word' id='word_1_379' title='bbox 707 2509 786 2564; x_wconf 84' lang='lat' dir='ltr'>20.si</span> <span class='ocrx_word' id='word_1_380' title='bbox 799 2509 937 2577; x_wconf 79' lang='lat' dir='ltr'>pithaeus,</span> <span class='ocrx_word' id='word_1_381' title='bbox 952 2506 978 2559; x_wconf 88' lang='lat' dir='ltr'>si</span> <span class='ocrx_word' id='word_1_382' title='bbox 994 2505 1093 2568; x_wconf 85' lang='lat' dir='ltr'>tenuis,</span> <span class='ocrx_word' id='word_1_383' title='bbox 1118 2517 1217 2576; x_wconf 81' lang='lat' dir='ltr'>perant</span> <span class='ocrx_word' id='word_1_384' title='bbox 1235 2511 1417 2563; x_wconf 85' lang='lat' dir='ltr'>sacramentis</span> <span class='ocrx_word' id='word_1_385' title='bbox 1435 2509 1552 2576; x_wconf 67' lang='lat' dir='ltr'>(lisinis,</span> <span class='ocrx_word' id='word_1_386' title='bbox 1582 2509 1703 2576; x_wconf 73' lang='lat' dir='ltr'>exceptio</span> <span class='ocrx_word' id='word_1_387' title='bbox 1727 2509 1804 2573; x_wconf 88' lang='lat' dir='ltr'>illis,</span> <span class='ocrx_word' id='word_1_388' title='bbox 1829 2512 1880 2579; x_wconf 88' lang='lat' dir='ltr'>qui</span> <span class='ocrx_word' id='word_1_389' title='bbox 1896 2529 1956 2567; x_wconf 89' lang='lat' dir='ltr'>car-</span> 
     </span>
     <span class='ocr_line' id='line_1_29' title="bbox 256 2590 1956 2668; baseline -0.001 -16"><span class='ocrx_word' id='word_1_390' title='bbox 256 2599 284 2652; x_wconf 77' lang='lat' dir='ltr'>ri</span> <span class='ocrx_word' id='word_1_391' title='bbox 301 2597 464 2668; x_wconf 78' lang='lat' dir='ltr'>pelliculam</span> <span class='ocrx_word' id='word_1_392' title='bbox 482 2597 587 2650; x_wconf 81' lang='lat' dir='ltr'>labens</span> <span class='ocrx_word' id='word_1_393' title='bbox 605 2598 635 2649; x_wconf 88' lang='lat' dir='ltr'>in</span> <span class='ocrx_word' id='word_1_394' title='bbox 655 2595 750 2659; x_wconf 75' lang='lat' dir='ltr'>omia,</span> <span class='ocrx_word' id='word_1_395' title='bbox 776 2596 803 2647; x_wconf 88' lang='lat' dir='ltr'>si</span> <span class='ocrx_word' id='word_1_396' title='bbox 819 2593 863 2647; x_wconf 89' lang='lat' dir='ltr'>ael</span> <span class='ocrx_word' id='word_1_397' title='bbox 884 2593 959 2645; x_wconf 84' lang='lat' dir='ltr'>sicea</span> <span class='ocrx_word' id='word_1_398' title='bbox 982 2591 1025 2645; x_wconf 85' lang='lat' dir='ltr'>ael</span> <span class='ocrx_word' id='word_1_399' title='bbox 1045 2590 1093 2643; x_wconf 84' lang='lat' dir='ltr'>lu·</span> <span class='ocrx_word' id='word_1_400' title='bbox 1116 2613 1218 2663; x_wconf 90' lang='lat' dir='ltr'>parum</span> <span class='ocrx_word' id='word_1_401' title='bbox 1236 2596 1460 2649; x_wconf 70' lang='lat' dir='ltr'>incommoditati</span> <span class='ocrx_word' id='word_1_402' title='bbox 1478 2595 1570 2648; x_wconf 85' lang='lat' dir='ltr'>dediti</span> <span class='ocrx_word' id='word_1_403' title='bbox 1588 2595 1648 2647; x_wconf 88' lang='lat' dir='ltr'>sine</span> <span class='ocrx_word' id='word_1_404' title='bbox 1665 2594 1831 2663; x_wconf 79' lang='lat' dir='ltr'>lujrcsmadi</span> <span class='ocrx_word' id='word_1_405' title='bbox 1844 2599 1956 2665; x_wconf 88' lang='lat' dir='ltr'>passia-</span> 
     </span>
     <span class='ocr_line' id='line_1_30' title="bbox 257 2677 1957 2751; baseline -0.001 -13"><span class='ocrx_word' id='word_1_406' title='bbox 257 2685 337 2738; x_wconf 85' lang='lat' dir='ltr'>mida</span> <span class='ocrx_word' id='word_1_407' title='bbox 366 2683 459 2736; x_wconf 83' lang='lat' dir='ltr'>scalis</span> <span class='ocrx_word' id='word_1_408' title='bbox 478 2682 643 2751; x_wconf 85' lang='lat' dir='ltr'>plerumque</span> <span class='ocrx_word' id='word_1_409' title='bbox 675 2682 832 2748; x_wconf 82' lang='lat' dir='ltr'>infestetur,</span> <span class='ocrx_word' id='word_1_410' title='bbox 863 2678 907 2731; x_wconf 88' lang='lat' dir='ltr'>ael</span> <span class='ocrx_word' id='word_1_411' title='bbox 938 2677 1093 2731; x_wconf 76' lang='lat' dir='ltr'>herniosus.</span> <span class='ocrx_word' id='word_1_412' title='bbox 1119 2682 1200 2733; x_wconf 84' lang='lat' dir='ltr'>nibus</span> <span class='ocrx_word' id='word_1_413' title='bbox 1208 2682 1237 2734; x_wconf 91' lang='lat' dir='ltr'>in</span> <span class='ocrx_word' id='word_1_414' title='bbox 1251 2682 1494 2750; x_wconf 82' lang='lat' dir='ltr'>terraprobantur</span> <span class='ocrx_word' id='word_1_415' title='bbox 1505 2680 1571 2732; x_wconf 89' lang='lat' dir='ltr'>elisi</span> <span class='ocrx_word' id='word_1_416' title='bbox 1581 2685 1633 2736; x_wconf 85' lang='lat' dir='ltr'>etc.</span> <span class='ocrx_word' id='word_1_417' title='bbox 1642 2695 1667 2736; x_wconf 89' lang='lat' dir='ltr'>c.</span> <span class='ocrx_word' id='word_1_418' title='bbox 1675 2679 1957 2739; x_wconf 71' lang='lat' dir='ltr'>clerioioistssdsx</span> 
     </span>
     <span class='ocr_line' id='line_1_31' title="bbox 258 2760 1958 2840; baseline -0.002 -14"><span class='ocrx_word' id='word_1_419' title='bbox 258 2769 314 2826; x_wconf 80' lang='lat' dir='ltr'>Sed</span> <span class='ocrx_word' id='word_1_420' title='bbox 331 2773 510 2840; x_wconf 86' lang='lat' dir='ltr'>praeceptum</span> <span class='ocrx_word' id='word_1_421' title='bbox 529 2766 646 2821; x_wconf 87' lang='lat' dir='ltr'>hocfnit</span> <span class='ocrx_word' id='word_1_422' title='bbox 659 2765 840 2836; x_wconf 69' lang='lat' dir='ltr'>cermnonials</span> <span class='ocrx_word' id='word_1_423' title='bbox 860 2764 918 2818; x_wconf 82' lang='lat' dir='ltr'>sire</span> <span class='ocrx_word' id='word_1_424' title='bbox 938 2760 1093 2816; x_wconf 83' lang='lat' dir='ltr'>Levitioum</span> <span class='ocrx_word' id='word_1_425' title='bbox 1119 2764 1248 2820; x_wconf 82' lang='lat' dir='ltr'>Gelasio:</span> <span class='ocrx_word' id='word_1_426' title='bbox 1275 2766 1381 2821; x_wconf 79' lang='lat' dir='ltr'>Clerici</span> <span class='ocrx_word' id='word_1_427' title='bbox 1400 2766 1496 2834; x_wconf 87' lang='lat' dir='ltr'>quiin</span> <span class='ocrx_word' id='word_1_428' title='bbox 1514 2765 1705 2818; x_wconf 87' lang='lat' dir='ltr'>odolescentia</span> <span class='ocrx_word' id='word_1_429' title='bbox 1729 2783 1749 2819; x_wconf 93' lang='lat' dir='ltr'>a</span> <span class='ocrx_word' id='word_1_430' title='bbox 1772 2768 1958 2822; x_wconf 81' lang='lat' dir='ltr'>doemonibus</span> 
     </span>
     <span class='ocr_line' id='line_1_32' title="bbox 258 2847 1957 2920; baseline -0.003 -8"><span class='ocrx_word' id='word_1_431' title='bbox 258 2873 393 2912; x_wconf 88' lang='lat' dir='ltr'>summam</span> <span class='ocrx_word' id='word_1_432' title='bbox 420 2854 494 2910; x_wconf 87' lang='lat' dir='ltr'>unici</span> <span class='ocrx_word' id='word_1_433' title='bbox 523 2851 674 2908; x_wconf 88' lang='lat' dir='ltr'>sacerdotis</span> <span class='ocrx_word' id='word_1_434' title='bbox 704 2852 733 2906; x_wconf 93' lang='lat' dir='ltr'>in</span> <span class='ocrx_word' id='word_1_435' title='bbox 758 2850 792 2907; x_wconf 88' lang='lat' dir='ltr'>N.</span> <span class='ocrx_word' id='word_1_436' title='bbox 822 2850 857 2906; x_wconf 88' lang='grc' dir='ltr'><strong>Τ.</strong></span> <span class='ocrx_word' id='word_1_437' title='bbox 888 2848 991 2905; x_wconf 84' lang='lat' dir='ltr'>Christi</span> <span class='ocrx_word' id='word_1_438' title='bbox 1023 2847 1091 2918; x_wconf 71' lang='lat' dir='ltr'>lesu</span> <span class='ocrx_word' id='word_1_439' title='bbox 1119 2859 1322 2919; x_wconf 82' lang='lat' dir='ltr'>caqnoscuntar</span> <span class='ocrx_word' id='word_1_440' title='bbox 1335 2853 1449 2914; x_wconf 81' lang='lat' dir='ltr'>adcessi,</span> <span class='ocrx_word' id='word_1_441' title='bbox 1467 2853 1509 2904; x_wconf 88' lang='lat' dir='ltr'>ad</span> <span class='ocrx_word' id='word_1_442' title='bbox 1527 2852 1701 2920; x_wconf 87' lang='lat' dir='ltr'>superiorem</span> <span class='ocrx_word' id='word_1_443' title='bbox 1715 2852 1794 2904; x_wconf 86' lang='lat' dir='ltr'>sacri</span> <span class='ocrx_word' id='word_1_444' title='bbox 1809 2854 1957 2919; x_wconf 84' lang='lat' dir='ltr'>reqiminis</span> 
     </span>
     <span class='ocr_line' id='line_1_33' title="bbox 258 2933 1956 3014; baseline -0.002 -18"><span class='ocrx_word' id='word_1_445' title='bbox 258 2942 456 3014; x_wconf 81' lang='lat' dir='ltr'>perfectionem</span> <span class='ocrx_word' id='word_1_446' title='bbox 474 2946 502 2994; x_wconf 90' lang='lat' dir='ltr'>et</span> <span class='ocrx_word' id='word_1_447' title='bbox 525 2938 561 2993; x_wconf 91' lang='lat' dir='ltr'>ab</span> <span class='ocrx_word' id='word_1_448' title='bbox 582 2938 655 2993; x_wconf 91' lang='lat' dir='ltr'>omni</span> <span class='ocrx_word' id='word_1_449' title='bbox 675 2936 784 3008; x_wconf 89' lang='lat' dir='ltr'>peccati</span> <span class='ocrx_word' id='word_1_450' title='bbox 808 2935 871 2991; x_wconf 87' lang='lat' dir='ltr'>labe</span> <span class='ocrx_word' id='word_1_451' title='bbox 891 2933 1092 2989; x_wconf 88' lang='lat' dir='ltr'>immunitatem</span> <span class='ocrx_word' id='word_1_452' title='bbox 1118 2940 1240 3007; x_wconf 65' lang='lat' dir='ltr'>padum</span> <span class='ocrx_word' id='word_1_453' title='bbox 1267 2939 1438 2991; x_wconf 79' lang='lat' dir='ltr'>adscendere</span> <span class='ocrx_word' id='word_1_454' title='bbox 1468 2956 1525 2991; x_wconf 90' lang='lat' dir='ltr'>nan</span> <span class='ocrx_word' id='word_1_455' title='bbox 1550 2945 1677 3005; x_wconf 87' lang='lat' dir='ltr'>possunt.</span> <span class='ocrx_word' id='word_1_456' title='bbox 1712 2955 1735 2992; x_wconf 93' lang='lat' dir='ltr'>o.</span> <span class='ocrx_word' id='word_1_457' title='bbox 1767 2937 1956 2994; x_wconf 85' lang='lat' dir='ltr'>Paenitentss.</span> 
     </span>
    </p>
   </div>
   <div class='ocr_carea' id='block_1_5' title="bbox 227 3020 1958 5407">
    <p class='ocr_par' dir='ltr' id='par_1_14' title="bbox 227 3020 1958 5407">
     <span class='ocr_line' id='line_1_34' title="bbox 259 3020 1956 3095; baseline -0.001 -14"><span class='ocrx_word' id='word_1_458' title='bbox 259 3027 410 3095; x_wconf 87' lang='lat' dir='ltr'>denotans,</span> <span class='ocrx_word' id='word_1_459' title='bbox 435 3025 521 3079; x_wconf 88' lang='lat' dir='ltr'>Hebr.</span> <span class='ocrx_word' id='word_1_460' title='bbox 546 3030 581 3093; x_wconf 87' lang='grc'>1,</span> <span class='ocrx_word' id='word_1_461' title='bbox 611 3043 637 3081; x_wconf 86' lang='lat' dir='ltr'>r.</span> <span class='ocrx_word' id='word_1_462' title='bbox 657 3030 678 3079; x_wconf 93' lang='grc'>1.</span> <span class='ocrx_word' id='word_1_463' title='bbox 705 3023 767 3078; x_wconf 91' lang='lat' dir='ltr'>ideo</span> <span class='ocrx_word' id='word_1_464' title='bbox 784 3021 813 3076; x_wconf 91' lang='lat' dir='ltr'>in</span> <span class='ocrx_word' id='word_1_465' title='bbox 833 3021 866 3077; x_wconf 89' lang='lat' dir='ltr'>N.</span> <span class='ocrx_word' id='word_1_466' title='bbox 884 3020 919 3076; x_wconf 88' lang='lat' dir='ltr'>T.</span> <span class='ocrx_word' id='word_1_467' title='bbox 945 3020 999 3074; x_wconf 89' lang='lat' dir='ltr'>iste</span> <span class='ocrx_word' id='word_1_468' title='bbox 1017 3020 1092 3089; x_wconf 89' lang='lat' dir='ltr'>rigor</span> <span class='ocrx_word' id='word_1_469' title='bbox 1118 3024 1184 3078; x_wconf 91' lang='lat' dir='ltr'>dist.</span> <span class='ocrx_word' id='word_1_470' title='bbox 1205 3031 1246 3079; x_wconf 80' lang='lat'>55.</span> <span class='ocrx_word' id='word_1_471' title='bbox 1266 3039 1300 3076; x_wconf 87' lang='lat' dir='ltr'>er</span> <span class='ocrx_word' id='word_1_472' title='bbox 1320 3021 1491 3092; x_wconf 73' lang='lat' dir='ltr'>spallam:</span> <span class='ocrx_word' id='word_1_473' title='bbox 1524 3024 1631 3090; x_wconf 83' lang='lat' dir='ltr'>Aliquo</span> <span class='ocrx_word' id='word_1_474' title='bbox 1648 3025 1833 3078; x_wconf 82' lang='lat' dir='ltr'>membrorum</span> <span class='ocrx_word' id='word_1_475' title='bbox 1851 3026 1956 3080; x_wconf 87' lang='lat' dir='ltr'>damna</span> 
     </span>
     <span class='ocr_line' id='line_1_35' title="bbox 258 3105 1955 3180; baseline -0.008 -13"><span class='ocrx_word' id='word_1_476' title='bbox 258 3112 385 3167; x_wconf 66' lang='lat' dir='ltr'>actitavit.</span> <span class='ocrx_word' id='word_1_477' title='bbox 410 3110 548 3165; x_wconf 71' lang='lat' dir='ltr'>Theodor.</span> <span class='ocrx_word' id='word_1_478' title='bbox 570 3126 597 3180; x_wconf 86' lang='lat' dir='ltr'>q.</span> <span class='ocrx_word' id='word_1_479' title='bbox 617 3114 657 3165; x_wconf 88' lang='grc'>30.</span> <span class='ocrx_word' id='word_1_480' title='bbox 682 3107 710 3162; x_wconf 86' lang='grc'>111</span> <span class='ocrx_word' id='word_1_481' title='bbox 730 3107 834 3162; x_wconf 70' lang='lat' dir='ltr'>Levit:</span> <span class='ocrx_word' id='word_1_482' title='bbox 854 3109 911 3161; x_wconf 76' lang='lat' dir='ltr'>Par</span> <span class='ocrx_word' id='word_1_483' title='bbox 930 3105 1092 3176; x_wconf 78' lang='lat' dir='ltr'>affectiones</span> <span class='ocrx_word' id='word_1_484' title='bbox 1114 3109 1245 3180; x_wconf 76' lang='lat' dir='ltr'>perpessi</span> <span class='ocrx_word' id='word_1_485' title='bbox 1271 3110 1312 3161; x_wconf 81' lang='lat' dir='ltr'>ad</span> <span class='ocrx_word' id='word_1_486' title='bbox 1329 3126 1425 3162; x_wconf 72' lang='lat' dir='ltr'>sacros</span> <span class='ocrx_word' id='word_1_487' title='bbox 1443 3109 1558 3162; x_wconf 79' lang='lat' dir='ltr'>ordines</span> <span class='ocrx_word' id='word_1_488' title='bbox 1576 3109 1730 3178; x_wconf 72' lang='lat' dir='ltr'>adspirare</span> <span class='ocrx_word' id='word_1_489' title='bbox 1746 3127 1803 3163; x_wconf 72' lang='lat' dir='ltr'>non</span> <span class='ocrx_word' id='word_1_490' title='bbox 1820 3113 1955 3166; x_wconf 65' lang='lat' dir='ltr'>audeant,</span> 
     </span>
     <span class='ocr_line' id='line_1_36' title="bbox 259 3190 1956 3266; baseline -0.002 -13"><span class='ocrx_word' id='word_1_491' title='bbox 259 3197 328 3253; x_wconf 74' lang='lat' dir='ltr'>alos</span> <span class='ocrx_word' id='word_1_492' title='bbox 341 3215 397 3251; x_wconf 91' lang='lat' dir='ltr'>non</span> <span class='ocrx_word' id='word_1_493' title='bbox 410 3202 507 3266; x_wconf 87' lang='lat' dir='ltr'>sponte</span> <span class='ocrx_word' id='word_1_494' title='bbox 521 3202 666 3266; x_wconf 76' lang='lat' dir='ltr'>nesceptas</span> <span class='ocrx_word' id='word_1_495' title='bbox 678 3193 828 3262; x_wconf 81' lang='lat' dir='ltr'>prohiberi</span> <span class='ocrx_word' id='word_1_496' title='bbox 844 3192 904 3261; x_wconf 79' lang='lat' dir='ltr'>opit</span> <span class='ocrx_word' id='word_1_497' title='bbox 917 3190 1092 3246; x_wconf 80' lang='lat' dir='ltr'>aalurstarias</span> <span class='ocrx_word' id='word_1_498' title='bbox 1119 3195 1244 3264; x_wconf 71' lang='lat' dir='ltr'>Corpore</span> <span class='ocrx_word' id='word_1_499' title='bbox 1272 3202 1364 3248; x_wconf 82' lang='lat' dir='ltr'>autem</span> <span class='ocrx_word' id='word_1_500' title='bbox 1390 3195 1482 3248; x_wconf 75' lang='lat' dir='ltr'>adiuti</span> <span class='ocrx_word' id='word_1_501' title='bbox 1507 3194 1703 3262; x_wconf 83' lang='lat' dir='ltr'>intelliquntur</span> <span class='ocrx_word' id='word_1_502' title='bbox 1719 3213 1776 3250; x_wconf 91' lang='lat' dir='ltr'>nan</span> <span class='ocrx_word' id='word_1_503' title='bbox 1800 3213 1877 3263; x_wconf 83' lang='lat' dir='ltr'>casu,</span> <span class='ocrx_word' id='word_1_504' title='bbox 1903 3200 1956 3253; x_wconf 86' lang='lat' dir='ltr'>sed</span> 
     </span>
     <span class='ocr_line' id='line_1_37' title="bbox 255 3274 1953 3354; baseline 0.001 -16"><span class='ocrx_word' id='word_1_505' title='bbox 255 3284 411 3354; x_wconf 86' lang='lat' dir='ltr'>passiones.</span> <span class='ocrx_word' id='word_1_506' title='bbox 448 3279 600 3352; x_wconf 84' lang='lat' dir='ltr'>Gregorius</span> <span class='ocrx_word' id='word_1_507' title='bbox 620 3278 704 3334; x_wconf 77' lang='lat' dir='ltr'>edam</span> <span class='ocrx_word' id='word_1_508' title='bbox 729 3278 747 3334; x_wconf 92' lang='lat' dir='ltr'>l.</span> <span class='ocrx_word' id='word_1_509' title='bbox 778 3284 799 3332; x_wconf 93' lang='grc'>1.</span> <span class='ocrx_word' id='word_1_510' title='bbox 818 3283 921 3349; x_wconf 86' lang='lat' dir='ltr'>pastor.</span> <span class='ocrx_word' id='word_1_511' title='bbox 941 3293 966 3333; x_wconf 91' lang='lat' dir='ltr'>o.</span> <span class='ocrx_word' id='word_1_512' title='bbox 987 3282 1026 3332; x_wconf 90' lang='grc'>11.</span> <span class='ocrx_word' id='word_1_513' title='bbox 1045 3274 1092 3328; x_wconf 91' lang='lat' dir='ltr'>ist·</span> <span class='ocrx_word' id='word_1_514' title='bbox 1113 3283 1237 3350; x_wconf 87' lang='lat' dir='ltr'>propria</span> <span class='ocrx_word' id='word_1_515' title='bbox 1256 3280 1395 3334; x_wconf 81' lang='lat' dir='ltr'>voluntate</span> <span class='ocrx_word' id='word_1_516' title='bbox 1414 3280 1540 3334; x_wconf 81' lang='lat' dir='ltr'>abscissi.</span> <span class='ocrx_word' id='word_1_517' title='bbox 1561 3297 1585 3334; x_wconf 90' lang='lat' dir='ltr'>c.</span> <span class='ocrx_word' id='word_1_518' title='bbox 1597 3279 1627 3336; x_wconf 84' lang='lat' dir='ltr'>Si</span> <span class='ocrx_word' id='word_1_519' title='bbox 1639 3281 1702 3350; x_wconf 90' lang='lat' dir='ltr'>quis</span> <span class='ocrx_word' id='word_1_520' title='bbox 1721 3281 1874 3337; x_wconf 89' lang='lat' dir='ltr'>absciderit</span> <span class='ocrx_word' id='word_1_521' title='bbox 1887 3283 1953 3340; x_wconf 80' lang='lat' dir='ltr'>dist</span> 
     </span>
     <span class='ocr_line' id='line_1_38' title="bbox 258 3362 1955 3438; baseline -0.001 -13"><span class='ocrx_word' id='word_1_522' title='bbox 258 3368 328 3427; x_wconf 85' lang='lat' dir='ltr'>haee</span> <span class='ocrx_word' id='word_1_523' title='bbox 347 3366 439 3425; x_wconf 86' lang='lat' dir='ltr'>omnia</span> <span class='ocrx_word' id='word_1_524' title='bbox 458 3367 606 3438; x_wconf 82' lang='lat' dir='ltr'>allegorice</span> <span class='ocrx_word' id='word_1_525' title='bbox 626 3364 664 3421; x_wconf 90' lang='lat' dir='ltr'>ad</span> <span class='ocrx_word' id='word_1_526' title='bbox 682 3365 803 3420; x_wconf 80' lang='lat' dir='ltr'>animam</span> <span class='ocrx_word' id='word_1_527' title='bbox 820 3363 961 3418; x_wconf 70' lang='lat' dir='ltr'>mansfert</span> <span class='ocrx_word' id='word_1_528' title='bbox 989 3362 1092 3416; x_wconf 80' lang='lat' dir='ltr'>Caecus</span> <span class='ocrx_word' id='word_1_529' title='bbox 1118 3366 1178 3422; x_wconf 85' lang='lat' dir='ltr'>ead.</span> <span class='ocrx_word' id='word_1_530' title='bbox 1205 3383 1238 3420; x_wconf 89' lang='lat' dir='ltr'>ex</span> <span class='ocrx_word' id='word_1_531' title='bbox 1257 3382 1318 3421; x_wconf 86' lang='lat' dir='ltr'>can.</span> <span class='ocrx_word' id='word_1_532' title='bbox 1347 3364 1418 3435; x_wconf 83' lang='lat' dir='ltr'>Ap:</span> <span class='ocrx_word' id='word_1_533' title='bbox 1453 3366 1488 3419; x_wconf 78' lang='lat' dir='ltr'>st</span> <span class='ocrx_word' id='word_1_534' title='bbox 1510 3367 1573 3434; x_wconf 89' lang='lat' dir='ltr'>quis</span> <span class='ocrx_word' id='word_1_535' title='bbox 1597 3368 1774 3434; x_wconf 85' lang='lat' dir='ltr'>semetipsum</span> <span class='ocrx_word' id='word_1_536' title='bbox 1793 3368 1955 3433; x_wconf 74' lang='lat' dir='ltr'>olsmdcrit,</span> 
     </span>
     <span class='ocr_line' id='line_1_39' title="bbox 258 3447 1956 3525; baseline -0.002 -13"><span class='ocrx_word' id='word_1_537' title='bbox 258 3465 300 3512; x_wconf 86' lang='lat' dir='ltr'>est</span> <span class='ocrx_word' id='word_1_538' title='bbox 327 3455 454 3525; x_wconf 85' lang='lat' dir='ltr'>(inquit),</span> <span class='ocrx_word' id='word_1_539' title='bbox 486 3453 534 3523; x_wconf 90' lang='lat' dir='ltr'>qui</span> <span class='ocrx_word' id='word_1_540' title='bbox 559 3468 698 3521; x_wconf 78' lang='lat' dir='ltr'>aripennos</span> <span class='ocrx_word' id='word_1_541' title='bbox 729 3451 818 3505; x_wconf 89' lang='lat' dir='ltr'>lucem</span> <span class='ocrx_word' id='word_1_542' title='bbox 851 3447 1092 3517; x_wconf 66' lang='lat' dir='ltr'>contemplationis</span> <span class='ocrx_word' id='word_1_543' title='bbox 1118 3454 1170 3506; x_wconf 84' lang='lat' dir='ltr'>lac</span> <span class='ocrx_word' id='word_1_544' title='bbox 1198 3459 1240 3506; x_wconf 87' lang='lat' dir='ltr'>est</span> <span class='ocrx_word' id='word_1_545' title='bbox 1266 3452 1377 3520; x_wconf 89' lang='lat' dir='ltr'>siquis</span> <span class='ocrx_word' id='word_1_546' title='bbox 1402 3451 1458 3504; x_wconf 83' lang='lat' dir='ltr'>siti</span> <span class='ocrx_word' id='word_1_547' title='bbox 1476 3453 1662 3519; x_wconf 82' lang='lat' dir='ltr'>amputaverit</span> <span class='ocrx_word' id='word_1_548' title='bbox 1685 3452 1797 3516; x_wconf 84' lang='lat' dir='ltr'>virilia,</span> <span class='ocrx_word' id='word_1_549' title='bbox 1825 3471 1881 3507; x_wconf 91' lang='lat' dir='ltr'>nan</span> <span class='ocrx_word' id='word_1_550' title='bbox 1900 3455 1956 3523; x_wconf 74' lang='lat' dir='ltr'>fiat</span> 
     </span>
     <span class='ocr_line' id='line_1_40' title="bbox 258 3535 1957 3612; baseline 0.001 -18"><span class='ocrx_word' id='word_1_551' title='bbox 258 3542 383 3612; x_wconf 75' lang='lat' dir='ltr'>ignorat,</span> <span class='ocrx_word' id='word_1_552' title='bbox 405 3541 454 3610; x_wconf 84' lang='lat' dir='ltr'>qui</span> <span class='ocrx_word' id='word_1_553' title='bbox 466 3538 624 3608; x_wconf 86' lang='lat' dir='ltr'>praesentis</span> <span class='ocrx_word' id='word_1_554' title='bbox 643 3535 1000 3604; x_wconf 65' lang='lat' dir='ltr'>contenebrandam,</span> <span class='ocrx_word' id='word_1_555' title='bbox 1025 3535 1091 3585; x_wconf 76' lang='lat' dir='ltr'>dam</span> <span class='ocrx_word' id='word_1_556' title='bbox 1122 3538 1254 3606; x_wconf 88' lang='lat' dir='ltr'>clericus,</span> <span class='ocrx_word' id='word_1_557' title='bbox 1279 3538 1348 3605; x_wconf 87' lang='lat' dir='ltr'>quio</span> <span class='ocrx_word' id='word_1_558' title='bbox 1372 3538 1419 3590; x_wconf 86' lang='lat' dir='ltr'>sni</span> <span class='ocrx_word' id='word_1_559' title='bbox 1439 3545 1479 3590; x_wconf 85' lang='lat' dir='ltr'>cst</span> <span class='ocrx_word' id='word_1_560' title='bbox 1506 3537 1649 3590; x_wconf 87' lang='lat' dir='ltr'>lomicido</span> <span class='ocrx_word' id='word_1_561' title='bbox 1676 3546 1701 3590; x_wconf 87' lang='lat' dir='ltr'>ct</span> <span class='ocrx_word' id='word_1_562' title='bbox 1721 3538 1781 3591; x_wconf 86' lang='lat' dir='ltr'>Dei</span> <span class='ocrx_word' id='word_1_563' title='bbox 1798 3540 1957 3595; x_wconf 86' lang='lat' dir='ltr'>conditioni</span> 
     </span>
     <span class='ocr_line' id='line_1_41' title="bbox 259 3618 1956 3693; baseline 0.001 -13"><span class='ocrx_word' id='word_1_564' title='bbox 259 3627 346 3680; x_wconf 86' lang='lat' dir='ltr'>lucem</span> <span class='ocrx_word' id='word_1_565' title='bbox 363 3633 509 3681; x_wconf 84' lang='lat' dir='ltr'>venturam</span> <span class='ocrx_word' id='word_1_566' title='bbox 527 3639 701 3693; x_wconf 64' lang='lat' dir='ltr'>nemoquam</span> <span class='ocrx_word' id='word_1_567' title='bbox 717 3621 863 3691; x_wconf 81' lang='lat' dir='ltr'>diliqenda</span> <span class='ocrx_word' id='word_1_568' title='bbox 876 3618 1019 3689; x_wconf 82' lang='lat' dir='ltr'>conspicit,</span> <span class='ocrx_word' id='word_1_569' title='bbox 1037 3635 1090 3687; x_wconf 79' lang='lat' dir='ltr'>qao</span> <span class='ocrx_word' id='word_1_570' title='bbox 1119 3625 1255 3678; x_wconf 89' lang='lat' dir='ltr'>inimicus.</span> <span class='ocrx_word' id='word_1_571' title='bbox 1275 3641 1297 3679; x_wconf 90' lang='lat' dir='ltr'>c.</span> <span class='ocrx_word' id='word_1_572' title='bbox 1320 3623 1432 3679; x_wconf 87' lang='lat' dir='ltr'>Priscis.</span> <span class='ocrx_word' id='word_1_573' title='bbox 1451 3624 1514 3680; x_wconf 80' lang='lat' dir='ltr'>dist</span> <span class='ocrx_word' id='word_1_574' title='bbox 1534 3624 1596 3678; x_wconf 88' lang='lat' dir='ltr'>ead.</span> <span class='ocrx_word' id='word_1_575' title='bbox 1615 3640 1648 3678; x_wconf 86' lang='lat' dir='ltr'>ex</span> <span class='ocrx_word' id='word_1_576' title='bbox 1669 3622 1777 3681; x_wconf 73' lang='lat' dir='ltr'>Gelan:</span> <span class='ocrx_word' id='word_1_577' title='bbox 1804 3626 1956 3681; x_wconf 70' lang='grc'><strong>111111111-</strong></span> 
     </span>
     <span class='ocr_line' id='line_1_42' title="bbox 257 3704 1957 3780; baseline 0.001 -15"><span class='ocrx_word' id='word_1_578' title='bbox 257 3727 372 3778; x_wconf 64' lang='lat' dir='ltr'>messus</span> <span class='ocrx_word' id='word_1_579' title='bbox 390 3711 483 3780; x_wconf 84' lang='lat' dir='ltr'>aperis</span> <span class='ocrx_word' id='word_1_580' title='bbox 505 3710 652 3778; x_wconf 75' lang='lat' dir='ltr'>porripat,</span> <span class='ocrx_word' id='word_1_581' title='bbox 682 3708 776 3764; x_wconf 78' lang='lat' dir='ltr'>nascit</span> <span class='ocrx_word' id='word_1_582' title='bbox 813 3705 942 3760; x_wconf 73' lang='lat' dir='ltr'>Claudat</span> <span class='ocrx_word' id='word_1_583' title='bbox 960 3713 1014 3774; x_wconf 72' lang='lat' dir='ltr'>ati,</span> <span class='ocrx_word' id='word_1_584' title='bbox 1043 3704 1094 3774; x_wconf 76' lang='lat' dir='ltr'>qui</span> <span class='ocrx_word' id='word_1_585' title='bbox 1119 3712 1179 3764; x_wconf 89' lang='lat' dir='ltr'>cale</span> <span class='ocrx_word' id='word_1_586' title='bbox 1200 3727 1300 3763; x_wconf 84' lang='lat' dir='ltr'>nsunus</span> <span class='ocrx_word' id='word_1_587' title='bbox 1318 3713 1511 3775; x_wconf 88' lang='lat' dir='ltr'>nonaocedat,</span> <span class='ocrx_word' id='word_1_588' title='bbox 1529 3711 1580 3779; x_wconf 88' lang='lat' dir='ltr'>qui</span> <span class='ocrx_word' id='word_1_589' title='bbox 1596 3717 1635 3763; x_wconf 88' lang='lat' dir='ltr'>est</span> <span class='ocrx_word' id='word_1_590' title='bbox 1653 3711 1698 3764; x_wconf 88' lang='lat' dir='ltr'>ael</span> <span class='ocrx_word' id='word_1_591' title='bbox 1715 3711 1957 3766; x_wconf 83' lang='lat' dir='ltr'>aladaloscentia</span> 
     </span>
     <span class='ocr_line' id='line_1_43' title="bbox 258 3792 1955 3865; baseline 0.004 -16"><span class='ocrx_word' id='word_1_592' title='bbox 258 3796 371 3865; x_wconf 84' lang='lat' dir='ltr'>quidem</span> <span class='ocrx_word' id='word_1_593' title='bbox 390 3812 444 3864; x_wconf 91' lang='lat' dir='ltr'>quo</span> <span class='ocrx_word' id='word_1_594' title='bbox 461 3810 598 3863; x_wconf 77' lang='lat' dir='ltr'>perapere</span> <span class='ocrx_word' id='word_1_595' title='bbox 616 3794 729 3862; x_wconf 84' lang='lat' dir='ltr'>deleat,</span> <span class='ocrx_word' id='word_1_596' title='bbox 753 3793 890 3861; x_wconf 79' lang='lat' dir='ltr'>adspicit,</span> <span class='ocrx_word' id='word_1_597' title='bbox 912 3793 965 3846; x_wconf 86' lang='lat' dir='ltr'>sed</span> <span class='ocrx_word' id='word_1_598' title='bbox 979 3808 1031 3861; x_wconf 91' lang='lat' dir='ltr'>per</span> <span class='ocrx_word' id='word_1_599' title='bbox 1050 3792 1092 3844; x_wconf 87' lang='lat' dir='ltr'>in·</span> <span class='ocrx_word' id='word_1_600' title='bbox 1118 3797 1283 3850; x_wconf 84' lang='lat' dir='ltr'>sordidatus</span> <span class='ocrx_word' id='word_1_601' title='bbox 1298 3797 1342 3850; x_wconf 83' lang='lat' dir='ltr'>ool</span> <span class='ocrx_word' id='word_1_602' title='bbox 1361 3813 1478 3865; x_wconf 85' lang='lat' dir='ltr'>corpore</span> <span class='ocrx_word' id='word_1_603' title='bbox 1496 3797 1610 3850; x_wconf 85' lang='lat' dir='ltr'>uitiatus</span> <span class='ocrx_word' id='word_1_604' title='bbox 1628 3812 1652 3851; x_wconf 93' lang='lat' dir='ltr'>c.</span> <span class='ocrx_word' id='word_1_605' title='bbox 1684 3793 1738 3859; x_wconf 86' lang='lat' dir='ltr'>Qui</span> <span class='ocrx_word' id='word_1_606' title='bbox 1755 3803 1871 3864; x_wconf 80' lang='lat' dir='ltr'>porum</span> <span class='ocrx_word' id='word_1_607' title='bbox 1889 3796 1955 3856; x_wconf 87' lang='lat' dir='ltr'>dist.</span> 
     </span>
     <span class='ocr_line' id='line_1_44' title="bbox 257 3877 1958 3951; baseline 0.001 -18"><span class='ocrx_word' id='word_1_608' title='bbox 257 3880 418 3945; x_wconf 76' lang='lat' dir='ltr'>firnss&#39;tatcm</span> <span class='ocrx_word' id='word_1_609' title='bbox 443 3880 541 3932; x_wconf 86' lang='lat' dir='ltr'>mentis</span> <span class='ocrx_word' id='word_1_610' title='bbox 565 3878 639 3931; x_wconf 86' lang='lat' dir='ltr'>sitae</span> <span class='ocrx_word' id='word_1_611' title='bbox 665 3878 740 3932; x_wconf 86' lang='lat' dir='ltr'>aiam</span> <span class='ocrx_word' id='word_1_612' title='bbox 762 3878 909 3946; x_wconf 85' lang='lat' dir='ltr'>perfectae</span> <span class='ocrx_word' id='word_1_613' title='bbox 934 3894 990 3930; x_wconf 92' lang='lat' dir='ltr'>non</span> <span class='ocrx_word' id='word_1_614' title='bbox 1018 3877 1093 3930; x_wconf 84' lang='lat' dir='ltr'>valet</span> <span class='ocrx_word' id='word_1_615' title='bbox 1120 3881 1180 3937; x_wconf 82' lang='lat' dir='ltr'>ead.</span> <span class='ocrx_word' id='word_1_616' title='bbox 1211 3897 1244 3935; x_wconf 87' lang='lat' dir='ltr'>er</span> <span class='ocrx_word' id='word_1_617' title='bbox 1271 3881 1446 3937; x_wconf 90' lang='lat' dir='ltr'>Innocentio:</span> <span class='ocrx_word' id='word_1_618' title='bbox 1482 3882 1537 3943; x_wconf 80' lang='lat' dir='ltr'>Qui</span> <span class='ocrx_word' id='word_1_619' title='bbox 1561 3889 1672 3951; x_wconf 87' lang='lat' dir='ltr'>partem</span> <span class='ocrx_word' id='word_1_620' title='bbox 1694 3882 1844 3950; x_wconf 82' lang='lat' dir='ltr'>cujuslibet</span> <span class='ocrx_word' id='word_1_621' title='bbox 1870 3884 1958 3950; x_wconf 81' lang='lat' dir='ltr'>diqiti</span> 
     </span>
     <span class='ocr_line' id='line_1_45' title="bbox 258 3962 1958 4036; baseline 0.002 -17"><span class='ocrx_word' id='word_1_622' title='bbox 258 3973 360 4034; x_wconf 76' lang='grc'><strong>111111,</strong></span> <span class='ocrx_word' id='word_1_623' title='bbox 378 3983 460 4034; x_wconf 87' lang='lat' dir='ltr'>quam</span> <span class='ocrx_word' id='word_1_624' title='bbox 481 3965 565 4030; x_wconf 83' lang='lat' dir='ltr'>videt,</span> <span class='ocrx_word' id='word_1_625' title='bbox 582 3963 650 4033; x_wconf 87' lang='lat' dir='ltr'>quia</span> <span class='ocrx_word' id='word_1_626' title='bbox 668 3963 797 4017; x_wconf 86' lang='lat' dir='ltr'>uidelicet</span> <span class='ocrx_word' id='word_1_627' title='bbox 815 3965 882 4016; x_wconf 89' lang='lat' dir='ltr'>dum</span> <span class='ocrx_word' id='word_1_628' title='bbox 901 3962 963 4031; x_wconf 87' lang='lat' dir='ltr'>quis</span> <span class='ocrx_word' id='word_1_629' title='bbox 981 3966 1022 4016; x_wconf 84' lang='lat' dir='ltr'>ad</span> <span class='ocrx_word' id='word_1_630' title='bbox 1038 3963 1093 4016; x_wconf 87' lang='lat' dir='ltr'>oir-</span> <span class='ocrx_word' id='word_1_631' title='bbox 1120 3967 1173 4020; x_wconf 83' lang='lat' dir='ltr'>sili</span> <span class='ocrx_word' id='word_1_632' title='bbox 1192 3967 1249 4036; x_wconf 91' lang='lat' dir='ltr'>ipsi</span> <span class='ocrx_word' id='word_1_633' title='bbox 1266 3968 1361 4019; x_wconf 88' lang='lat' dir='ltr'>ualens</span> <span class='ocrx_word' id='word_1_634' title='bbox 1389 3968 1525 4030; x_wconf 80' lang='lat' dir='ltr'>abscidit,</span> <span class='ocrx_word' id='word_1_635' title='bbox 1555 3967 1627 4019; x_wconf 84' lang='lat' dir='ltr'>lunc</span> <span class='ocrx_word' id='word_1_636' title='bbox 1649 3968 1690 4019; x_wconf 88' lang='lat' dir='ltr'>ad</span> <span class='ocrx_word' id='word_1_637' title='bbox 1713 3967 1818 4020; x_wconf 84' lang='lat' dir='ltr'>clerum</span> <span class='ocrx_word' id='word_1_638' title='bbox 1836 3984 1958 4023; x_wconf 86' lang='lat' dir='ltr'>canonos</span> 
     </span>
     <span class='ocr_line' id='line_1_46' title="bbox 259 4050 1957 4123; baseline 0.002 -19"><span class='ocrx_word' id='word_1_639' title='bbox 259 4052 327 4105; x_wconf 87' lang='lat' dir='ltr'>tutis</span> <span class='ocrx_word' id='word_1_640' title='bbox 352 4056 455 4104; x_wconf 89' lang='lat' dir='ltr'>statum</span> <span class='ocrx_word' id='word_1_641' title='bbox 473 4051 555 4118; x_wconf 72' lang='lat' dir='ltr'>sluaa</span> <span class='ocrx_word' id='word_1_642' title='bbox 580 4050 779 4104; x_wconf 75' lang='lat' dir='ltr'>canmetudine</span> <span class='ocrx_word' id='word_1_643' title='bbox 802 4067 857 4103; x_wconf 93' lang='lat' dir='ltr'>nan</span> <span class='ocrx_word' id='word_1_644' title='bbox 881 4050 1012 4117; x_wconf 72' lang='lat' dir='ltr'>eripitur,</span> <span class='ocrx_word' id='word_1_645' title='bbox 1040 4066 1093 4119; x_wconf 84' lang='lat' dir='ltr'>quo</span> <span class='ocrx_word' id='word_1_646' title='bbox 1122 4071 1177 4107; x_wconf 88' lang='lat' dir='ltr'>nan</span> <span class='ocrx_word' id='word_1_647' title='bbox 1207 4053 1369 4121; x_wconf 88' lang='lat' dir='ltr'>admittunt,·</span> <span class='ocrx_word' id='word_1_648' title='bbox 1398 4054 1445 4106; x_wconf 82' lang='lat' dir='ltr'>cui</span> <span class='ocrx_word' id='word_1_649' title='bbox 1477 4069 1544 4106; x_wconf 89' lang='lat' dir='ltr'>asra</span> <span class='ocrx_word' id='word_1_650' title='bbox 1574 4070 1642 4105; x_wconf 77' lang='lat' dir='ltr'>casii</span> <span class='ocrx_word' id='word_1_651' title='bbox 1672 4052 1770 4120; x_wconf 86' lang='lat' dir='ltr'>aliqua</span> <span class='ocrx_word' id='word_1_652' title='bbox 1798 4054 1957 4123; x_wconf 69' lang='lat' dir='ltr'>cantiqerit</span> 
     </span>
     <span class='ocr_line' id='line_1_47' title="bbox 259 4135 1957 4208; baseline -0.004 -10"><span class='ocrx_word' id='word_1_653' title='bbox 259 4136 430 4191; x_wconf 82' lang='lat' dir='ltr'>desiderium</span> <span class='ocrx_word' id='word_1_654' title='bbox 450 4137 512 4205; x_wconf 69' lang='grc'><strong>61111</strong></span> <span class='ocrx_word' id='word_1_655' title='bbox 529 4136 642 4204; x_wconf 66' lang='lat' dir='ltr'>nititur,</span> <span class='ocrx_word' id='word_1_656' title='bbox 666 4135 735 4190; x_wconf 68' lang='grc'><strong>111110</strong></span> <span class='ocrx_word' id='word_1_657' title='bbox 753 4152 866 4203; x_wconf 63' lang='lat' dir='ltr'>ultim</span> <span class='ocrx_word' id='word_1_658' title='bbox 884 4135 979 4205; x_wconf 61' lang='grc'><strong>1116118</strong></span> <span class='ocrx_word' id='word_1_659' title='bbox 997 4136 1096 4199; x_wconf 67' lang='lat' dir='ltr'>tffita·</span> <span class='ocrx_word' id='word_1_660' title='bbox 1123 4143 1188 4195; x_wconf 86' lang='lat' dir='ltr'>dum</span> <span class='ocrx_word' id='word_1_661' title='bbox 1205 4140 1286 4208; x_wconf 89' lang='lat' dir='ltr'>operi</span> <span class='ocrx_word' id='word_1_662' title='bbox 1300 4140 1405 4192; x_wconf 87' lang='lat' dir='ltr'>rustica</span> <span class='ocrx_word' id='word_1_663' title='bbox 1425 4156 1522 4192; x_wconf 88' lang='lat' dir='ltr'>curam</span> <span class='ocrx_word' id='word_1_664' title='bbox 1540 4139 1687 4207; x_wconf 87' lang='lat' dir='ltr'>impendit,</span> <span class='ocrx_word' id='word_1_665' title='bbox 1710 4147 1760 4193; x_wconf 86' lang='lat' dir='ltr'>out</span> <span class='ocrx_word' id='word_1_666' title='bbox 1777 4139 1892 4207; x_wconf 85' lang='lat' dir='ltr'>aliquid</span> <span class='ocrx_word' id='word_1_667' title='bbox 1904 4141 1957 4207; x_wconf 87' lang='lat' dir='ltr'>fa-</span> 
     </span>
     <span class='ocr_line' id='line_1_48' title="bbox 259 4220 1956 4294; baseline -0.001 -15"><span class='ocrx_word' id='word_1_668' title='bbox 259 4222 329 4277; x_wconf 77' lang='lat' dir='ltr'>citor</span> <span class='ocrx_word' id='word_1_669' title='bbox 348 4240 405 4275; x_wconf 84' lang='lat' dir='ltr'>non</span> <span class='ocrx_word' id='word_1_670' title='bbox 421 4228 581 4290; x_wconf 74' lang='lat' dir='ltr'>coquantur·</span> <span class='ocrx_word' id='word_1_671' title='bbox 610 4222 707 4275; x_wconf 84' lang='lat' dir='ltr'>Parvo</span> <span class='ocrx_word' id='word_1_672' title='bbox 721 4229 813 4274; x_wconf 79' lang='lat' dir='ltr'>aulem</span> <span class='ocrx_word' id='word_1_673' title='bbox 832 4220 1096 4288; x_wconf 71' lang='grc' dir='ltr'><strong>1110111,αυὶαά</strong></span> <span class='ocrx_word' id='word_1_674' title='bbox 1123 4227 1198 4280; x_wconf 71' lang='lat' dir='ltr'>mens</span> <span class='ocrx_word' id='word_1_675' title='bbox 1224 4241 1253 4276; x_wconf 91' lang='lat' dir='ltr'>se</span> <span class='ocrx_word' id='word_1_676' title='bbox 1279 4241 1335 4277; x_wconf 91' lang='lat' dir='ltr'>non</span> <span class='ocrx_word' id='word_1_677' title='bbox 1360 4231 1456 4293; x_wconf 85' lang='lat' dir='ltr'>sponte</span> <span class='ocrx_word' id='word_1_678' title='bbox 1474 4224 1608 4290; x_wconf 86' lang='lat' dir='ltr'>percutit,</span> <span class='ocrx_word' id='word_1_679' title='bbox 1634 4224 1684 4278; x_wconf 84' lang='lat' dir='ltr'>las</span> <span class='ocrx_word' id='word_1_680' title='bbox 1703 4241 1824 4278; x_wconf 88' lang='lat' dir='ltr'>canones</span> <span class='ocrx_word' id='word_1_681' title='bbox 1845 4226 1956 4294; x_wconf 85' lang='lat' dir='ltr'>pracci-</span> 
     </span>
     <span class='ocr_line' id='line_1_49' title="bbox 259 4307 1957 4382; baseline -0.001 -19"><span class='ocrx_word' id='word_1_682' title='bbox 259 4308 406 4364; x_wconf 84' lang='lat' dir='ltr'>tenendam</span> <span class='ocrx_word' id='word_1_683' title='bbox 429 4323 587 4360; x_wconf 88' lang='lat' dir='ltr'>mensuram</span> <span class='ocrx_word' id='word_1_684' title='bbox 612 4307 791 4361; x_wconf 85' lang='lat' dir='ltr'>discretionis</span> <span class='ocrx_word' id='word_1_685' title='bbox 815 4307 934 4361; x_wconf 86' lang='lat' dir='ltr'>idoneus</span> <span class='ocrx_word' id='word_1_686' title='bbox 962 4324 1019 4360; x_wconf 89' lang='lat' dir='ltr'>aon</span> <span class='ocrx_word' id='word_1_687' title='bbox 1048 4313 1096 4375; x_wconf 88' lang='lat' dir='ltr'>est,</span> <span class='ocrx_word' id='word_1_688' title='bbox 1118 4312 1202 4382; x_wconf 86' lang='lat' dir='ltr'>piant</span> <span class='ocrx_word' id='word_1_689' title='bbox 1222 4318 1247 4364; x_wconf 93' lang='lat' dir='ltr'>et</span> <span class='ocrx_word' id='word_1_690' title='bbox 1264 4310 1382 4364; x_wconf 87' lang='lat' dir='ltr'>clericas</span> <span class='ocrx_word' id='word_1_691' title='bbox 1402 4308 1473 4376; x_wconf 74' lang='lat' dir='ltr'>fieri,</span> <span class='ocrx_word' id='word_1_692' title='bbox 1492 4317 1519 4362; x_wconf 87' lang='lat' dir='ltr'>et</span> <span class='ocrx_word' id='word_1_693' title='bbox 1538 4309 1565 4360; x_wconf 86' lang='lat' dir='ltr'>si</span> <span class='ocrx_word' id='word_1_694' title='bbox 1575 4309 1605 4361; x_wconf 90' lang='lat' dir='ltr'>in</span> <span class='ocrx_word' id='word_1_695' title='bbox 1618 4309 1693 4364; x_wconf 85' lang='lat' dir='ltr'>clera</span> <span class='ocrx_word' id='word_1_696' title='bbox 1712 4310 1820 4378; x_wconf 86' lang='lat' dir='ltr'>reperti</span> <span class='ocrx_word' id='word_1_697' title='bbox 1837 4311 1957 4374; x_wconf 79' lang='lat' dir='ltr'>fuerint,</span> 
     </span>
     <span class='ocr_line' id='line_1_50' title="bbox 258 4378 1958 4466; baseline 0 -15"><span class='ocrx_word' id='word_1_698' title='bbox 258 4412 328 4451; x_wconf 85' lang='lat' dir='ltr'>nasa</span> <span class='ocrx_word' id='word_1_699' title='bbox 348 4394 451 4466; x_wconf 85' lang='lat' dir='ltr'>quippe</span> <span class='ocrx_word' id='word_1_700' title='bbox 475 4396 577 4449; x_wconf 89' lang='lat' dir='ltr'>odores</span> <span class='ocrx_word' id='word_1_701' title='bbox 599 4395 777 4465; x_wconf 75' lang='lat' dir='ltr'>foetoresque</span> <span class='ocrx_word' id='word_1_702' title='bbox 802 4395 1001 4457; x_wconf 73' lang='lat' dir='ltr'>discernimus,</span> <span class='ocrx_word' id='word_1_703' title='bbox 1022 4378 1104 4447; x_wconf 68' lang='lat' dir='ltr'>recte‘</span> <span class='ocrx_word' id='word_1_704' title='bbox 1122 4414 1177 4450; x_wconf 89' lang='lat' dir='ltr'>non</span> <span class='ocrx_word' id='word_1_705' title='bbox 1195 4396 1290 4462; x_wconf 77' lang='lat' dir='ltr'>adjici.</span> <span class='ocrx_word' id='word_1_706' title='bbox 1328 4396 1364 4448; x_wconf 92' lang='lat' dir='ltr'>In</span> <span class='ocrx_word' id='word_1_707' title='bbox 1383 4394 1443 4447; x_wconf 89' lang='lat' dir='ltr'>illis</span> <span class='ocrx_word' id='word_1_708' title='bbox 1467 4394 1539 4447; x_wconf 88' lang='lat' dir='ltr'>enim</span> <span class='ocrx_word' id='word_1_709' title='bbox 1558 4394 1688 4446; x_wconf 77' lang='lat' dir='ltr'>saturitas</span> <span class='ocrx_word' id='word_1_710' title='bbox 1712 4401 1752 4448; x_wconf 89' lang='lat' dir='ltr'>est</span> <span class='ocrx_word' id='word_1_711' title='bbox 1768 4395 1958 4457; x_wconf 76' lang='lat' dir='ltr'>oenauando.</span> 
     </span>
     <span class='ocr_line' id='line_1_51' title="bbox 260 4479 1957 4554; baseline -0.001 -18"><span class='ocrx_word' id='word_1_712' title='bbox 260 4498 327 4551; x_wconf 78' lang='lat' dir='ltr'>erqo</span> <span class='ocrx_word' id='word_1_713' title='bbox 341 4498 396 4554; x_wconf 90' lang='lat' dir='ltr'>per</span> <span class='ocrx_word' id='word_1_714' title='bbox 414 4497 513 4534; x_wconf 84' lang='lat' dir='ltr'>nasum</span> <span class='ocrx_word' id='word_1_715' title='bbox 530 4480 664 4534; x_wconf 73' lang='lat' dir='ltr'>discrdio</span> <span class='ocrx_word' id='word_1_716' title='bbox 677 4480 851 4550; x_wconf 70' lang='lat' dir='ltr'>ecpnnanr,</span> <span class='ocrx_word' id='word_1_717' title='bbox 869 4496 922 4549; x_wconf 89' lang='lat' dir='ltr'>per</span> <span class='ocrx_word' id='word_1_718' title='bbox 939 4496 1023 4548; x_wconf 65' lang='grc'><strong>41111</strong></span> <span class='ocrx_word' id='word_1_719' title='bbox 1039 4479 1095 4532; x_wconf 86' lang='lat' dir='ltr'>air·</span> <span class='ocrx_word' id='word_1_720' title='bbox 1122 4499 1194 4551; x_wconf 89' lang='lat' dir='ltr'>quae</span> <span class='ocrx_word' id='word_1_721' title='bbox 1211 4482 1267 4534; x_wconf 87' lang='lat' dir='ltr'>sibi</span> <span class='ocrx_word' id='word_1_722' title='bbox 1285 4498 1372 4534; x_wconf 84' lang='lat' dir='ltr'>causa</span> <span class='ocrx_word' id='word_1_723' title='bbox 1388 4481 1447 4543; x_wconf 77' lang='lat' dir='ltr'>fuit</span> <span class='ocrx_word' id='word_1_724' title='bbox 1462 4479 1573 4542; x_wconf 81' lang='lat' dir='ltr'>ferrum</span> <span class='ocrx_word' id='word_1_725' title='bbox 1591 4480 1718 4548; x_wconf 81' lang='lat' dir='ltr'>injicere,</span> <span class='ocrx_word' id='word_1_726' title='bbox 1735 4480 1766 4533; x_wconf 87' lang='lat' dir='ltr'>in</span> <span class='ocrx_word' id='word_1_727' title='bbox 1785 4480 1848 4533; x_wconf 72' lang='lat' dir='ltr'>istas</span> <span class='ocrx_word' id='word_1_728' title='bbox 1865 4489 1957 4535; x_wconf 87' lang='lat' dir='ltr'>autem</span> 
     </span>
     <span class='ocr_line' id='line_1_52' title="bbox 260 4565 1956 4636; baseline 0 -15"><span class='ocrx_word' id='word_1_729' title='bbox 260 4575 330 4622; x_wconf 86' lang='lat' dir='ltr'>tutes</span> <span class='ocrx_word' id='word_1_730' title='bbox 348 4568 484 4636; x_wconf 83' lang='lat' dir='ltr'>eliqimus,</span> <span class='ocrx_word' id='word_1_731' title='bbox 503 4566 609 4620; x_wconf 89' lang='lat' dir='ltr'>delicta</span> <span class='ocrx_word' id='word_1_732' title='bbox 629 4568 821 4636; x_wconf 82' lang='lat' dir='ltr'>reprobamus.</span> <span class='ocrx_word' id='word_1_733' title='bbox 858 4568 954 4621; x_wconf 87' lang='lat' dir='ltr'>Nasus</span> <span class='ocrx_word' id='word_1_734' title='bbox 972 4565 1094 4632; x_wconf 76' lang='lat' dir='ltr'>grandis</span> <span class='ocrx_word' id='word_1_735' title='bbox 1121 4586 1203 4622; x_wconf 80' lang='lat' dir='ltr'>cansa</span> <span class='ocrx_word' id='word_1_736' title='bbox 1220 4567 1460 4635; x_wconf 76' lang='lat' dir='ltr'>aensammcruit.</span> <span class='ocrx_word' id='word_1_737' title='bbox 1497 4565 1635 4620; x_wconf 85' lang='lat' dir='ltr'>Similiter</span> <span class='ocrx_word' id='word_1_738' title='bbox 1657 4584 1722 4620; x_wconf 90' lang='lat' dir='ltr'>aero</span> <span class='ocrx_word' id='word_1_739' title='bbox 1742 4566 1956 4635; x_wconf 82' lang='lat' dir='ltr'>intelliqendum</span> 
     </span>
     <span class='ocr_line' id='line_1_53' title="bbox 261 4651 1956 4722; baseline -0.001 -16"><span class='ocrx_word' id='word_1_740' title='bbox 261 4660 288 4707; x_wconf 88' lang='lat' dir='ltr'>st</span> <span class='ocrx_word' id='word_1_741' title='bbox 307 4661 396 4707; x_wconf 89' lang='lat' dir='ltr'>tortus</span> <span class='ocrx_word' id='word_1_742' title='bbox 408 4661 448 4706; x_wconf 87' lang='lat' dir='ltr'>est</span> <span class='ocrx_word' id='word_1_743' title='bbox 463 4651 641 4706; x_wconf 83' lang='lat' dir='ltr'>discretionis</span> <span class='ocrx_word' id='word_1_744' title='bbox 655 4653 796 4706; x_wconf 82' lang='lat' dir='ltr'>subtilitas</span> <span class='ocrx_word' id='word_1_745' title='bbox 808 4653 1003 4719; x_wconf 83' lang='lat' dir='ltr'>immoderato,</span> <span class='ocrx_word' id='word_1_746' title='bbox 1021 4667 1094 4720; x_wconf 85' lang='lat' dir='ltr'>quae</span> <span class='ocrx_word' id='word_1_747' title='bbox 1121 4662 1161 4708; x_wconf 87' lang='lat' dir='ltr'>est</span> <span class='ocrx_word' id='word_1_748' title='bbox 1181 4656 1215 4706; x_wconf 89' lang='lat' dir='ltr'>de</span> <span class='ocrx_word' id='word_1_749' title='bbox 1235 4653 1292 4721; x_wconf 79' lang='lat' dir='ltr'>liis,</span> <span class='ocrx_word' id='word_1_750' title='bbox 1317 4653 1367 4720; x_wconf 86' lang='lat' dir='ltr'>qui</span> <span class='ocrx_word' id='word_1_751' title='bbox 1381 4668 1437 4720; x_wconf 89' lang='lat' dir='ltr'>per</span> <span class='ocrx_word' id='word_1_752' title='bbox 1456 4651 1619 4719; x_wconf 85' lang='lat' dir='ltr'>lanquorem</span> <span class='ocrx_word' id='word_1_753' title='bbox 1638 4670 1657 4705; x_wconf 91' lang='lat' dir='ltr'>a</span> <span class='ocrx_word' id='word_1_754' title='bbox 1680 4651 1796 4705; x_wconf 85' lang='lat' dir='ltr'>medicis</span> <span class='ocrx_word' id='word_1_755' title='bbox 1815 4662 1956 4722; x_wconf 87' lang='lat' dir='ltr'>secantur,</span> 
     </span>
     <span class='ocr_line' id='line_1_54' title="bbox 262 4736 1957 4811; baseline -0.001 -18"><span class='ocrx_word' id='word_1_756' title='bbox 262 4739 329 4793; x_wconf 85' lang='lat' dir='ltr'>dum</span> <span class='ocrx_word' id='word_1_757' title='bbox 342 4740 495 4811; x_wconf 88' lang='lat' dir='ltr'>plusquam</span> <span class='ocrx_word' id='word_1_758' title='bbox 513 4740 597 4804; x_wconf 83' lang='lat' dir='ltr'>decet,</span> <span class='ocrx_word' id='word_1_759' title='bbox 619 4739 776 4802; x_wconf 76' lang='lat' dir='ltr'>sacrmerit,</span> <span class='ocrx_word' id='word_1_760' title='bbox 791 4739 912 4791; x_wconf 83' lang='lat' dir='ltr'>actionis</span> <span class='ocrx_word' id='word_1_761' title='bbox 927 4753 995 4789; x_wconf 82' lang='lat' dir='ltr'>ntae</span> <span class='ocrx_word' id='word_1_762' title='bbox 1012 4737 1092 4791; x_wconf 87' lang='lat' dir='ltr'>recti·</span> <span class='ocrx_word' id='word_1_763' title='bbox 1120 4745 1169 4792; x_wconf 91' lang='lat' dir='ltr'>aut</span> <span class='ocrx_word' id='word_1_764' title='bbox 1187 4755 1206 4791; x_wconf 90' lang='lat' dir='ltr'>a</span> <span class='ocrx_word' id='word_1_765' title='bbox 1226 4738 1354 4792; x_wconf 84' lang='lat' dir='ltr'>barbaris</span> <span class='ocrx_word' id='word_1_766' title='bbox 1374 4736 1583 4801; x_wconf 82' lang='lat' dir='ltr'>abscinduntur,</span> <span class='ocrx_word' id='word_1_767' title='bbox 1600 4744 1649 4789; x_wconf 89' lang='lat' dir='ltr'>aut</span> <span class='ocrx_word' id='word_1_768' title='bbox 1669 4755 1687 4789; x_wconf 88' lang='grc' dir='ltr'><em>α</em></span> <span class='ocrx_word' id='word_1_769' title='bbox 1700 4737 1821 4790; x_wconf 87' lang='lat' dir='ltr'>dominis</span> <span class='ocrx_word' id='word_1_770' title='bbox 1832 4747 1957 4793; x_wconf 84' lang='lat' dir='ltr'>castran-</span> 
     </span>
     <span class='ocr_line' id='line_1_55' title="bbox 260 4821 1957 4894; baseline 0.001 -17"><span class='ocrx_word' id='word_1_771' title='bbox 260 4825 386 4879; x_wconf 87' lang='lat' dir='ltr'>tudinem</span> <span class='ocrx_word' id='word_1_772' title='bbox 403 4827 467 4894; x_wconf 89' lang='lat' dir='ltr'>ipsa</span> <span class='ocrx_word' id='word_1_773' title='bbox 484 4822 642 4890; x_wconf 72' lang='lat' dir='ltr'>confundit.</span> <span class='ocrx_word' id='word_1_774' title='bbox 668 4824 775 4877; x_wconf 68' lang='lat' dir='ltr'>ibana</span> <span class='ocrx_word' id='word_1_775' title='bbox 788 4825 920 4892; x_wconf 84' lang='lat' dir='ltr'>pedcoel</span> <span class='ocrx_word' id='word_1_776' title='bbox 940 4840 1025 4877; x_wconf 89' lang='lat' dir='ltr'>manu</span> <span class='ocrx_word' id='word_1_777' title='bbox 1044 4832 1093 4890; x_wconf 87' lang='lat' dir='ltr'>est,</span> <span class='ocrx_word' id='word_1_778' title='bbox 1120 4831 1173 4877; x_wconf 87' lang='lat' dir='ltr'>tur.</span> <span class='ocrx_word' id='word_1_779' title='bbox 1209 4823 1288 4876; x_wconf 91' lang='lat' dir='ltr'>Idem</span> <span class='ocrx_word' id='word_1_780' title='bbox 1307 4821 1425 4876; x_wconf 88' lang='lat' dir='ltr'>habetur</span> <span class='ocrx_word' id='word_1_781' title='bbox 1443 4838 1466 4876; x_wconf 90' lang='lat' dir='ltr'>c.</span> <span class='ocrx_word' id='word_1_782' title='bbox 1503 4821 1533 4879; x_wconf 85' lang='lat' dir='ltr'>si</span> <span class='ocrx_word' id='word_1_783' title='bbox 1552 4822 1614 4892; x_wconf 89' lang='lat' dir='ltr'>quis</span> <span class='ocrx_word' id='word_1_784' title='bbox 1638 4839 1655 4876; x_wconf 90' lang='lat' dir='ltr'>a</span> <span class='ocrx_word' id='word_1_785' title='bbox 1676 4822 1797 4876; x_wconf 89' lang='lat' dir='ltr'>medicis.</span> <span class='ocrx_word' id='word_1_786' title='bbox 1824 4824 1957 4879; x_wconf 69' lang='grc'><strong>111111111-</strong></span> 
     </span>
     <span class='ocr_line' id='line_1_56' title="bbox 262 4906 1957 4980; baseline 0.002 -19"><span class='ocrx_word' id='word_1_787' title='bbox 262 4908 312 4980; x_wconf 78' lang='lat' dir='ltr'>qui</span> <span class='ocrx_word' id='word_1_788' title='bbox 329 4909 403 4962; x_wconf 71' lang='lat' dir='ltr'>mam</span> <span class='ocrx_word' id='word_1_789' title='bbox 422 4910 543 4964; x_wconf 88' lang='lat' dir='ltr'>Domini</span> <span class='ocrx_word' id='word_1_790' title='bbox 562 4924 679 4978; x_wconf 76' lang='lat' dir='ltr'>perpere</span> <span class='ocrx_word' id='word_1_791' title='bbox 706 4909 817 4962; x_wconf 90' lang='lat' dir='ltr'>omnino</span> <span class='ocrx_word' id='word_1_792' title='bbox 841 4928 896 4964; x_wconf 92' lang='lat' dir='ltr'>nan</span> <span class='ocrx_word' id='word_1_793' title='bbox 917 4909 991 4964; x_wconf 85' lang='lat' dir='ltr'>solet</span> <span class='ocrx_word' id='word_1_794' title='bbox 1010 4917 1093 4978; x_wconf 88' lang='lat' dir='ltr'>atque</span> <span class='ocrx_word' id='word_1_795' title='bbox 1121 4909 1197 4963; x_wconf 89' lang='lat' dir='ltr'>chus.</span> <span class='ocrx_word' id='word_1_796' title='bbox 1219 4924 1242 4962; x_wconf 93' lang='lat' dir='ltr'>c.</span> <span class='ocrx_word' id='word_1_797' title='bbox 1280 4906 1392 4977; x_wconf 87' lang='lat' dir='ltr'>Siquis</span> <span class='ocrx_word' id='word_1_798' title='bbox 1413 4924 1464 4977; x_wconf 92' lang='lat' dir='ltr'>pro</span> <span class='ocrx_word' id='word_1_799' title='bbox 1485 4907 1667 4979; x_wconf 84' lang='lat' dir='ltr'>aegritudine.</span> <span class='ocrx_word' id='word_1_800' title='bbox 1687 4925 1711 4962; x_wconf 90' lang='lat' dir='ltr'>c.</span> <span class='ocrx_word' id='word_1_801' title='bbox 1738 4906 1768 4962; x_wconf 90' lang='lat' dir='ltr'>Si</span> <span class='ocrx_word' id='word_1_802' title='bbox 1787 4907 1849 4977; x_wconf 92' lang='lat' dir='ltr'>quis</span> <span class='ocrx_word' id='word_1_803' title='bbox 1868 4909 1898 4962; x_wconf 90' lang='lat' dir='ltr'>in</span> <span class='ocrx_word' id='word_1_804' title='bbox 1916 4910 1957 4964; x_wconf 87' lang='lat' dir='ltr'>iu·</span> 
     </span>
     <span class='ocr_line' id='line_1_57' title="bbox 261 4991 1958 5064; baseline 0.001 -16"><span class='ocrx_word' id='word_1_805' title='bbox 261 5011 281 5048; x_wconf 84' lang='lat' dir='ltr'>a</span> <span class='ocrx_word' id='word_1_806' title='bbox 299 4994 378 5048; x_wconf 84' lang='lat' dir='ltr'>lonis</span> <span class='ocrx_word' id='word_1_807' title='bbox 395 4995 502 5048; x_wconf 85' lang='lat' dir='ltr'>actibus</span> <span class='ocrx_word' id='word_1_808' title='bbox 512 4996 651 5063; x_wconf 76' lang='lat' dir='ltr'>funditus</span> <span class='ocrx_word' id='word_1_809' title='bbox 669 5011 748 5049; x_wconf 78' lang='lat' dir='ltr'>exors</span> <span class='ocrx_word' id='word_1_810' title='bbox 759 5003 850 5061; x_wconf 88' lang='lat' dir='ltr'>uacat,</span> <span class='ocrx_word' id='word_1_811' title='bbox 869 5003 1006 5064; x_wconf 81' lang='lat' dir='ltr'>quatensss</span> <span class='ocrx_word' id='word_1_812' title='bbox 1024 4991 1598 5061; x_wconf 52' lang='grc'><strong>1111111111.1111111111111111,</strong></span> <span class='ocrx_word' id='word_1_813' title='bbox 1627 4992 1683 5048; x_wconf 88' lang='lat' dir='ltr'>Sed</span> <span class='ocrx_word' id='word_1_814' title='bbox 1697 4992 1731 5046; x_wconf 90' lang='lat' dir='ltr'>de</span> <span class='ocrx_word' id='word_1_815' title='bbox 1745 4994 1958 5062; x_wconf 82' lang='lat' dir='ltr'>superveniente</span> 
     </span>
     <span class='ocr_line' id='line_1_58' title="bbox 260 5077 1955 5150; baseline -0.003 -13"><span class='ocrx_word' id='word_1_816' title='bbox 260 5095 315 5137; x_wconf 80' lang='lat' dir='ltr'>nou</span> <span class='ocrx_word' id='word_1_817' title='bbox 332 5087 363 5132; x_wconf 92' lang='lat' dir='ltr'>ut</span> <span class='ocrx_word' id='word_1_818' title='bbox 389 5080 509 5135; x_wconf 79' lang='lat' dir='ltr'>claudus</span> <span class='ocrx_word' id='word_1_819' title='bbox 528 5081 628 5137; x_wconf 87' lang='lat' dir='ltr'>saltem</span> <span class='ocrx_word' id='word_1_820' title='bbox 652 5097 714 5135; x_wconf 90' lang='lat' dir='ltr'>cum</span> <span class='ocrx_word' id='word_1_821' title='bbox 730 5080 895 5150; x_wconf 83' lang='lat' dir='ltr'>infirmitate</span> <span class='ocrx_word' id='word_1_822' title='bbox 912 5089 1019 5150; x_wconf 78' lang='grc'><strong>111111,</strong></span> <span class='ocrx_word' id='word_1_823' title='bbox 1044 5081 1096 5135; x_wconf 85' lang='lat' dir='ltr'>sed</span> <span class='ocrx_word' id='word_1_824' title='bbox 1121 5077 1242 5150; x_wconf 89' lang='lat' dir='ltr'>corporis</span> <span class='ocrx_word' id='word_1_825' title='bbox 1266 5077 1334 5132; x_wconf 83' lang='lat' dir='ltr'>vitio</span> <span class='ocrx_word' id='word_1_826' title='bbox 1357 5086 1420 5149; x_wconf 92' lang='lat' dir='ltr'>past</span> <span class='ocrx_word' id='word_1_827' title='bbox 1446 5086 1602 5148; x_wconf 87' lang='lat' dir='ltr'>susceptam</span> <span class='ocrx_word' id='word_1_828' title='bbox 1626 5078 1732 5133; x_wconf 87' lang='lat' dir='ltr'>scilicet</span> <span class='ocrx_word' id='word_1_829' title='bbox 1755 5078 1955 5134; x_wconf 86' lang='lat' dir='ltr'>ordinationem</span> 
     </span>
     <span class='ocr_line' id='line_1_59' title="bbox 262 5162 1957 5236; baseline -0.001 -16"><span class='ocrx_word' id='word_1_830' title='bbox 262 5165 297 5220; x_wconf 84' lang='lat' dir='ltr'>ot</span> <span class='ocrx_word' id='word_1_831' title='bbox 314 5165 358 5219; x_wconf 89' lang='lat' dir='ltr'>lis</span> <span class='ocrx_word' id='word_1_832' title='bbox 375 5166 500 5219; x_wconf 81' lang='lat' dir='ltr'>omnibus</span> <span class='ocrx_word' id='word_1_833' title='bbox 517 5167 627 5221; x_wconf 80' lang='lat' dir='ltr'>alienor</span> <span class='ocrx_word' id='word_1_834' title='bbox 645 5166 753 5224; x_wconf 75' lang='lat' dir='ltr'>existat</span> <span class='ocrx_word' id='word_1_835' title='bbox 784 5163 924 5220; x_wconf 82' lang='lat' dir='ltr'>Gillosus</span> <span class='ocrx_word' id='word_1_836' title='bbox 944 5175 992 5235; x_wconf 86' lang='lat' dir='ltr'>est,</span> <span class='ocrx_word' id='word_1_837' title='bbox 1014 5183 1094 5236; x_wconf 88' lang='lat' dir='ltr'>quem</span> <span class='ocrx_word' id='word_1_838' title='bbox 1122 5165 1202 5219; x_wconf 88' lang='lat' dir='ltr'>aliter</span> <span class='ocrx_word' id='word_1_839' title='bbox 1221 5168 1353 5220; x_wconf 69' lang='lat' dir='ltr'>sutuunt.</span> <span class='ocrx_word' id='word_1_840' title='bbox 1381 5182 1403 5219; x_wconf 91' lang='lat' dir='ltr'>c.</span> <span class='ocrx_word' id='word_1_841' title='bbox 1428 5164 1592 5233; x_wconf 88' lang='lat' dir='ltr'>Praecepta.</span> <span class='ocrx_word' id='word_1_842' title='bbox 1618 5163 1681 5217; x_wconf 83' lang='lat' dir='ltr'>dist.</span> <span class='ocrx_word' id='word_1_843' title='bbox 1705 5162 1772 5218; x_wconf 87' lang='lat' dir='ltr'>ead:</span> <span class='ocrx_word' id='word_1_844' title='bbox 1797 5164 1957 5233; x_wconf 85' lang='lat' dir='ltr'>Praecepto</span> 
     </span>
     <span class='ocr_line' id='line_1_60' title="bbox 227 5248 1958 5323; baseline -0.003 -16"><span class='ocrx_word' id='word_1_845' title='bbox 227 5264 230 5274; x_wconf 88' lang='grc'><strong>“</strong></span> <span class='ocrx_word' id='word_1_846' title='bbox 261 5258 389 5307; x_wconf 62' lang='lat' dir='ltr'>turonos</span> <span class='ocrx_word' id='word_1_847' title='bbox 408 5250 597 5306; x_wconf 76' lang='lat' dir='ltr'>solicitudinis</span> <span class='ocrx_word' id='word_1_848' title='bbox 610 5255 725 5322; x_wconf 86' lang='lat' dir='ltr'>pandus</span> <span class='ocrx_word' id='word_1_849' title='bbox 743 5253 889 5323; x_wconf 86' lang='lat' dir='ltr'>deprimit,</span> <span class='ocrx_word' id='word_1_850' title='bbox 915 5269 949 5306; x_wconf 87' lang='lat' dir='ltr'>ne</span> <span class='ocrx_word' id='word_1_851' title='bbox 968 5270 1091 5322; x_wconf 85' lang='lat' dir='ltr'>unquam</span> <span class='ocrx_word' id='word_1_852' title='bbox 1106 5251 1267 5320; x_wconf 62' lang='lat' dir='ltr'>*canonica</span> <span class='ocrx_word' id='word_1_853' title='bbox 1280 5253 1379 5321; x_wconf 80' lang='lat' dir='ltr'>quibus</span> <span class='ocrx_word' id='word_1_854' title='bbox 1392 5250 1582 5306; x_wconf 83' lang='lat' dir='ltr'>ecclesiastica</span> <span class='ocrx_word' id='word_1_855' title='bbox 1595 5249 1701 5316; x_wconf 79' lang='lat' dir='ltr'>rapitur</span> <span class='ocrx_word' id='word_1_856' title='bbox 1712 5248 1875 5317; x_wconf 74' lang='lat' dir='ltr'>disciplina,</span> <span class='ocrx_word' id='word_1_857' title='bbox 1887 5250 1958 5304; x_wconf 84' lang='lat' dir='ltr'>sicut</span> 
     </span>
     <span class='ocr_line' id='line_1_61' title="bbox 261 5296 1956 5407; baseline 0.001 -16"><span class='ocrx_word' id='word_1_858' title='bbox 261 5336 303 5391; x_wconf 86' lang='lat' dir='ltr'>ad</span> <span class='ocrx_word' id='word_1_859' title='bbox 314 5335 441 5407; x_wconf 83' lang='lat' dir='ltr'>&#39;superno</span> <span class='ocrx_word' id='word_1_860' title='bbox 459 5336 603 5407; x_wconf 86' lang='lat' dir='ltr'>respiciat,</span> <span class='ocrx_word' id='word_1_861' title='bbox 621 5338 674 5395; x_wconf 82' lang='lat' dir='ltr'>scd</span> <span class='ocrx_word' id='word_1_862' title='bbox 691 5336 762 5394; x_wconf 90' lang='lat' dir='ltr'>solis</span> <span class='ocrx_word' id='word_1_863' title='bbox 782 5337 836 5407; x_wconf 84' lang='lat' dir='ltr'>lis,</span> <span class='ocrx_word' id='word_1_864' title='bbox 853 5354 926 5406; x_wconf 86' lang='lat' dir='ltr'>quos</span> <span class='ocrx_word' id='word_1_865' title='bbox 943 5339 973 5394; x_wconf 88' lang='lat' dir='ltr'>in</span> <span class='ocrx_word' id='word_1_866' title='bbox 985 5337 1094 5407; x_wconf 77' lang='lat' dir='ltr'>infimis</span> <span class='ocrx_word' id='word_1_867' title='bbox 1106 5296 1170 5391; x_wconf 77' lang='lat' dir='ltr'>inan</span> <span class='ocrx_word' id='word_1_868' title='bbox 1192 5339 1344 5407; x_wconf 88' lang='lat' dir='ltr'>patiuntur</span> <span class='ocrx_word' id='word_1_869' title='bbox 1367 5338 1460 5393; x_wconf 83' lang='lat' dir='ltr'>uenire</span> <span class='ocrx_word' id='word_1_870' title='bbox 1485 5337 1528 5389; x_wconf 85' lang='lat' dir='ltr'>ad</span> <span class='ocrx_word' id='word_1_871' title='bbox 1549 5335 1741 5391; x_wconf 76' lang='lat' dir='ltr'>sacadmium</span> <span class='ocrx_word' id='word_1_872' title='bbox 1765 5334 1871 5390; x_wconf 64' lang='lat' dir='ltr'>debila</span> <span class='ocrx_word' id='word_1_873' title='bbox 1897 5351 1956 5393; x_wconf 84' lang='lat' dir='ltr'>cor·</span> 
     </span>
    </p>
   </div>
   <div class='ocr_carea' id='block_1_6' title="bbox 0 0 2020 6004">
    <p class='ocr_par' dir='ltr' id='par_1_15' title="bbox 0 0 2020 6004">
     <span class='ocr_line' id='line_1_62' title="bbox 0 0 2020 6004; baseline 0 0"><span class='ocrx_word' id='word_1_874' title='bbox 0 0 2020 6004; x_wconf 95' lang='lat' dir='ltr'> </span> 
     </span>
    </p>
   </div>
  </div>
 </body>
</html>
