<?xml version="1.0" encoding="UTF-8"?>
<!DOCTYPE html PUBLIC "-//W3C//DTD XHTML 1.0 Transitional//EN"
    "http://www.w3.org/TR/xhtml1/DTD/xhtml1-transitional.dtd">
<html xmlns="http://www.w3.org/1999/xhtml" xml:lang="en" lang="en">
 <head>
  <title>
</title>
<meta http-equiv="Content-Type" content="text/html;charset=utf-8" />
  <meta name='ocr-system' content='tesseract 3.04.00' />
  <meta name='ocr-capabilities' content='ocr_page ocr_carea ocr_par ocr_line ocrx_word'/>
</head>
<body>
  <div class='ocr_page' id='page_1' title='image "./locitheologicic01gerhgoog/locitheologicic01gerhgoog_0413.png"; bbox 0 0 4020 6014; ppageno 0'>
   <div class='ocr_carea' id='block_1_1' title="bbox 231 220 1354 306">
    <p class='ocr_par' dir='ltr' id='par_1_1' title="bbox 231 220 1354 306">
     <span class='ocr_line' id='line_1_1' title="bbox 231 220 1354 306; baseline -0.011 0"><span class='ocrx_word' id='word_1_1' title='bbox 231 250 292 306; x_wconf 79' lang='lat' dir='ltr'>ror</span> <span class='ocrx_word' id='word_1_2' title='bbox 813 220 1354 304; x_wconf 77' lang='lat' dir='ltr'>aocuavreusruusouaarus</span> 
     </span>
    </p>
   </div>
   <div class='ocr_carea' id='block_1_2' title="bbox 103 386 1940 5579">
    <p class='ocr_par' dir='ltr' id='par_1_2' title="bbox 103 386 1940 5579">
     <span class='ocr_line' id='line_1_2' title="bbox 227 386 1928 469; baseline -0.004 -19"><span class='ocrx_word' id='word_1_3' title='bbox 227 386 336 469; x_wconf 70' lang='lat' dir='ltr'>pupulo</span> <span class='ocrx_word' id='word_1_4' title='bbox 354 396 532 466; x_wconf 70' lang='lat' dir='ltr'>Iaratiitico,</span> <span class='ocrx_word' id='word_1_5' title='bbox 562 402 592 449; x_wconf 90' lang='lat' dir='ltr'>ut</span> <span class='ocrx_word' id='word_1_6' title='bbox 609 394 721 464; x_wconf 76' lang='lat' dir='ltr'>inperio</span> <span class='ocrx_word' id='word_1_7' title='bbox 741 395 821 450; x_wconf 73' lang='lat' dir='ltr'>etim</span> <span class='ocrx_word' id='word_1_8' title='bbox 834 394 943 464; x_wconf 85' lang='lat' dir='ltr'>puerili</span> <span class='ocrx_word' id='word_1_9' title='bbox 962 398 987 446; x_wconf 91' lang='lat' dir='ltr'>et</span> <span class='ocrx_word' id='word_1_10' title='bbox 1004 392 1062 447; x_wconf 84' lang='lat' dir='ltr'>viu·</span> <span class='ocrx_word' id='word_1_11' title='bbox 1090 393 1230 462; x_wconf 90' lang='lat' dir='ltr'>puniendo</span> <span class='ocrx_word' id='word_1_12' title='bbox 1248 394 1419 458; x_wconf 78' lang='lat' dir='ltr'>excederent,</span> <span class='ocrx_word' id='word_1_13' title='bbox 1436 390 1480 448; x_wconf 84' lang='lat' dir='ltr'>vel</span> <span class='ocrx_word' id='word_1_14' title='bbox 1500 391 1710 447; x_wconf 87' lang='lat' dir='ltr'>nimialenitate</span> <span class='ocrx_word' id='word_1_15' title='bbox 1727 389 1862 444; x_wconf 78' lang='lat' dir='ltr'>ferociam</span> <span class='ocrx_word' id='word_1_16' title='bbox 1879 388 1928 443; x_wconf 90' lang='lat' dir='ltr'>im-</span> 
     </span>
     <span class='ocr_line' id='line_1_3' title="bbox 176 476 1928 554; baseline -0.004 -18"><span class='ocrx_word' id='word_1_17' title='bbox 176 510 178 515; x_wconf 95' lang='lat'>·</span> <span class='ocrx_word' id='word_1_18' title='bbox 230 483 323 536; x_wconf 84' lang='lat' dir='ltr'>dictae</span> <span class='ocrx_word' id='word_1_19' title='bbox 350 484 454 554; x_wconf 86' lang='lat' dir='ltr'>cupido</span> <span class='ocrx_word' id='word_1_20' title='bbox 489 483 590 554; x_wconf 80' lang='lat' dir='ltr'>aliquo</span> <span class='ocrx_word' id='word_1_21' title='bbox 619 483 730 537; x_wconf 82' lang='lat' dir='ltr'>ratione</span> <span class='ocrx_word' id='word_1_22' title='bbox 761 482 977 550; x_wconf 71' lang='lat' dir='ltr'>gratificaretur.</span> <span class='ocrx_word' id='word_1_23' title='bbox 1026 478 1064 534; x_wconf 88' lang='lat' dir='ltr'>Et</span> <span class='ocrx_word' id='word_1_24' title='bbox 1090 479 1199 551; x_wconf 87' lang='lat' dir='ltr'>piorum</span> <span class='ocrx_word' id='word_1_25' title='bbox 1217 488 1367 553; x_wconf 76' lang='lat' dir='ltr'>augerent,</span> <span class='ocrx_word' id='word_1_26' title='bbox 1399 480 1448 535; x_wconf 89' lang='lat' dir='ltr'>sed</span> <span class='ocrx_word' id='word_1_27' title='bbox 1472 478 1545 535; x_wconf 84' lang='lat' dir='ltr'>hanc</span> <span class='ocrx_word' id='word_1_28' title='bbox 1563 478 1675 535; x_wconf 86' lang='lat' dir='ltr'>talionis</span> <span class='ocrx_word' id='word_1_29' title='bbox 1692 477 1784 548; x_wconf 89' lang='lat' dir='ltr'>legem</span> <span class='ocrx_word' id='word_1_30' title='bbox 1805 476 1864 545; x_wconf 78' lang='lat' dir='ltr'>iepi</span> <span class='ocrx_word' id='word_1_31' title='bbox 1879 494 1928 529; x_wconf 84' lang='lat' dir='ltr'>uu·</span> 
     </span>
     <span class='ocr_line' id='line_1_4' title="bbox 228 562 1927 642; baseline -0.004 -20"><span class='ocrx_word' id='word_1_32' title='bbox 228 567 329 623; x_wconf 88' lang='lat' dir='ltr'>iterum</span> <span class='ocrx_word' id='word_1_33' title='bbox 343 586 408 642; x_wconf 89' lang='lat' dir='ltr'>pag.</span> <span class='ocrx_word' id='word_1_34' title='bbox 421 574 486 627; x_wconf 85' lang='lat' dir='ltr'>reo:</span> <span class='ocrx_word' id='word_1_35' title='bbox 504 570 693 638; x_wconf 79' lang='lat' dir='ltr'>Perfeetiorec</span> <span class='ocrx_word' id='word_1_36' title='bbox 707 568 861 639; x_wconf 82' lang='lat' dir='ltr'>pleraeque</span> <span class='ocrx_word' id='word_1_37' title='bbox 880 569 955 634; x_wconf 76' lang='lat' dir='ltr'>tepea</span> <span class='ocrx_word' id='word_1_38' title='bbox 973 565 1064 632; x_wconf 80' lang='lat' dir='ltr'>suiree</span> <span class='ocrx_word' id='word_1_39' title='bbox 1089 575 1171 623; x_wconf 87' lang='lat' dir='ltr'>turae</span> <span class='ocrx_word' id='word_1_40' title='bbox 1189 568 1305 623; x_wconf 89' lang='lat' dir='ltr'>maxime</span> <span class='ocrx_word' id='word_1_41' title='bbox 1323 566 1492 624; x_wconf 83' lang='lat' dir='ltr'>conformem</span> <span class='ocrx_word' id='word_1_42' title='bbox 1512 565 1698 622; x_wconf 79' lang='lat' dir='ltr'>observarent.</span> <span class='ocrx_word' id='word_1_43' title='bbox 1729 567 1757 618; x_wconf 80' lang='lat'>3.</span> <span class='ocrx_word' id='word_1_44' title='bbox 1778 562 1927 618; x_wconf 77' lang='lat' dir='ltr'>¹Iudicium</span> 
     </span>
     <span class='ocr_line' id='line_1_5' title="bbox 200 649 1927 729; baseline -0.002 -21"><span class='ocrx_word' id='word_1_45' title='bbox 200 721 204 729; x_wconf 87' lang='lat'>.</span> <span class='ocrx_word' id='word_1_46' title='bbox 229 653 366 708; x_wconf 79' lang='lat' dir='ltr'>humanae</span> <span class='ocrx_word' id='word_1_47' title='bbox 384 656 414 709; x_wconf 80' lang='lat' dir='ltr'>in</span> <span class='ocrx_word' id='word_1_48' title='bbox 431 656 598 726; x_wconf 76' lang='lat' dir='ltr'>quibusdam</span> <span class='ocrx_word' id='word_1_49' title='bbox 616 673 699 725; x_wconf 84' lang='lat' dir='ltr'>quam</span> <span class='ocrx_word' id='word_1_50' title='bbox 717 655 846 722; x_wconf 79' lang='lat' dir='ltr'>divinoe,</span> <span class='ocrx_word' id='word_1_51' title='bbox 864 669 934 723; x_wconf 85' lang='lat' dir='ltr'>quoe</span> <span class='ocrx_word' id='word_1_52' title='bbox 955 653 984 704; x_wconf 81' lang='lat' dir='ltr'>iu</span> <span class='ocrx_word' id='word_1_53' title='bbox 1005 651 1064 720; x_wconf 82' lang='lat' dir='ltr'>lepe</span> <span class='ocrx_word' id='word_1_54' title='bbox 1090 655 1151 708; x_wconf 90' lang='lat' dir='ltr'>Dei</span> <span class='ocrx_word' id='word_1_55' title='bbox 1169 655 1435 723; x_wconf 78' lang='lat' dir='ltr'>extraordinarium,</span> <span class='ocrx_word' id='word_1_56' title='bbox 1453 671 1508 725; x_wconf 91' lang='lat' dir='ltr'>qno</span> <span class='ocrx_word' id='word_1_57' title='bbox 1521 660 1647 708; x_wconf 74' lang='lat' dir='ltr'>cessante</span> <span class='ocrx_word' id='word_1_58' title='bbox 1666 651 1849 722; x_wconf 77' lang='lat' dir='ltr'>magistratus</span> <span class='ocrx_word' id='word_1_59' title='bbox 1869 649 1927 704; x_wconf 86' lang='lat' dir='ltr'>offi-</span> 
     </span>
     <span class='ocr_line' id='line_1_6' title="bbox 231 737 1927 812; baseline -0.002 -18"><span class='ocrx_word' id='word_1_60' title='bbox 231 741 342 810; x_wconf 74' lang='lat' dir='ltr'>Moysis</span> <span class='ocrx_word' id='word_1_61' title='bbox 363 743 554 811; x_wconf 81' lang='lat' dir='ltr'>continentur,</span> <span class='ocrx_word' id='word_1_62' title='bbox 578 742 753 812; x_wconf 71' lang='lat' dir='ltr'>quantumvis</span> <span class='ocrx_word' id='word_1_63' title='bbox 763 742 893 809; x_wconf 70' lang='lat' dir='ltr'>fortuma</span> <span class='ocrx_word' id='word_1_64' title='bbox 911 740 1065 794; x_wconf 67' lang='lat' dir='ltr'>absurdum</span> <span class='ocrx_word' id='word_1_65' title='bbox 1091 741 1134 795; x_wconf 89' lang='lat' dir='ltr'>cio</span> <span class='ocrx_word' id='word_1_66' title='bbox 1160 741 1267 796; x_wconf 76' lang='lat' dir='ltr'>scelera</span> <span class='ocrx_word' id='word_1_67' title='bbox 1287 742 1370 812; x_wconf 83' lang='lat' dir='ltr'>juxta</span> <span class='ocrx_word' id='word_1_68' title='bbox 1393 741 1465 796; x_wconf 82' lang='lat' dir='ltr'>bauo</span> <span class='ocrx_word' id='word_1_69' title='bbox 1490 740 1601 795; x_wconf 84' lang='lat' dir='ltr'>talionis</span> <span class='ocrx_word' id='word_1_70' title='bbox 1629 740 1718 810; x_wconf 88' lang='lat' dir='ltr'>legem</span> <span class='ocrx_word' id='word_1_71' title='bbox 1743 737 1844 809; x_wconf 86' lang='lat' dir='ltr'>punire</span> <span class='ocrx_word' id='word_1_72' title='bbox 1865 752 1927 791; x_wconf 89' lang='lat' dir='ltr'>con·</span> 
     </span>
     <span class='ocr_line' id='line_1_7' title="bbox 231 820 1927 900; baseline -0.002 -20"><span class='ocrx_word' id='word_1_73' title='bbox 231 825 321 881; x_wconf 87' lang='lat' dir='ltr'>alicui</span> <span class='ocrx_word' id='word_1_74' title='bbox 337 828 431 881; x_wconf 85' lang='lat' dir='ltr'>videri</span> <span class='ocrx_word' id='word_1_75' title='bbox 444 829 550 898; x_wconf 75' lang='lat' dir='ltr'>poerit,</span> <span class='ocrx_word' id='word_1_76' title='bbox 576 829 758 881; x_wconf 73' lang='lat' dir='ltr'>certissimum</span> <span class='ocrx_word' id='word_1_77' title='bbox 784 835 875 880; x_wconf 79' lang='lat' dir='ltr'>tumen</span> <span class='ocrx_word' id='word_1_78' title='bbox 901 834 949 880; x_wconf 85' lang='lat' dir='ltr'>eet.</span> <span class='ocrx_word' id='word_1_79' title='bbox 988 827 1064 879; x_wconf 86' lang='lat' dir='ltr'>Num</span> <span class='ocrx_word' id='word_1_80' title='bbox 1082 820 1188 896; x_wconf 68' lang='lat' dir='ltr'>buerit,</span> <span class='ocrx_word' id='word_1_81' title='bbox 1207 828 1282 898; x_wconf 85' lang='lat' dir='ltr'>qnod</span> <span class='ocrx_word' id='word_1_82' title='bbox 1301 829 1349 900; x_wconf 91' lang='lat' dir='ltr'>qui</span> <span class='ocrx_word' id='word_1_83' title='bbox 1369 827 1502 900; x_wconf 87' lang='lat' dir='ltr'>sugillare</span> <span class='ocrx_word' id='word_1_84' title='bbox 1520 826 1653 889; x_wconf 83' lang='lat' dir='ltr'>voluerit,</span> <span class='ocrx_word' id='word_1_85' title='bbox 1680 824 1819 878; x_wconf 83' lang='lat' dir='ltr'>vindicem</span> <span class='ocrx_word' id='word_1_86' title='bbox 1841 822 1927 894; x_wconf 88' lang='lat' dir='ltr'>ipsius</span> 
     </span>
     <span class='ocr_line' id='line_1_8' title="bbox 229 910 1926 985; baseline -0.002 -19"><span class='ocrx_word' id='word_1_87' title='bbox 229 931 299 968; x_wconf 84' lang='lat' dir='ltr'>roro</span> <span class='ocrx_word' id='word_1_88' title='bbox 319 913 363 967; x_wconf 74' lang='lat' dir='ltr'>teu</span> <span class='ocrx_word' id='word_1_89' title='bbox 382 915 505 968; x_wconf 76' lang='lat' dir='ltr'>humana</span> <span class='ocrx_word' id='word_1_90' title='bbox 526 912 802 982; x_wconf 80' lang='lat' dir='ltr'>cutelimpermicit,</span> <span class='ocrx_word' id='word_1_91' title='bbox 820 919 870 965; x_wconf 89' lang='lat' dir='ltr'>eut</span> <span class='ocrx_word' id='word_1_92' title='bbox 889 913 972 966; x_wconf 89' lang='lat' dir='ltr'>etiem</span> <span class='ocrx_word' id='word_1_93' title='bbox 991 929 1064 964; x_wconf 86' lang='lat' dir='ltr'>uuae</span> <span class='ocrx_word' id='word_1_94' title='bbox 1089 913 1157 968; x_wconf 87' lang='lat' dir='ltr'>iram</span> <span class='ocrx_word' id='word_1_95' title='bbox 1186 913 1349 985; x_wconf 85' lang='lat' dir='ltr'>experietur.</span> <span class='ocrx_word' id='word_1_96' title='bbox 1387 913 1485 970; x_wconf 79' lang='lat' dir='ltr'>Matth.</span> <span class='ocrx_word' id='word_1_97' title='bbox 1511 920 1541 983; x_wconf 85' lang='lat' dir='ltr'>i,</span> <span class='ocrx_word' id='word_1_98' title='bbox 1570 930 1596 965; x_wconf 86' lang='lat' dir='ltr'>v.</span> <span class='ocrx_word' id='word_1_99' title='bbox 1624 918 1647 966; x_wconf 82' lang='lat'>2.</span> <span class='ocrx_word' id='word_1_100' title='bbox 1685 910 1752 965; x_wconf 79' lang='lat' dir='ltr'>Luc</span> <span class='ocrx_word' id='word_1_101' title='bbox 1779 916 1809 976; x_wconf 89' lang='grc'>6,</span> <span class='ocrx_word' id='word_1_102' title='bbox 1838 928 1864 964; x_wconf 81' lang='lat' dir='ltr'>r.</span> <span class='ocrx_word' id='word_1_103' title='bbox 1885 914 1926 964; x_wconf 79' lang='lat'>38.</span> 
     </span>
     <span class='ocr_line' id='line_1_9' title="bbox 226 997 1925 1071; baseline -0.004 -16"><span class='ocrx_word' id='word_1_104' title='bbox 226 1001 374 1071; x_wconf 81' lang='lat' dir='ltr'>periuittit,</span> <span class='ocrx_word' id='word_1_105' title='bbox 394 1008 443 1054; x_wconf 89' lang='lat' dir='ltr'>aut</span> <span class='ocrx_word' id='word_1_106' title='bbox 456 1002 539 1054; x_wconf 87' lang='lat' dir='ltr'>etium</span> <span class='ocrx_word' id='word_1_107' title='bbox 549 998 636 1070; x_wconf 78' lang='lat' dir='ltr'>jubet,</span> <span class='ocrx_word' id='word_1_108' title='bbox 654 1007 685 1052; x_wconf 91' lang='lat' dir='ltr'>ut</span> <span class='ocrx_word' id='word_1_109' title='bbox 700 1001 796 1054; x_wconf 81' lang='lat' dir='ltr'>oculue</span> <span class='ocrx_word' id='word_1_110' title='bbox 809 1018 866 1068; x_wconf 86' lang='lat' dir='ltr'>pro</span> <span class='ocrx_word' id='word_1_111' title='bbox 886 998 975 1063; x_wconf 86' lang='lat' dir='ltr'>oculo,</span> <span class='ocrx_word' id='word_1_112' title='bbox 994 1001 1063 1052; x_wconf 80' lang='lat' dir='ltr'>douc</span> <span class='ocrx_word' id='word_1_113' title='bbox 1090 998 1217 1055; x_wconf 83' lang='lat' dir='ltr'>Christus</span> <span class='ocrx_word' id='word_1_114' title='bbox 1236 1019 1254 1055; x_wconf 85' lang='lat' dir='ltr'>a</span> <span class='ocrx_word' id='word_1_115' title='bbox 1278 1000 1422 1055; x_wconf 86' lang='lat' dir='ltr'>temerario</span> <span class='ocrx_word' id='word_1_116' title='bbox 1438 999 1544 1071; x_wconf 87' lang='lat' dir='ltr'>judicio</span> <span class='ocrx_word' id='word_1_117' title='bbox 1567 1006 1594 1053; x_wconf 88' lang='lat' dir='ltr'>et</span> <span class='ocrx_word' id='word_1_118' title='bbox 1612 997 1845 1053; x_wconf 83' lang='lat' dir='ltr'>condemnatione</span> <span class='ocrx_word' id='word_1_119' title='bbox 1863 1012 1925 1066; x_wconf 89' lang='lat' dir='ltr'>pro·</span> 
     </span>
     <span class='ocr_line' id='line_1_10' title="bbox 226 1082 1925 1157; baseline -0.003 -17"><span class='ocrx_word' id='word_1_120' title='bbox 226 1105 282 1157; x_wconf 83' lang='lat' dir='ltr'>pro</span> <span class='ocrx_word' id='word_1_121' title='bbox 309 1089 390 1142; x_wconf 84' lang='lat' dir='ltr'>deute</span> <span class='ocrx_word' id='word_1_122' title='bbox 420 1087 593 1142; x_wconf 78' lang='lat' dir='ltr'>ecclrtdatur.</span> <span class='ocrx_word' id='word_1_123' title='bbox 642 1085 777 1140; x_wconf 79' lang='lat' dir='ltr'>Viderunt</span> <span class='ocrx_word' id='word_1_124' title='bbox 805 1085 912 1139; x_wconf 78' lang='lat' dir='ltr'>ecdicet</span> <span class='ocrx_word' id='word_1_125' title='bbox 938 1084 1064 1138; x_wconf 78' lang='lat' dir='ltr'>iomiuea</span> <span class='ocrx_word' id='word_1_126' title='bbox 1088 1085 1154 1139; x_wconf 87' lang='lat' dir='ltr'>ximi</span> <span class='ocrx_word' id='word_1_127' title='bbox 1176 1085 1372 1142; x_wconf 87' lang='lat' dir='ltr'>dehortaturus</span> <span class='ocrx_word' id='word_1_128' title='bbox 1391 1086 1471 1141; x_wconf 89' lang='lat' dir='ltr'>addit</span> <span class='ocrx_word' id='word_1_129' title='bbox 1489 1085 1560 1140; x_wconf 87' lang='lat' dir='ltr'>hanc</span> <span class='ocrx_word' id='word_1_130' title='bbox 1579 1084 1728 1139; x_wconf 87' lang='lat' dir='ltr'>rationem:</span> <span class='ocrx_word' id='word_1_131' title='bbox 1749 1084 1785 1136; x_wconf 83' lang='lat' dir='ltr'>In</span> <span class='ocrx_word' id='word_1_132' title='bbox 1805 1101 1861 1151; x_wconf 79' lang='lat' dir='ltr'>quo</span> <span class='ocrx_word' id='word_1_133' title='bbox 1875 1082 1925 1150; x_wconf 83' lang='lat' dir='ltr'>ju·</span> 
     </span>
     <span class='ocr_line' id='line_1_11' title="bbox 228 1169 1926 1244; baseline -0.004 -17"><span class='ocrx_word' id='word_1_134' title='bbox 228 1176 398 1244; x_wconf 82' lang='lat' dir='ltr'>prudentae,</span> <span class='ocrx_word' id='word_1_135' title='bbox 425 1175 536 1227; x_wconf 89' lang='lat' dir='ltr'>modum</span> <span class='ocrx_word' id='word_1_136' title='bbox 555 1172 639 1225; x_wconf 78' lang='lat' dir='ltr'>ictum</span> <span class='ocrx_word' id='word_1_137' title='bbox 662 1172 820 1226; x_wconf 69' lang='lat' dir='ltr'>ulcebceudi</span> <span class='ocrx_word' id='word_1_138' title='bbox 837 1172 961 1241; x_wconf 80' lang='lat' dir='ltr'>iujuriae</span> <span class='ocrx_word' id='word_1_139' title='bbox 980 1169 1063 1223; x_wconf 84' lang='lat' dir='ltr'>nimia</span> <span class='ocrx_word' id='word_1_140' title='bbox 1089 1173 1163 1225; x_wconf 87' lang='lat' dir='ltr'>dicio</span> <span class='ocrx_word' id='word_1_141' title='bbox 1181 1173 1388 1242; x_wconf 69' lang='lat' dir='ltr'>iudicaveritis,</span> <span class='ocrx_word' id='word_1_142' title='bbox 1402 1170 1613 1242; x_wconf 76' lang='lat' dir='ltr'>judicabimini,</span> <span class='ocrx_word' id='word_1_143' title='bbox 1632 1179 1657 1225; x_wconf 87' lang='lat' dir='ltr'>et</span> <span class='ocrx_word' id='word_1_144' title='bbox 1678 1172 1706 1223; x_wconf 83' lang='lat' dir='ltr'>iu</span> <span class='ocrx_word' id='word_1_145' title='bbox 1719 1187 1775 1239; x_wconf 84' lang='lat' dir='ltr'>que</span> <span class='ocrx_word' id='word_1_146' title='bbox 1794 1185 1926 1222; x_wconf 71' lang='lat' dir='ltr'>mensura</span> 
     </span>
     <span class='ocr_line' id='line_1_12' title="bbox 231 1255 1925 1330; baseline -0.002 -17"><span class='ocrx_word' id='word_1_147' title='bbox 231 1276 289 1314; x_wconf 78' lang='lat' dir='ltr'>erae</span> <span class='ocrx_word' id='word_1_148' title='bbox 309 1260 417 1315; x_wconf 76' lang='lat' dir='ltr'>dominc</span> <span class='ocrx_word' id='word_1_149' title='bbox 437 1266 546 1314; x_wconf 79' lang='lat' dir='ltr'>cenacto</span> <span class='ocrx_word' id='word_1_150' title='bbox 574 1267 599 1312; x_wconf 87' lang='lat' dir='ltr'>et</span> <span class='ocrx_word' id='word_1_151' title='bbox 626 1261 743 1313; x_wconf 85' lang='lat' dir='ltr'>cordato</span> <span class='ocrx_word' id='word_1_152' title='bbox 771 1259 922 1327; x_wconf 66' lang='lat' dir='ltr'>indiguum.</span> <span class='ocrx_word' id='word_1_153' title='bbox 962 1255 1062 1310; x_wconf 79' lang='lat' dir='ltr'>Indui-</span> <span class='ocrx_word' id='word_1_154' title='bbox 1089 1257 1178 1311; x_wconf 83' lang='lat' dir='ltr'>menei</span> <span class='ocrx_word' id='word_1_155' title='bbox 1199 1259 1331 1330; x_wconf 71' lang='lat' dir='ltr'>fueritis,</span> <span class='ocrx_word' id='word_1_156' title='bbox 1364 1259 1522 1313; x_wconf 77' lang='lat' dir='ltr'>remetietur</span> <span class='ocrx_word' id='word_1_157' title='bbox 1547 1258 1634 1313; x_wconf 78' lang='lat' dir='ltr'>nobie.</span> <span class='ocrx_word' id='word_1_158' title='bbox 1672 1256 1737 1311; x_wconf 84' lang='lat' dir='ltr'>Esa.</span> <span class='ocrx_word' id='word_1_159' title='bbox 1762 1261 1812 1321; x_wconf 80' lang='lat'>³3,</span> <span class='ocrx_word' id='word_1_160' title='bbox 1841 1273 1868 1312; x_wconf 80' lang='lat' dir='ltr'>v.</span> <span class='ocrx_word' id='word_1_161' title='bbox 1898 1260 1925 1309; x_wconf 88' lang='lat' dir='ltr'>l:</span> 
     </span>
     <span class='ocr_line' id='line_1_13' title="bbox 230 1344 1925 1416; baseline -0.004 -16"><span class='ocrx_word' id='word_1_162' title='bbox 230 1348 266 1400; x_wconf 80' lang='lat' dir='ltr'>ait</span> <span class='ocrx_word' id='word_1_163' title='bbox 285 1354 377 1400; x_wconf 87' lang='lat' dir='ltr'>cutem</span> <span class='ocrx_word' id='word_1_164' title='bbox 396 1349 475 1400; x_wconf 81' lang='lat' dir='ltr'>Dcue</span> <span class='ocrx_word' id='word_1_165' title='bbox 494 1346 639 1400; x_wconf 70' lang='lat' dir='ltr'>Israelitia</span> <span class='ocrx_word' id='word_1_166' title='bbox 658 1346 729 1399; x_wconf 76' lang='lat' dir='ltr'>lianc</span> <span class='ocrx_word' id='word_1_167' title='bbox 747 1345 905 1398; x_wconf 84' lang='lat' dir='ltr'>ulciaceudi</span> <span class='ocrx_word' id='word_1_168' title='bbox 915 1345 1061 1406; x_wconf 81' lang='lat' dir='ltr'>rationem,</span> <span class='ocrx_word' id='word_1_169' title='bbox 1094 1344 1227 1413; x_wconf 79' lang='lat' dir='ltr'>Vettidi,</span> <span class='ocrx_word' id='word_1_170' title='bbox 1248 1348 1299 1414; x_wconf 80' lang='lat' dir='ltr'>qui</span> <span class='ocrx_word' id='word_1_171' title='bbox 1307 1347 1474 1416; x_wconf 71' lang='lat' dir='ltr'>praedarii,</span> <span class='ocrx_word' id='word_1_172' title='bbox 1492 1364 1529 1400; x_wconf 85' lang='lat' dir='ltr'>au</span> <span class='ocrx_word' id='word_1_173' title='bbox 1549 1364 1604 1399; x_wconf 84' lang='lat' dir='ltr'>uon</span> <span class='ocrx_word' id='word_1_174' title='bbox 1623 1351 1649 1398; x_wconf 88' lang='lat' dir='ltr'>et</span> <span class='ocrx_word' id='word_1_175' title='bbox 1666 1353 1697 1398; x_wconf 87' lang='lat' dir='ltr'>tu</span> <span class='ocrx_word' id='word_1_176' title='bbox 1712 1344 1854 1413; x_wconf 82' lang='lat' dir='ltr'>praedam</span> <span class='ocrx_word' id='word_1_177' title='bbox 1870 1359 1925 1412; x_wconf 84' lang='lat' dir='ltr'>pu-</span> 
     </span>
     <span class='ocr_line' id='line_1_14' title="bbox 229 1429 1922 1503; baseline -0.002 -17"><span class='ocrx_word' id='word_1_178' title='bbox 229 1441 287 1486; x_wconf 89' lang='lat' dir='ltr'>tum</span> <span class='ocrx_word' id='word_1_179' title='bbox 306 1435 373 1503; x_wconf 88' lang='lat' dir='ltr'>quic</span> <span class='ocrx_word' id='word_1_180' title='bbox 388 1433 528 1503; x_wconf 81' lang='lat' dir='ltr'>populum</span> <span class='ocrx_word' id='word_1_181' title='bbox 548 1434 629 1485; x_wconf 83' lang='lat' dir='ltr'>iatum</span> <span class='ocrx_word' id='word_1_182' title='bbox 649 1432 804 1501; x_wconf 68' lang='lat' dir='ltr'>generatim</span> <span class='ocrx_word' id='word_1_183' title='bbox 829 1431 968 1502; x_wconf 83' lang='lat' dir='ltr'>loquendo</span> <span class='ocrx_word' id='word_1_184' title='bbox 995 1429 1061 1482; x_wconf 82' lang='lat' dir='ltr'>ecie-</span> <span class='ocrx_word' id='word_1_185' title='bbox 1088 1431 1188 1485; x_wconf 70' lang='lat' dir='ltr'>tier-ia!</span> <span class='ocrx_word' id='word_1_186' title='bbox 1204 1449 1265 1485; x_wconf 86' lang='lat' dir='ltr'>cum</span> <span class='ocrx_word' id='word_1_187' title='bbox 1283 1434 1517 1488; x_wconf 78' lang='lat' dir='ltr'>consummaveris</span> <span class='ocrx_word' id='word_1_188' title='bbox 1538 1432 1773 1494; x_wconf 76' lang='lat' dir='ltr'>decertationem,</span> <span class='ocrx_word' id='word_1_189' title='bbox 1793 1432 1922 1484; x_wconf 78' lang='lat' dir='ltr'>devertu-</span> 
     </span>
     <span class='ocr_line' id='line_1_15' title="bbox 230 1515 1924 1589; baseline -0.002 -17"><span class='ocrx_word' id='word_1_190' title='bbox 230 1520 276 1573; x_wconf 77' lang='lat' dir='ltr'>bot</span> <span class='ocrx_word' id='word_1_191' title='bbox 296 1538 354 1574; x_wconf 85' lang='lat' dir='ltr'>esec</span> <span class='ocrx_word' id='word_1_192' title='bbox 370 1520 492 1589; x_wconf 82' lang='lat' dir='ltr'>pueritie</span> <span class='ocrx_word' id='word_1_193' title='bbox 508 1520 615 1587; x_wconf 82' lang='lat' dir='ltr'>judicii</span> <span class='ocrx_word' id='word_1_194' title='bbox 634 1527 661 1573; x_wconf 92' lang='lat' dir='ltr'>et</span> <span class='ocrx_word' id='word_1_195' title='bbox 685 1519 857 1589; x_wconf 76' lang='lat' dir='ltr'>iujuriarum</span> <span class='ocrx_word' id='word_1_196' title='bbox 878 1515 1061 1586; x_wconf 80' lang='lat' dir='ltr'>impatientia·</span> <span class='ocrx_word' id='word_1_197' title='bbox 1088 1518 1170 1573; x_wconf 82' lang='lat' dir='ltr'>beria.</span> <span class='ocrx_word' id='word_1_198' title='bbox 1214 1518 1321 1576; x_wconf 84' lang='lat' dir='ltr'>Haben.</span> <span class='ocrx_word' id='word_1_199' title='bbox 1345 1525 1374 1589; x_wconf 84' lang='lat'>2,</span> <span class='ocrx_word' id='word_1_200' title='bbox 1401 1537 1425 1575; x_wconf 83' lang='lat' dir='ltr'>v.</span> <span class='ocrx_word' id='word_1_201' title='bbox 1451 1524 1481 1575; x_wconf 82' lang='lat'>8:</span> <span class='ocrx_word' id='word_1_202' title='bbox 1514 1518 1588 1583; x_wconf 76' lang='lat' dir='ltr'>Quia</span> <span class='ocrx_word' id='word_1_203' title='bbox 1611 1527 1642 1572; x_wconf 89' lang='lat' dir='ltr'>tu</span> <span class='ocrx_word' id='word_1_204' title='bbox 1664 1518 1797 1589; x_wconf 76' lang='lat' dir='ltr'>apoliceti</span> <span class='ocrx_word' id='word_1_205' title='bbox 1819 1517 1924 1571; x_wconf 81' lang='lat' dir='ltr'>multer</span> 
     </span>
     <span class='ocr_line' id='line_1_16' title="bbox 229 1600 1922 1678; baseline -0.001 -18"><span class='ocrx_word' id='word_1_206' title='bbox 229 1606 337 1673; x_wconf 78' lang='lat' dir='ltr'>simum,</span> <span class='ocrx_word' id='word_1_207' title='bbox 357 1614 415 1659; x_wconf 87' lang='lat' dir='ltr'>tum</span> <span class='ocrx_word' id='word_1_208' title='bbox 434 1607 502 1676; x_wconf 79' lang='lat' dir='ltr'>quia</span> <span class='ocrx_word' id='word_1_209' title='bbox 520 1607 564 1660; x_wconf 87' lang='lat' dir='ltr'>oei</span> <span class='ocrx_word' id='word_1_210' title='bbox 582 1606 635 1659; x_wconf 76' lang='lat' dir='ltr'>linc</span> <span class='ocrx_word' id='word_1_211' title='bbox 653 1606 718 1674; x_wconf 73' lang='lat' dir='ltr'>ipim</span> <span class='ocrx_word' id='word_1_212' title='bbox 735 1600 846 1661; x_wconf 63' lang='lat' dir='ltr'>rueme</span> <span class='ocrx_word' id='word_1_213' title='bbox 870 1603 998 1657; x_wconf 87' lang='lat' dir='ltr'>iudicare</span> <span class='ocrx_word' id='word_1_214' title='bbox 1015 1620 1060 1655; x_wconf 86' lang='lat' dir='ltr'>uo·</span> <span class='ocrx_word' id='word_1_215' title='bbox 1087 1614 1191 1675; x_wconf 74' lang='lat' dir='ltr'>pentec,</span> <span class='ocrx_word' id='word_1_216' title='bbox 1209 1606 1371 1676; x_wconf 62' lang='lat' dir='ltr'>moliebant</span> <span class='ocrx_word' id='word_1_217' title='bbox 1387 1615 1414 1660; x_wconf 88' lang='lat' dir='ltr'>te</span> <span class='ocrx_word' id='word_1_218' title='bbox 1428 1606 1566 1676; x_wconf 82' lang='lat' dir='ltr'>reliquiae</span> <span class='ocrx_word' id='word_1_219' title='bbox 1581 1606 1761 1678; x_wconf 83' lang='lat' dir='ltr'>populorum.</span> <span class='ocrx_word' id='word_1_220' title='bbox 1784 1603 1866 1658; x_wconf 86' lang='lat' dir='ltr'>Prov.</span> <span class='ocrx_word' id='word_1_221' title='bbox 1881 1608 1922 1667; x_wconf 82' lang='lat'>21,</span> 
     </span>
     <span class='ocr_line' id='line_1_17' title="bbox 229 1662 1923 1761; baseline -0.002 -15"><span class='ocrx_word' id='word_1_222' title='bbox 229 1692 297 1761; x_wconf 80' lang='lat' dir='ltr'>tuit,</span> <span class='ocrx_word' id='word_1_223' title='bbox 323 1694 473 1747; x_wconf 84' lang='lat' dir='ltr'>euccederc</span> <span class='ocrx_word' id='word_1_224' title='bbox 492 1693 602 1746; x_wconf 81' lang='lat' dir='ltr'>omuino</span> <span class='ocrx_word' id='word_1_225' title='bbox 627 1693 726 1747; x_wconf 81' lang='lat' dir='ltr'>debere</span> <span class='ocrx_word' id='word_1_226' title='bbox 751 1691 949 1746; x_wconf 67' lang='lat' dir='ltr'>correctionem</span> <span class='ocrx_word' id='word_1_227' title='bbox 971 1662 1113 1757; x_wconf 66' lang='lat' dir='ltr'>ipsimlv.</span> <span class='ocrx_word' id='word_1_228' title='bbox 1133 1696 1179 1746; x_wconf 80' lang='lat'>13:</span> <span class='ocrx_word' id='word_1_229' title='bbox 1208 1692 1349 1746; x_wconf 80' lang='lat' dir='ltr'>Obturoue</span> <span class='ocrx_word' id='word_1_230' title='bbox 1375 1709 1471 1746; x_wconf 84' lang='lat' dir='ltr'>aurem</span> <span class='ocrx_word' id='word_1_231' title='bbox 1495 1710 1575 1745; x_wconf 80' lang='lat' dir='ltr'>auam</span> <span class='ocrx_word' id='word_1_232' title='bbox 1599 1709 1617 1743; x_wconf 89' lang='lat' dir='ltr'>c</span> <span class='ocrx_word' id='word_1_233' title='bbox 1636 1692 1759 1745; x_wconf 87' lang='lat' dir='ltr'>clamere</span> <span class='ocrx_word' id='word_1_234' title='bbox 1775 1690 1923 1760; x_wconf 78' lang='lat' dir='ltr'>pauperis,</span> 
     </span>
     <span class='ocr_line' id='line_1_18' title="bbox 229 1775 1922 1851; baseline -0.002 -17"><span class='ocrx_word' id='word_1_235' title='bbox 229 1778 310 1848; x_wconf 70' lang='lat' dir='ltr'>lepis.</span> <span class='ocrx_word' id='word_1_236' title='bbox 346 1779 402 1836; x_wconf 89' lang='lat' dir='ltr'>Sed</span> <span class='ocrx_word' id='word_1_237' title='bbox 425 1781 590 1851; x_wconf 80' lang='lat' dir='ltr'>opponimus</span> <span class='ocrx_word' id='word_1_238' title='bbox 613 1778 779 1835; x_wconf 85' lang='lat' dir='ltr'>Scbmaltzio</span> <span class='ocrx_word' id='word_1_239' title='bbox 808 1786 827 1834; x_wconf 92' lang='lat' dir='ltr'>l.</span> <span class='ocrx_word' id='word_1_240' title='bbox 854 1777 954 1830; x_wconf 85' lang='lat' dir='ltr'>summi</span> <span class='ocrx_word' id='word_1_241' title='bbox 977 1776 1060 1846; x_wconf 69' lang='lat' dir='ltr'>lepte·</span> <span class='ocrx_word' id='word_1_242' title='bbox 1089 1777 1172 1830; x_wconf 86' lang='lat' dir='ltr'>ctiam</span> <span class='ocrx_word' id='word_1_243' title='bbox 1192 1778 1252 1848; x_wconf 81' lang='lat' dir='ltr'>ipse</span> <span class='ocrx_word' id='word_1_244' title='bbox 1270 1778 1420 1848; x_wconf 80' lang='lat' dir='ltr'>clamabit,</span> <span class='ocrx_word' id='word_1_245' title='bbox 1451 1787 1477 1833; x_wconf 90' lang='lat' dir='ltr'>et</span> <span class='ocrx_word' id='word_1_246' title='bbox 1494 1796 1548 1830; x_wconf 83' lang='lat' dir='ltr'>uon</span> <span class='ocrx_word' id='word_1_247' title='bbox 1576 1779 1751 1832; x_wconf 76' lang='lat' dir='ltr'>exaudietur.</span> <span class='ocrx_word' id='word_1_248' title='bbox 1793 1775 1858 1846; x_wconf 87' lang='lat' dir='ltr'>Sap.</span> <span class='ocrx_word' id='word_1_249' title='bbox 1882 1780 1922 1839; x_wconf 90' lang='lat' dir='ltr'>ll,</span> 
     </span>
     <span class='ocr_line' id='line_1_19' title="bbox 230 1861 1924 1937; baseline -0.001 -17"><span class='ocrx_word' id='word_1_250' title='bbox 230 1866 330 1921; x_wconf 83' lang='lat' dir='ltr'>interis</span> <span class='ocrx_word' id='word_1_251' title='bbox 359 1867 526 1937; x_wconf 80' lang='lat' dir='ltr'>capientium</span> <span class='ocrx_word' id='word_1_252' title='bbox 554 1876 579 1921; x_wconf 86' lang='lat' dir='ltr'>et</span> <span class='ocrx_word' id='word_1_253' title='bbox 601 1868 756 1935; x_wconf 71' lang='lat' dir='ltr'>justitiam.</span> <span class='ocrx_word' id='word_1_254' title='bbox 794 1864 868 1931; x_wconf 84' lang='lat' dir='ltr'>Quia</span> <span class='ocrx_word' id='word_1_255' title='bbox 894 1863 966 1919; x_wconf 90' lang='lat' dir='ltr'>euim</span> <span class='ocrx_word' id='word_1_256' title='bbox 992 1861 1060 1916; x_wconf 87' lang='lat' dir='ltr'>haec</span> <span class='ocrx_word' id='word_1_257' title='bbox 1087 1880 1113 1919; x_wconf 85' lang='lat' dir='ltr'>v.</span> <span class='ocrx_word' id='word_1_258' title='bbox 1138 1869 1179 1918; x_wconf 79' lang='lat'>17:</span> <span class='ocrx_word' id='word_1_259' title='bbox 1198 1865 1255 1918; x_wconf 84' lang='lat' dir='ltr'>Per</span> <span class='ocrx_word' id='word_1_260' title='bbox 1275 1881 1347 1935; x_wconf 79' lang='lat' dir='ltr'>quae</span> <span class='ocrx_word' id='word_1_261' title='bbox 1364 1865 1427 1935; x_wconf 85' lang='lat' dir='ltr'>quis</span> <span class='ocrx_word' id='word_1_262' title='bbox 1440 1871 1554 1936; x_wconf 86' lang='lat' dir='ltr'>peccat,</span> <span class='ocrx_word' id='word_1_263' title='bbox 1580 1880 1633 1933; x_wconf 85' lang='lat' dir='ltr'>per</span> <span class='ocrx_word' id='word_1_264' title='bbox 1652 1865 1750 1917; x_wconf 88' lang='lat' dir='ltr'>eedem</span> <span class='ocrx_word' id='word_1_265' title='bbox 1767 1870 1924 1932; x_wconf 76' lang='lat' dir='ltr'>torquetur.</span> 
     </span>
     <span class='ocr_line' id='line_1_20' title="bbox 229 1949 1924 2024; baseline -0.001 -19"><span class='ocrx_word' id='word_1_266' title='bbox 229 1951 273 2007; x_wconf 90' lang='lat' dir='ltr'>lex</span> <span class='ocrx_word' id='word_1_267' title='bbox 300 1952 411 2007; x_wconf 86' lang='lat' dir='ltr'>talionis</span> <span class='ocrx_word' id='word_1_268' title='bbox 440 1952 535 2007; x_wconf 86' lang='lat' dir='ltr'>aDeo</span> <span class='ocrx_word' id='word_1_269' title='bbox 559 1951 762 2024; x_wconf 85' lang='lat' dir='ltr'>sapientissimo</span> <span class='ocrx_word' id='word_1_270' title='bbox 786 1959 814 2005; x_wconf 89' lang='lat' dir='ltr'>et</span> <span class='ocrx_word' id='word_1_271' title='bbox 834 1949 987 2020; x_wconf 87' lang='lat' dir='ltr'>justissimo</span> <span class='ocrx_word' id='word_1_272' title='bbox 1011 1965 1061 2019; x_wconf 87' lang='lat' dir='ltr'>per</span> <span class='ocrx_word' id='word_1_273' title='bbox 1087 1950 1175 2021; x_wconf 91' lang='lat' dir='ltr'>Apoc.</span> <span class='ocrx_word' id='word_1_274' title='bbox 1193 1957 1217 2015; x_wconf 83' lang='lat'>3,</span> <span class='ocrx_word' id='word_1_275' title='bbox 1235 1969 1260 2006; x_wconf 83' lang='lat' dir='ltr'>v.</span> <span class='ocrx_word' id='word_1_276' title='bbox 1282 1958 1326 2008; x_wconf 88' lang='lat' dir='ltr'>1o:</span> <span class='ocrx_word' id='word_1_277' title='bbox 1349 1952 1404 2015; x_wconf 83' lang='lat' dir='ltr'>Qui</span> <span class='ocrx_word' id='word_1_278' title='bbox 1419 1953 1450 2006; x_wconf 85' lang='lat' dir='ltr'>iu</span> <span class='ocrx_word' id='word_1_279' title='bbox 1470 1952 1659 2021; x_wconf 85' lang='lat' dir='ltr'>captivitatem</span> <span class='ocrx_word' id='word_1_280' title='bbox 1677 1951 1805 2018; x_wconf 80' lang='lat' dir='ltr'>duxerit,</span> <span class='ocrx_word' id='word_1_281' title='bbox 1829 1951 1859 2003; x_wconf 84' lang='lat' dir='ltr'>iu</span> <span class='ocrx_word' id='word_1_282' title='bbox 1877 1968 1924 2003; x_wconf 89' lang='lat' dir='ltr'>ce·</span> 
     </span>
     <span class='ocr_line' id='line_1_21' title="bbox 225 2034 1923 2115; baseline -0.002 -21"><span class='ocrx_word' id='word_1_283' title='bbox 225 2038 347 2115; x_wconf 24' lang='lat' dir='ltr'>&#39;Moysen</span> <span class='ocrx_word' id='word_1_284' title='bbox 366 2044 407 2095; x_wconf 87' lang='lat' dir='ltr'>cst</span> <span class='ocrx_word' id='word_1_285' title='bbox 424 2039 614 2110; x_wconf 88' lang='lat' dir='ltr'>promulgata,</span> <span class='ocrx_word' id='word_1_286' title='bbox 644 2039 706 2093; x_wconf 89' lang='lat' dir='ltr'>ideo</span> <span class='ocrx_word' id='word_1_287' title='bbox 730 2039 764 2094; x_wconf 90' lang='lat' dir='ltr'>de</span> <span class='ocrx_word' id='word_1_288' title='bbox 789 2039 849 2109; x_wconf 89' lang='lat' dir='ltr'>ejus</span> <span class='ocrx_word' id='word_1_289' title='bbox 872 2037 1012 2106; x_wconf 82' lang='lat' dir='ltr'>aequitate</span> <span class='ocrx_word' id='word_1_290' title='bbox 1031 2034 1060 2088; x_wconf 87' lang='lat' dir='ltr'>in</span> <span class='ocrx_word' id='word_1_291' title='bbox 1085 2037 1246 2105; x_wconf 72' lang='lat' dir='ltr'>pti-itatem</span> <span class='ocrx_word' id='word_1_292' title='bbox 1270 2040 1362 2108; x_wconf 84' lang='lat' dir='ltr'>eadit,</span> <span class='ocrx_word' id='word_1_293' title='bbox 1389 2041 1439 2110; x_wconf 83' lang='lat' dir='ltr'>qui</span> <span class='ocrx_word' id='word_1_294' title='bbox 1461 2040 1491 2092; x_wconf 86' lang='lat' dir='ltr'>iu</span> <span class='ocrx_word' id='word_1_295' title='bbox 1514 2039 1613 2107; x_wconf 76' lang='lat' dir='ltr'>plodio</span> <span class='ocrx_word' id='word_1_296' title='bbox 1639 2038 1788 2106; x_wconf 80' lang='lat' dir='ltr'>occiderit,</span> <span class='ocrx_word' id='word_1_297' title='bbox 1815 2044 1923 2106; x_wconf 80' lang='lat' dir='ltr'>oportet</span> 
     </span>
     <span class='ocr_line' id='line_1_22' title="bbox 229 2120 1922 2198; baseline -0.003 -18"><span class='ocrx_word' id='word_1_298' title='bbox 229 2123 383 2180; x_wconf 72' lang='lat' dir='ltr'>israelitica</span> <span class='ocrx_word' id='word_1_299' title='bbox 411 2124 553 2197; x_wconf 84' lang='lat' dir='ltr'>republica</span> <span class='ocrx_word' id='word_1_300' title='bbox 579 2124 700 2181; x_wconf 84' lang='lat' dir='ltr'>dubitari</span> <span class='ocrx_word' id='word_1_301' title='bbox 727 2125 787 2180; x_wconf 89' lang='lat' dir='ltr'>aine</span> <span class='ocrx_word' id='word_1_302' title='bbox 816 2120 1060 2195; x_wconf 84' lang='lat' dir='ltr'>praevaricationis</span> <span class='ocrx_word' id='word_1_303' title='bbox 1088 2142 1147 2178; x_wconf 77' lang='lat' dir='ltr'>euin</span> <span class='ocrx_word' id='word_1_304' title='bbox 1170 2126 1199 2177; x_wconf 84' lang='lat' dir='ltr'>in</span> <span class='ocrx_word' id='word_1_305' title='bbox 1218 2126 1318 2195; x_wconf 68' lang='lat' dir='ltr'>giudic</span> <span class='ocrx_word' id='word_1_306' title='bbox 1332 2127 1431 2184; x_wconf 87' lang='lat' dir='ltr'>occidi.</span> <span class='ocrx_word' id='word_1_307' title='bbox 1459 2127 1648 2198; x_wconf 83' lang='lat' dir='ltr'>Apoc.18,v.</span> <span class='ocrx_word' id='word_1_308' title='bbox 1668 2131 1701 2180; x_wconf 83' lang='lat'>6:</span> <span class='ocrx_word' id='word_1_309' title='bbox 1723 2125 1846 2179; x_wconf 80' lang='lat' dir='ltr'>Reddite</span> <span class='ocrx_word' id='word_1_310' title='bbox 1868 2124 1922 2192; x_wconf 81' lang='lat' dir='ltr'>iiii,</span> 
     </span>
     <span class='ocr_line' id='line_1_23' title="bbox 229 2208 1922 2282; baseline -0.001 -18"><span class='ocrx_word' id='word_1_311' title='bbox 229 2209 344 2265; x_wconf 88' lang='lat' dir='ltr'>crimine</span> <span class='ocrx_word' id='word_1_312' title='bbox 363 2211 469 2282; x_wconf 84' lang='lat' dir='ltr'>nequit.</span> <span class='ocrx_word' id='word_1_313' title='bbox 506 2212 621 2266; x_wconf 84' lang='lat' dir='ltr'>Denter.</span> <span class='ocrx_word' id='word_1_314' title='bbox 641 2217 665 2280; x_wconf 80' lang='lat' dir='ltr'>t,</span> <span class='ocrx_word' id='word_1_315' title='bbox 692 2228 717 2267; x_wconf 83' lang='lat' dir='ltr'>v.</span> <span class='ocrx_word' id='word_1_316' title='bbox 745 2216 769 2266; x_wconf 87' lang='grc'>8.</span> <span class='ocrx_word' id='word_1_317' title='bbox 808 2208 911 2273; x_wconf 78' lang='lat' dir='ltr'>Quodsi</span> <span class='ocrx_word' id='word_1_318' title='bbox 934 2208 979 2263; x_wconf 84' lang='lat' dir='ltr'>vel</span> <span class='ocrx_word' id='word_1_319' title='bbox 1003 2223 1058 2261; x_wconf 90' lang='lat' dir='ltr'>ma·</span> <span class='ocrx_word' id='word_1_320' title='bbox 1087 2212 1160 2264; x_wconf 84' lang='lat' dir='ltr'>aicut</span> <span class='ocrx_word' id='word_1_321' title='bbox 1187 2212 1250 2282; x_wconf 75' lang='lat' dir='ltr'>ipsa</span> <span class='ocrx_word' id='word_1_322' title='bbox 1272 2214 1401 2267; x_wconf 84' lang='lat' dir='ltr'>reddidit</span> <span class='ocrx_word' id='word_1_323' title='bbox 1424 2215 1508 2269; x_wconf 81' lang='lat' dir='ltr'>nobie.</span> <span class='ocrx_word' id='word_1_324' title='bbox 1550 2215 1668 2267; x_wconf 83' lang='lat' dir='ltr'>Fratrce</span> <span class='ocrx_word' id='word_1_325' title='bbox 1692 2211 1815 2281; x_wconf 77' lang='lat' dir='ltr'>decepti</span> <span class='ocrx_word' id='word_1_326' title='bbox 1837 2226 1922 2281; x_wconf 88' lang='lat' dir='ltr'>agno·</span> 
     </span>
     <span class='ocr_line' id='line_1_24' title="bbox 228 2291 1922 2369; baseline -0.002 -18"><span class='ocrx_word' id='word_1_327' title='bbox 228 2296 301 2351; x_wconf 89' lang='lat' dir='ltr'>xime</span> <span class='ocrx_word' id='word_1_328' title='bbox 318 2296 388 2352; x_wconf 89' lang='lat' dir='ltr'>haec</span> <span class='ocrx_word' id='word_1_329' title='bbox 407 2297 451 2352; x_wconf 88' lang='lat' dir='ltr'>lex</span> <span class='ocrx_word' id='word_1_330' title='bbox 470 2296 580 2352; x_wconf 87' lang='lat' dir='ltr'>talionis</span> <span class='ocrx_word' id='word_1_331' title='bbox 598 2297 626 2351; x_wconf 93' lang='lat' dir='ltr'>in</span> <span class='ocrx_word' id='word_1_332' title='bbox 644 2294 919 2366; x_wconf 84' lang='lat' dir='ltr'>aliiareburpublicis</span> <span class='ocrx_word' id='word_1_333' title='bbox 937 2291 1060 2365; x_wconf 85' lang='lat' dir='ltr'>praeciae</span> <span class='ocrx_word' id='word_1_334' title='bbox 1088 2305 1169 2351; x_wconf 84' lang='lat' dir='ltr'>scunt</span> <span class='ocrx_word' id='word_1_335' title='bbox 1186 2298 1258 2354; x_wconf 90' lang='lat' dir='ltr'>banc</span> <span class='ocrx_word' id='word_1_336' title='bbox 1275 2298 1386 2355; x_wconf 90' lang='lat' dir='ltr'>talionis</span> <span class='ocrx_word' id='word_1_337' title='bbox 1405 2315 1530 2369; x_wconf 90' lang='lat' dir='ltr'>poenam.</span> <span class='ocrx_word' id='word_1_338' title='bbox 1551 2298 1620 2354; x_wconf 85' lang='lat' dir='ltr'>Gen.</span> <span class='ocrx_word' id='word_1_339' title='bbox 1645 2304 1695 2368; x_wconf 83' lang='lat'>42,</span> <span class='ocrx_word' id='word_1_340' title='bbox 1722 2317 1747 2353; x_wconf 85' lang='lat' dir='ltr'>v.</span> <span class='ocrx_word' id='word_1_341' title='bbox 1768 2303 1818 2354; x_wconf 81' lang='lat'>21:</span> <span class='ocrx_word' id='word_1_342' title='bbox 1853 2298 1922 2349; x_wconf 83' lang='lat' dir='ltr'>Vere</span> 
     </span>
     <span class='ocr_line' id='line_1_25' title="bbox 229 2380 1922 2455; baseline -0.002 -17"><span class='ocrx_word' id='word_1_343' title='bbox 229 2382 369 2439; x_wconf 80' lang='lat' dir='ltr'>observari</span> <span class='ocrx_word' id='word_1_344' title='bbox 389 2401 444 2438; x_wconf 93' lang='lat' dir='ltr'>non</span> <span class='ocrx_word' id='word_1_345' title='bbox 462 2392 556 2455; x_wconf 90' lang='lat' dir='ltr'>posset</span> <span class='ocrx_word' id='word_1_346' title='bbox 573 2385 617 2440; x_wconf 88' lang='lat' dir='ltr'>vel</span> <span class='ocrx_word' id='word_1_347' title='bbox 636 2383 757 2448; x_wconf 83' lang='lat' dir='ltr'>deberet,</span> <span class='ocrx_word' id='word_1_348' title='bbox 776 2386 869 2437; x_wconf 82' lang='lat' dir='ltr'>tamen</span> <span class='ocrx_word' id='word_1_349' title='bbox 889 2383 918 2436; x_wconf 90' lang='lat' dir='ltr'>in</span> <span class='ocrx_word' id='word_1_350' title='bbox 940 2380 1061 2437; x_wconf 85' lang='lat' dir='ltr'>Judaica</span> <span class='ocrx_word' id='word_1_351' title='bbox 1089 2384 1258 2454; x_wconf 79' lang='lat' dir='ltr'>deliquimus</span> <span class='ocrx_word' id='word_1_352' title='bbox 1276 2394 1374 2440; x_wconf 83' lang='lat' dir='ltr'>contra</span> <span class='ocrx_word' id='word_1_353' title='bbox 1390 2386 1513 2452; x_wconf 74' lang='lat' dir='ltr'>fratrem</span> <span class='ocrx_word' id='word_1_354' title='bbox 1531 2394 1670 2449; x_wconf 80' lang='lat' dir='ltr'>acetrum,</span> <span class='ocrx_word' id='word_1_355' title='bbox 1695 2387 1773 2454; x_wconf 85' lang='lat' dir='ltr'>quod</span> <span class='ocrx_word' id='word_1_356' title='bbox 1800 2383 1922 2438; x_wconf 81' lang='lat' dir='ltr'>uidimus</span> 
     </span>
     <span class='ocr_line' id='line_1_26' title="bbox 227 2466 1922 2542; baseline -0.001 -18"><span class='ocrx_word' id='word_1_357' title='bbox 227 2467 327 2540; x_wconf 88' lang='lat' dir='ltr'>politia</span> <span class='ocrx_word' id='word_1_358' title='bbox 344 2470 398 2525; x_wconf 85' lang='lat' dir='ltr'>fuit</span> <span class='ocrx_word' id='word_1_359' title='bbox 412 2469 569 2540; x_wconf 75' lang='lat' dir='ltr'>justissima</span> <span class='ocrx_word' id='word_1_360' title='bbox 587 2477 616 2524; x_wconf 90' lang='lat' dir='ltr'>et</span> <span class='ocrx_word' id='word_1_361' title='bbox 639 2467 820 2541; x_wconf 80' lang='lat' dir='ltr'>aequissima,</span> <span class='ocrx_word' id='word_1_362' title='bbox 848 2473 944 2538; x_wconf 88' lang='lat' dir='ltr'>utpote</span> <span class='ocrx_word' id='word_1_363' title='bbox 964 2483 981 2521; x_wconf 86' lang='lat' dir='ltr'>a</span> <span class='ocrx_word' id='word_1_364' title='bbox 1000 2466 1060 2520; x_wconf 86' lang='lat' dir='ltr'>Deo</span> <span class='ocrx_word' id='word_1_365' title='bbox 1089 2473 1248 2542; x_wconf 61' lang='lat' dir='ltr'>augustiam</span> <span class='ocrx_word' id='word_1_366' title='bbox 1268 2474 1378 2527; x_wconf 85' lang='lat' dir='ltr'>animae</span> <span class='ocrx_word' id='word_1_367' title='bbox 1396 2473 1471 2542; x_wconf 71' lang='lat' dir='ltr'>ejece,</span> <span class='ocrx_word' id='word_1_368' title='bbox 1497 2474 1564 2526; x_wconf 88' lang='lat' dir='ltr'>dum</span> <span class='ocrx_word' id='word_1_369' title='bbox 1584 2474 1784 2542; x_wconf 79' lang='lat' dir='ltr'>deprecaretur</span> <span class='ocrx_word' id='word_1_370' title='bbox 1803 2488 1868 2538; x_wconf 83' lang='lat' dir='ltr'>uoe,</span> <span class='ocrx_word' id='word_1_371' title='bbox 1897 2478 1922 2523; x_wconf 89' lang='lat' dir='ltr'>et</span> 
     </span>
     <span class='ocr_line' id='line_1_27' title="bbox 228 2550 1921 2629; baseline 0 -18"><span class='ocrx_word' id='word_1_372' title='bbox 228 2555 432 2627; x_wconf 83' lang='lat' dir='ltr'>sapientissimo</span> <span class='ocrx_word' id='word_1_373' title='bbox 460 2562 489 2611; x_wconf 89' lang='lat' dir='ltr'>et</span> <span class='ocrx_word' id='word_1_374' title='bbox 508 2555 662 2626; x_wconf 88' lang='lat' dir='ltr'>justissimo</span> <span class='ocrx_word' id='word_1_375' title='bbox 687 2553 820 2627; x_wconf 83' lang='lat' dir='ltr'>proiecta</span> <span class='ocrx_word' id='word_1_376' title='bbox 854 2553 965 2609; x_wconf 86' lang='lat' dir='ltr'>Etenim</span> <span class='ocrx_word' id='word_1_377' title='bbox 983 2551 1007 2606; x_wconf 85' lang='lat' dir='ltr'>ai</span> <span class='ocrx_word' id='word_1_378' title='bbox 1026 2550 1062 2605; x_wconf 88' lang='lat' dir='ltr'>de</span> <span class='ocrx_word' id='word_1_379' title='bbox 1088 2574 1144 2610; x_wconf 82' lang='lat' dir='ltr'>uon</span> <span class='ocrx_word' id='word_1_380' title='bbox 1164 2560 1332 2629; x_wconf 71' lang='lat' dir='ltr'>audivimus,</span> <span class='ocrx_word' id='word_1_381' title='bbox 1350 2560 1458 2613; x_wconf 84' lang='lat' dir='ltr'>ideirco</span> <span class='ocrx_word' id='word_1_382' title='bbox 1475 2559 1550 2614; x_wconf 83' lang='lat' dir='ltr'>veuit</span> <span class='ocrx_word' id='word_1_383' title='bbox 1567 2561 1610 2613; x_wconf 86' lang='lat' dir='ltr'>ed</span> <span class='ocrx_word' id='word_1_384' title='bbox 1627 2576 1678 2612; x_wconf 83' lang='lat' dir='ltr'>uoe</span> <span class='ocrx_word' id='word_1_385' title='bbox 1697 2556 1829 2626; x_wconf 71' lang='lat' dir='ltr'>augustia</span> <span class='ocrx_word' id='word_1_386' title='bbox 1844 2558 1921 2611; x_wconf 76' lang='lat' dir='ltr'>iaec.</span> 
     </span>
     <span class='ocr_line' id='line_1_28' title="bbox 232 2637 1921 2717; baseline 0 -20"><span class='ocrx_word' id='word_1_387' title='bbox 232 2639 361 2697; x_wconf 87' lang='lat' dir='ltr'>humanis</span> <span class='ocrx_word' id='word_1_388' title='bbox 378 2642 487 2714; x_wconf 81' lang='lat' dir='ltr'>legibue</span> <span class='ocrx_word' id='word_1_389' title='bbox 509 2658 604 2696; x_wconf 84' lang='lat' dir='ltr'>verum</span> <span class='ocrx_word' id='word_1_390' title='bbox 624 2648 666 2697; x_wconf 87' lang='lat' dir='ltr'>eat</span> <span class='ocrx_word' id='word_1_391' title='bbox 685 2640 754 2697; x_wconf 90' lang='lat' dir='ltr'>illud</span> <span class='ocrx_word' id='word_1_392' title='bbox 774 2640 925 2712; x_wconf 73' lang='lat' dir='ltr'>Augustini</span> <span class='ocrx_word' id='word_1_393' title='bbox 949 2637 1011 2693; x_wconf 85' lang='lat' dir='ltr'>libr.</span> <span class='ocrx_word' id='word_1_394' title='bbox 1027 2637 1062 2692; x_wconf 87' lang='lat' dir='ltr'>de</span> <span class='ocrx_word' id='word_1_395' title='bbox 1089 2642 1206 2698; x_wconf 79' lang='lat' dir='ltr'>Pteron</span> <span class='ocrx_word' id='word_1_396' title='bbox 1233 2643 1422 2701; x_wconf 73' lang='lat' dir='ltr'>israelitarum</span> <span class='ocrx_word' id='word_1_397' title='bbox 1446 2645 1575 2717; x_wconf 79' lang='lat' dir='ltr'>parvulos</span> <span class='ocrx_word' id='word_1_398' title='bbox 1601 2644 1630 2698; x_wconf 94' lang='lat' dir='ltr'>in</span> <span class='ocrx_word' id='word_1_399' title='bbox 1652 2643 1836 2715; x_wconf 85' lang='lat' dir='ltr'>profluentem</span> <span class='ocrx_word' id='word_1_400' title='bbox 1860 2659 1921 2713; x_wconf 88' lang='lat' dir='ltr'>pro·</span> 
     </span>
     <span class='ocr_line' id='line_1_29' title="bbox 230 2726 1922 2803; baseline 0.001 -21"><span class='ocrx_word' id='word_1_401' title='bbox 230 2745 297 2784; x_wconf 83' lang='lat' dir='ltr'>vera</span> <span class='ocrx_word' id='word_1_402' title='bbox 315 2728 391 2801; x_wconf 81' lang='lat' dir='ltr'>relig.</span> <span class='ocrx_word' id='word_1_403' title='bbox 410 2746 471 2801; x_wconf 87' lang='lat' dir='ltr'>cap.</span> <span class='ocrx_word' id='word_1_404' title='bbox 495 2735 536 2785; x_wconf 85' lang='lat'>31.</span> <span class='ocrx_word' id='word_1_405' title='bbox 565 2729 720 2783; x_wconf 71' lang='lat' dir='ltr'>conutitutis</span> <span class='ocrx_word' id='word_1_406' title='bbox 748 2747 784 2782; x_wconf 87' lang='lat' dir='ltr'>uc</span> <span class='ocrx_word' id='word_1_407' title='bbox 807 2728 932 2798; x_wconf 75' lang='lat' dir='ltr'>firinatie</span> <span class='ocrx_word' id='word_1_408' title='bbox 956 2726 1062 2793; x_wconf 68' lang='lat' dir='ltr'>tepidus</span> <span class='ocrx_word' id='word_1_409' title='bbox 1085 2729 1137 2799; x_wconf 84' lang='lat' dir='ltr'>jici</span> <span class='ocrx_word' id='word_1_410' title='bbox 1153 2731 1256 2801; x_wconf 85' lang='lat' dir='ltr'>jubens</span> <span class='ocrx_word' id='word_1_411' title='bbox 1274 2731 1361 2788; x_wconf 87' lang='lat' dir='ltr'>Exod.</span> <span class='ocrx_word' id='word_1_412' title='bbox 1382 2738 1413 2801; x_wconf 89' lang='lat'>1,</span> <span class='ocrx_word' id='word_1_413' title='bbox 1439 2750 1461 2787; x_wconf 83' lang='lat' dir='ltr'>v.</span> <span class='ocrx_word' id='word_1_414' title='bbox 1480 2738 1522 2789; x_wconf 79' lang='grc'>22.</span> <span class='ocrx_word' id='word_1_415' title='bbox 1540 2732 1570 2786; x_wconf 91' lang='lat' dir='ltr'>in</span> <span class='ocrx_word' id='word_1_416' title='bbox 1588 2731 1666 2803; x_wconf 87' lang='lat' dir='ltr'>aquis</span> <span class='ocrx_word' id='word_1_417' title='bbox 1684 2731 1767 2784; x_wconf 87' lang='lat' dir='ltr'>muria</span> <span class='ocrx_word' id='word_1_418' title='bbox 1785 2729 1863 2784; x_wconf 89' lang='lat' dir='ltr'>rubri</span> <span class='ocrx_word' id='word_1_419' title='bbox 1881 2729 1922 2782; x_wconf 90' lang='lat' dir='ltr'>in·</span> 
     </span>
     <span class='ocr_line' id='line_1_30' title="bbox 231 2809 1921 2887; baseline -0.002 -19"><span class='ocrx_word' id='word_1_420' title='bbox 231 2833 287 2870; x_wconf 77' lang='lat' dir='ltr'>mort</span> <span class='ocrx_word' id='word_1_421' title='bbox 307 2817 342 2871; x_wconf 84' lang='lat' dir='ltr'>de</span> <span class='ocrx_word' id='word_1_422' title='bbox 361 2817 429 2884; x_wconf 82' lang='lat' dir='ltr'>illia,</span> <span class='ocrx_word' id='word_1_423' title='bbox 448 2817 501 2871; x_wconf 83' lang='lat' dir='ltr'>aed</span> <span class='ocrx_word' id='word_1_424' title='bbox 517 2816 667 2869; x_wconf 72' lang='lat' dir='ltr'>secuudum</span> <span class='ocrx_word' id='word_1_425' title='bbox 686 2815 754 2869; x_wconf 82' lang='lat' dir='ltr'>illua</span> <span class='ocrx_word' id='word_1_426' title='bbox 764 2813 966 2884; x_wconf 82' lang='lat' dir='ltr'>judicandum,</span> <span class='ocrx_word' id='word_1_427' title='bbox 986 2809 1062 2883; x_wconf 91' lang='lat' dir='ltr'>quod</span> <span class='ocrx_word' id='word_1_428' title='bbox 1089 2816 1162 2874; x_wconf 71' lang='lat' dir='ltr'>terit,</span> <span class='ocrx_word' id='word_1_429' title='bbox 1200 2819 1244 2874; x_wconf 78' lang='lat' dir='ltr'>De</span> <span class='ocrx_word' id='word_1_430' title='bbox 1263 2820 1439 2874; x_wconf 54' lang='lat' dir='ltr'>Admittam</span> <span class='ocrx_word' id='word_1_431' title='bbox 1457 2820 1524 2875; x_wconf 77' lang='lat' dir='ltr'>Jud,</span> <span class='ocrx_word' id='word_1_432' title='bbox 1547 2828 1574 2887; x_wconf 67' lang='grc' dir='ltr'>ι,</span> <span class='ocrx_word' id='word_1_433' title='bbox 1601 2838 1626 2877; x_wconf 70' lang='lat' dir='ltr'>v,</span> <span class='ocrx_word' id='word_1_434' title='bbox 1646 2823 1667 2873; x_wconf 80' lang='grc'>6,</span> <span class='ocrx_word' id='word_1_435' title='bbox 1695 2824 1724 2873; x_wconf 75' lang='lat' dir='ltr'>et</span> <span class='ocrx_word' id='word_1_436' title='bbox 1756 2824 1780 2872; x_wconf 77' lang='lat'>7,</span> <span class='ocrx_word' id='word_1_437' title='bbox 1807 2816 1921 2871; x_wconf 80' lang='lat' dir='ltr'>dieitur:</span> 
     </span>
     <span class='ocr_line' id='line_1_31' title="bbox 229 2897 1921 2975; baseline -0.005 -11"><span class='ocrx_word' id='word_1_438' title='bbox 229 2899 346 2957; x_wconf 66' lang='grc'><strong>1011111111</strong></span> <span class='ocrx_word' id='word_1_439' title='bbox 367 2907 409 2957; x_wconf 67' lang='lat' dir='ltr'>eti</span> <span class='ocrx_word' id='word_1_440' title='bbox 425 2901 454 2955; x_wconf 89' lang='lat' dir='ltr'>in</span> <span class='ocrx_word' id='word_1_441' title='bbox 469 2901 518 2972; x_wconf 66' lang='lat' dir='ltr'>jus</span> <span class='ocrx_word' id='word_1_442' title='bbox 535 2900 711 2964; x_wconf 60' lang='grc' dir='ltr'><strong>(1110111011Μὶ</strong></span> <span class='ocrx_word' id='word_1_443' title='bbox 730 2904 834 2971; x_wconf 63' lang='lat' dir='ltr'>quanti)</span> <span class='ocrx_word' id='word_1_444' title='bbox 854 2898 942 2970; x_wconf 74' lang='grc' dir='ltr'><strong>11111ςί1</strong></span> <span class='ocrx_word' id='word_1_445' title='bbox 970 2897 1004 2952; x_wconf 79' lang='lat' dir='ltr'>de</span> <span class='ocrx_word' id='word_1_446' title='bbox 1021 2897 1061 2950; x_wconf 72' lang='lat' dir='ltr'>di·</span> <span class='ocrx_word' id='word_1_447' title='bbox 1093 2902 1368 2975; x_wconf 76' lang='lat' dir='ltr'>Coimpreireuderuut</span> <span class='ocrx_word' id='word_1_448' title='bbox 1395 2908 1570 2961; x_wconf 84' lang='lat' dir='ltr'>Adonibeaec</span> <span class='ocrx_word' id='word_1_449' title='bbox 1597 2907 1687 2960; x_wconf 76' lang='lat' dir='ltr'>cuerit</span> <span class='ocrx_word' id='word_1_450' title='bbox 1718 2903 1921 2958; x_wconf 77' lang='lat' dir='ltr'>eummitatibuc</span> 
     </span>
     <span class='ocr_line' id='line_1_32' title="bbox 230 2985 1921 3064; baseline -0.001 -20"><span class='ocrx_word' id='word_1_451' title='bbox 230 2987 302 3044; x_wconf 78' lang='lat' dir='ltr'>vinis</span> <span class='ocrx_word' id='word_1_452' title='bbox 329 2987 439 3060; x_wconf 82' lang='lat' dir='ltr'>legibue</span> <span class='ocrx_word' id='word_1_453' title='bbox 464 2987 534 3042; x_wconf 91' lang='lat' dir='ltr'>illud</span> <span class='ocrx_word' id='word_1_454' title='bbox 559 2985 698 3042; x_wconf 75' lang='lat' dir='ltr'>vmmaime</span> <span class='ocrx_word' id='word_1_455' title='bbox 724 2986 778 3042; x_wconf 89' lang='lat' dir='ltr'>dici</span> <span class='ocrx_word' id='word_1_456' title='bbox 802 2990 912 3059; x_wconf 90' lang='lat' dir='ltr'>potest,</span> <span class='ocrx_word' id='word_1_457' title='bbox 944 3001 1060 3056; x_wconf 85' lang='lat' dir='ltr'>quarum</span> <span class='ocrx_word' id='word_1_458' title='bbox 1088 3008 1220 3045; x_wconf 66' lang='lat' dir='ltr'>manuum</span> <span class='ocrx_word' id='word_1_459' title='bbox 1240 3011 1275 3046; x_wconf 70' lang='lat' dir='ltr'>ac</span> <span class='ocrx_word' id='word_1_460' title='bbox 1289 2997 1398 3064; x_wconf 64' lang='lat' dir='ltr'>pedum</span> <span class='ocrx_word' id='word_1_461' title='bbox 1417 2994 1492 3063; x_wconf 61' lang='lat' dir='ltr'>ejus,</span> <span class='ocrx_word' id='word_1_462' title='bbox 1512 2994 1636 3060; x_wconf 74' lang='lat' dir='ltr'>dicitque</span> <span class='ocrx_word' id='word_1_463' title='bbox 1654 2991 1845 3046; x_wconf 81' lang='lat' dir='ltr'>Adom&#39;beaec:</span> <span class='ocrx_word' id='word_1_464' title='bbox 1862 3006 1921 3059; x_wconf 83' lang='lat' dir='ltr'>ecp-</span> 
     </span>
     <span class='ocr_line' id='line_1_33' title="bbox 227 3071 1921 3150; baseline -0.001 -20"><span class='ocrx_word' id='word_1_465' title='bbox 227 3074 295 3130; x_wconf 86' lang='lat' dir='ltr'>licet</span> <span class='ocrx_word' id='word_1_466' title='bbox 320 3075 486 3147; x_wconf 86' lang='lat' dir='ltr'>quandoque</span> <span class='ocrx_word' id='word_1_467' title='bbox 513 3074 592 3128; x_wconf 91' lang='lat' dir='ltr'>nobis</span> <span class='ocrx_word' id='word_1_468' title='bbox 618 3091 674 3128; x_wconf 91' lang='lat' dir='ltr'>non</span> <span class='ocrx_word' id='word_1_469' title='bbox 697 3080 805 3127; x_wconf 90' lang='lat' dir='ltr'>constet</span> <span class='ocrx_word' id='word_1_470' title='bbox 821 3073 907 3141; x_wconf 87' lang='lat' dir='ltr'>ratio,</span> <span class='ocrx_word' id='word_1_471' title='bbox 933 3071 1061 3126; x_wconf 88' lang='lat' dir='ltr'>dubitare</span> <span class='ocrx_word' id='word_1_472' title='bbox 1089 3079 1218 3147; x_wconf 65' lang='lat' dir='ltr'>tringinta</span> <span class='ocrx_word' id='word_1_473' title='bbox 1240 3097 1318 3147; x_wconf 78' lang='lat' dir='ltr'>repes</span> <span class='ocrx_word' id='word_1_474' title='bbox 1342 3081 1494 3150; x_wconf 82' lang='lat' dir='ltr'>amputetis</span> <span class='ocrx_word' id='word_1_475' title='bbox 1517 3097 1649 3133; x_wconf 81' lang='lat' dir='ltr'>munuum</span> <span class='ocrx_word' id='word_1_476' title='bbox 1675 3095 1709 3131; x_wconf 86' lang='lat' dir='ltr'>cc</span> <span class='ocrx_word' id='word_1_477' title='bbox 1724 3080 1832 3146; x_wconf 83' lang='lat' dir='ltr'>pedum</span> <span class='ocrx_word' id='word_1_478' title='bbox 1850 3094 1921 3128; x_wconf 84' lang='lat' dir='ltr'>eum-</span> 
     </span>
     <span class='ocr_line' id='line_1_34' title="bbox 228 3157 1921 3236; baseline -0.007 -10"><span class='ocrx_word' id='word_1_479' title='bbox 228 3171 322 3217; x_wconf 83' lang='lat' dir='ltr'>tanen</span> <span class='ocrx_word' id='word_1_480' title='bbox 345 3179 401 3217; x_wconf 78' lang='grc'>11011</span> <span class='ocrx_word' id='word_1_481' title='bbox 422 3161 562 3226; x_wconf 87' lang='lat' dir='ltr'>debemus,</span> <span class='ocrx_word' id='word_1_482' title='bbox 582 3160 648 3231; x_wconf 65' lang='lat' dir='ltr'>(inin</span> <span class='ocrx_word' id='word_1_483' title='bbox 668 3159 930 3230; x_wconf 61' lang='lat' dir='ltr'>⁸ini³⁰q¹1i⁸⁵imffl</span> <span class='ocrx_word' id='word_1_484' title='bbox 963 3162 989 3212; x_wconf 74' lang='lat'>2·</span> <span class='ocrx_word' id='word_1_485' title='bbox 1010 3157 1060 3210; x_wconf 70' lang='lat' dir='ltr'>Fl&#39;·</span> <span class='ocrx_word' id='word_1_486' title='bbox 1088 3167 1230 3220; x_wconf 72' lang='lat' dir='ltr'>minorihus</span> <span class='ocrx_word' id='word_1_487' title='bbox 1248 3167 1416 3236; x_wconf 69' lang='lat' dir='ltr'>colligebant</span> <span class='ocrx_word' id='word_1_488' title='bbox 1433 3167 1483 3220; x_wconf 82' lang='lat' dir='ltr'>cub</span> <span class='ocrx_word' id='word_1_489' title='bbox 1502 3184 1596 3219; x_wconf 81' lang='lat' dir='ltr'>menta</span> <span class='ocrx_word' id='word_1_490' title='bbox 1614 3183 1676 3219; x_wconf 89' lang='lat' dir='ltr'>mea</span> <span class='ocrx_word' id='word_1_491' title='bbox 1693 3164 1849 3234; x_wconf 81' lang='lat' dir='ltr'>reliquiae,</span> <span class='ocrx_word' id='word_1_492' title='bbox 1869 3164 1921 3215; x_wconf 83' lang='lat' dir='ltr'>eic-</span> 
     </span>
     <span class='ocr_line' id='line_1_35' title="bbox 173 3243 1920 3322; baseline 0.003 -24"><span class='ocrx_word' id='word_1_493' title='bbox 173 3288 176 3292; x_wconf 90' lang='lat'>.</span> <span class='ocrx_word' id='word_1_494' title='bbox 228 3265 291 3303; x_wconf 77' lang='lat' dir='ltr'>nem</span> <span class='ocrx_word' id='word_1_495' title='bbox 320 3249 404 3318; x_wconf 68' lang='lat' dir='ltr'>iuius</span> <span class='ocrx_word' id='word_1_496' title='bbox 433 3248 503 3316; x_wconf 74' lang='lat' dir='ltr'>lepis</span> <span class='ocrx_word' id='word_1_497' title='bbox 532 3265 551 3301; x_wconf 85' lang='lat' dir='ltr'>a</span> <span class='ocrx_word' id='word_1_498' title='bbox 582 3252 642 3301; x_wconf 82' lang='lat' dir='ltr'>Deo</span> <span class='ocrx_word' id='word_1_499' title='bbox 671 3247 734 3316; x_wconf 82' lang='lat' dir='ltr'>t‘peo</span> <span class='ocrx_word' id='word_1_500' title='bbox 761 3245 921 3315; x_wconf 67' lang='lat' dir='ltr'>expositum.</span> <span class='ocrx_word' id='word_1_501' title='bbox 962 3243 1060 3315; x_wconf 86' lang='lat' dir='ltr'>Neque</span> <span class='ocrx_word' id='word_1_502' title='bbox 1088 3261 1117 3306; x_wconf 83' lang='lat' dir='ltr'>ut</span> <span class='ocrx_word' id='word_1_503' title='bbox 1138 3254 1217 3322; x_wconf 85' lang='lat' dir='ltr'>jeci,</span> <span class='ocrx_word' id='word_1_504' title='bbox 1248 3254 1289 3306; x_wconf 87' lang='lat' dir='ltr'>ite</span> <span class='ocrx_word' id='word_1_505' title='bbox 1314 3252 1444 3307; x_wconf 82' lang='lat' dir='ltr'>reddidit</span> <span class='ocrx_word' id='word_1_506' title='bbox 1469 3253 1537 3305; x_wconf 79' lang='lat' dir='ltr'>milri</span> <span class='ocrx_word' id='word_1_507' title='bbox 1567 3255 1652 3306; x_wconf 83' lang='lat' dir='ltr'>Dcue.</span> <span class='ocrx_word' id='word_1_508' title='bbox 1693 3248 1737 3305; x_wconf 91' lang='lat' dir='ltr'>De</span> <span class='ocrx_word' id='word_1_509' title='bbox 1765 3249 1920 3304; x_wconf 82' lang='lat' dir='ltr'>Philistaeia</span> 
     </span>
     <span class='ocr_line' id='line_1_36' title="bbox 199 3330 1916 3407; baseline -0.005 -16"><span class='ocrx_word' id='word_1_510' title='bbox 199 3374 210 3383; x_wconf 79' lang='grc'>..</span> <span class='ocrx_word' id='word_1_511' title='bbox 228 3336 301 3392; x_wconf 89' lang='lat' dir='ltr'>enim</span> <span class='ocrx_word' id='word_1_512' title='bbox 318 3333 434 3390; x_wconf 88' lang='lat' dir='ltr'>indulsit</span> <span class='ocrx_word' id='word_1_513' title='bbox 457 3335 535 3391; x_wconf 89' lang='lat' dir='ltr'>Deua</span> <span class='ocrx_word' id='word_1_514' title='bbox 563 3331 696 3389; x_wconf 77' lang='lat' dir='ltr'>lsradlitis</span> <span class='ocrx_word' id='word_1_515' title='bbox 714 3331 787 3386; x_wconf 87' lang='lat' dir='ltr'>banc</span> <span class='ocrx_word' id='word_1_516' title='bbox 810 3330 940 3387; x_wconf 84' lang='lat' dir='ltr'>talionem</span> <span class='ocrx_word' id='word_1_517' title='bbox 966 3331 999 3383; x_wconf 82' lang='lat' dir='ltr'>ob</span> <span class='ocrx_word' id='word_1_518' title='bbox 1018 3330 1057 3384; x_wconf 86' lang='lat' dir='ltr'>iu·</span> <span class='ocrx_word' id='word_1_519' title='bbox 1089 3338 1157 3394; x_wconf 65' lang='lat' dir='ltr'>dicit</span> <span class='ocrx_word' id='word_1_520' title='bbox 1176 3339 1287 3393; x_wconf 65' lang='lat' dir='ltr'>simon</span> <span class='ocrx_word' id='word_1_521' title='bbox 1305 3337 1371 3395; x_wconf 64' lang='lat' dir='ltr'>Jud.</span> <span class='ocrx_word' id='word_1_522' title='bbox 1395 3345 1439 3407; x_wconf 78' lang='lat'>15,</span> <span class='ocrx_word' id='word_1_523' title='bbox 1470 3356 1494 3393; x_wconf 72' lang='lat' dir='ltr'>v,</span> <span class='ocrx_word' id='word_1_524' title='bbox 1524 3344 1569 3394; x_wconf 90' lang='lat'>11:</span> <span class='ocrx_word' id='word_1_525' title='bbox 1599 3339 1676 3392; x_wconf 66' lang='lat' dir='ltr'>sicut</span> <span class='ocrx_word' id='word_1_526' title='bbox 1695 3340 1824 3403; x_wconf 66' lang='lat' dir='ltr'>fecerunt</span> <span class='ocrx_word' id='word_1_527' title='bbox 1841 3336 1916 3403; x_wconf 70' lang='lat' dir='ltr'>initi,</span> 
     </span>
     <span class='ocr_line' id='line_1_37' title="bbox 228 3410 1918 3494; baseline -0.004 -14"><span class='ocrx_word' id='word_1_528' title='bbox 228 3423 339 3494; x_wconf 69' lang='lat' dir='ltr'>genium</span> <span class='ocrx_word' id='word_1_529' title='bbox 366 3440 460 3477; x_wconf 79' lang='lat' dir='ltr'>torum</span> <span class='ocrx_word' id='word_1_530' title='bbox 483 3421 597 3491; x_wconf 67' lang='lat' dir='ltr'>puerile</span> <span class='ocrx_word' id='word_1_531' title='bbox 626 3428 651 3473; x_wconf 75' lang='lat' dir='ltr'>ei</span> <span class='ocrx_word' id='word_1_532' title='bbox 682 3420 823 3471; x_wconf 56' lang='lat' dir='ltr'>vindici&amp;</span> <span class='ocrx_word' id='word_1_533' title='bbox 849 3418 997 3488; x_wconf 66' lang='lat' dir='ltr'>cupidum,</span> <span class='ocrx_word' id='word_1_534' title='bbox 1029 3424 1061 3471; x_wconf 79' lang='lat' dir='ltr'>ut</span> <span class='ocrx_word' id='word_1_535' title='bbox 1088 3424 1277 3494; x_wconf 70' lang='lat' dir='ltr'>deseritis,</span> <span class='ocrx_word' id='word_1_536' title='bbox 1298 3410 1479 3494; x_wconf 54' lang='lat' dir='ltr'>indicana,&#39;ae</span> <span class='ocrx_word' id='word_1_537' title='bbox 1499 3421 1918 3481; x_wconf 86' lang='lat' dir='ltr'>divinoinstinotuPhilistaeis</span> 
     </span>
     <span class='ocr_line' id='line_1_38' title="bbox 227 3501 1918 3582; baseline -0.002 -17"><span class='ocrx_word' id='word_1_538' title='bbox 227 3501 371 3582; x_wconf 85' lang='lat' dir='ltr'>pueriliter</span> <span class='ocrx_word' id='word_1_539' title='bbox 391 3504 717 3582; x_wconf 84' lang='lat' dir='ltr'>nugaturScbmaltaius,</span> <span class='ocrx_word' id='word_1_540' title='bbox 736 3505 785 3559; x_wconf 87' lang='lat' dir='ltr'>aed</span> <span class='ocrx_word' id='word_1_541' title='bbox 803 3520 1059 3576; x_wconf 85' lang='lat' dir='ltr'>severeeamprae·</span> <span class='ocrx_word' id='word_1_542' title='bbox 1088 3511 1166 3580; x_wconf 87' lang='lat' dir='ltr'>paria</span> <span class='ocrx_word' id='word_1_543' title='bbox 1180 3511 1340 3567; x_wconf 87' lang='lat' dir='ltr'>reddidisse.</span> <span class='ocrx_word' id='word_1_544' title='bbox 1381 3516 1401 3567; x_wconf 90' lang='lat' dir='ltr'>l.</span> <span class='ocrx_word' id='word_1_545' title='bbox 1423 3509 1495 3565; x_wconf 87' lang='lat' dir='ltr'>Sam.</span> <span class='ocrx_word' id='word_1_546' title='bbox 1519 3516 1563 3579; x_wconf 79' lang='lat'>15,</span> <span class='ocrx_word' id='word_1_547' title='bbox 1582 3529 1607 3567; x_wconf 84' lang='lat' dir='ltr'>v.</span> <span class='ocrx_word' id='word_1_548' title='bbox 1628 3515 1669 3566; x_wconf 82' lang='grc'>33.</span> <span class='ocrx_word' id='word_1_549' title='bbox 1690 3509 1814 3564; x_wconf 87' lang='lat' dir='ltr'>adducto</span> <span class='ocrx_word' id='word_1_550' title='bbox 1836 3513 1918 3579; x_wconf 70' lang='lat' dir='ltr'>Aque</span> 
     </span>
     <span class='ocr_line' id='line_1_39' title="bbox 229 3592 1918 3667; baseline -0.002 -15"><span class='ocrx_word' id='word_1_551' title='bbox 229 3597 303 3667; x_wconf 87' lang='lat' dir='ltr'>capit</span> <span class='ocrx_word' id='word_1_552' title='bbox 332 3603 360 3652; x_wconf 91' lang='lat' dir='ltr'>et</span> <span class='ocrx_word' id='word_1_553' title='bbox 390 3594 472 3650; x_wconf 88' lang='lat' dir='ltr'>finem</span> <span class='ocrx_word' id='word_1_554' title='bbox 507 3593 648 3666; x_wconf 86' lang='lat' dir='ltr'>praecepti</span> <span class='ocrx_word' id='word_1_555' title='bbox 683 3593 767 3664; x_wconf 84' lang='lat' dir='ltr'>longo</span> <span class='ocrx_word' id='word_1_556' title='bbox 802 3593 887 3647; x_wconf 86' lang='lat' dir='ltr'>alium</span> <span class='ocrx_word' id='word_1_557' title='bbox 921 3592 1059 3663; x_wconf 89' lang='lat' dir='ltr'>exposuit.</span> <span class='ocrx_word' id='word_1_558' title='bbox 1087 3596 1179 3667; x_wconf 90' lang='lat' dir='ltr'>inquit</span> <span class='ocrx_word' id='word_1_559' title='bbox 1198 3597 1325 3653; x_wconf 86' lang='lat' dir='ltr'>Samuel:</span> <span class='ocrx_word' id='word_1_560' title='bbox 1354 3598 1432 3651; x_wconf 81' lang='lat' dir='ltr'>Sient</span> <span class='ocrx_word' id='word_1_561' title='bbox 1455 3599 1524 3660; x_wconf 75' lang='lat' dir='ltr'>fecit</span> <span class='ocrx_word' id='word_1_562' title='bbox 1548 3598 1650 3666; x_wconf 81' lang='lat' dir='ltr'>ubsque</span> <span class='ocrx_word' id='word_1_563' title='bbox 1676 3595 1770 3649; x_wconf 76' lang='lat' dir='ltr'>liberie</span> <span class='ocrx_word' id='word_1_564' title='bbox 1788 3596 1918 3650; x_wconf 80' lang='lat' dir='ltr'>mulieree</span> 
     </span>
     <span class='ocr_line' id='line_1_40' title="bbox 228 3678 1918 3752; baseline -0.003 -13"><span class='ocrx_word' id='word_1_565' title='bbox 228 3678 313 3740; x_wconf 80' lang='lat' dir='ltr'>Dent</span> <span class='ocrx_word' id='word_1_566' title='bbox 335 3688 375 3752; x_wconf 83' lang='grc'>19,</span> <span class='ocrx_word' id='word_1_567' title='bbox 394 3700 420 3738; x_wconf 83' lang='lat' dir='ltr'>v.</span> <span class='ocrx_word' id='word_1_568' title='bbox 444 3687 487 3739; x_wconf 71' lang='lat'>18:</span> <span class='ocrx_word' id='word_1_569' title='bbox 506 3682 541 3736; x_wconf 79' lang='lat' dir='ltr'>Si</span> <span class='ocrx_word' id='word_1_570' title='bbox 556 3682 634 3735; x_wconf 80' lang='lat' dir='ltr'>testie</span> <span class='ocrx_word' id='word_1_571' title='bbox 651 3683 771 3735; x_wconf 81' lang='lat' dir='ltr'>mendae</span> <span class='ocrx_word' id='word_1_572' title='bbox 791 3682 953 3744; x_wconf 64' lang='lat' dir='ltr'>tertriicutua</span> <span class='ocrx_word' id='word_1_573' title='bbox 970 3680 1060 3746; x_wconf 74' lang='lat' dir='ltr'>fuerit</span> <span class='ocrx_word' id='word_1_574' title='bbox 1087 3682 1202 3751; x_wconf 70' lang='lat' dir='ltr'>pladite</span> <span class='ocrx_word' id='word_1_575' title='bbox 1221 3691 1301 3752; x_wconf 75' lang='lat' dir='ltr'>tuuc,</span> <span class='ocrx_word' id='word_1_576' title='bbox 1328 3685 1370 3738; x_wconf 84' lang='lat' dir='ltr'>eie</span> <span class='ocrx_word' id='word_1_577' title='bbox 1389 3685 1491 3752; x_wconf 83' lang='lat' dir='ltr'>adaque</span> <span class='ocrx_word' id='word_1_578' title='bbox 1508 3682 1605 3736; x_wconf 81' lang='lat' dir='ltr'>liberie</span> <span class='ocrx_word' id='word_1_579' title='bbox 1623 3683 1675 3735; x_wconf 85' lang='lat' dir='ltr'>erit</span> <span class='ocrx_word' id='word_1_580' title='bbox 1699 3682 1918 3736; x_wconf 79' lang='lat' dir='ltr'>intermulieres</span> 
     </span>
     <span class='ocr_line' id='line_1_41' title="bbox 229 3767 1918 3841; baseline -0.002 -17"><span class='ocrx_word' id='word_1_581' title='bbox 229 3772 405 3826; x_wconf 78' lang='lat' dir='ltr'>meuciocium</span> <span class='ocrx_word' id='word_1_582' title='bbox 425 3777 523 3823; x_wconf 83' lang='lat' dir='ltr'>contre</span> <span class='ocrx_word' id='word_1_583' title='bbox 539 3769 662 3834; x_wconf 77' lang='lat' dir='ltr'>fratrem</span> <span class='ocrx_word' id='word_1_584' title='bbox 680 3785 773 3836; x_wconf 61' lang='lat' dir='ltr'>suum,</span> <span class='ocrx_word' id='word_1_585' title='bbox 786 3785 811 3820; x_wconf 84' lang='lat' dir='ltr'>v.</span> <span class='ocrx_word' id='word_1_586' title='bbox 834 3772 872 3822; x_wconf 87' lang='grc'>19.</span> <span class='ocrx_word' id='word_1_587' title='bbox 890 3768 1005 3830; x_wconf 80' lang='lat' dir='ltr'>facietis</span> <span class='ocrx_word' id='word_1_588' title='bbox 1026 3767 1060 3830; x_wconf 84' lang='lat' dir='ltr'>ci,</span> <span class='ocrx_word' id='word_1_589' title='bbox 1088 3779 1176 3824; x_wconf 84' lang='lat' dir='ltr'>muter</span> <span class='ocrx_word' id='word_1_590' title='bbox 1195 3779 1252 3841; x_wconf 84' lang='lat' dir='ltr'>tua,</span> <span class='ocrx_word' id='word_1_591' title='bbox 1270 3779 1296 3824; x_wconf 89' lang='lat' dir='ltr'>et</span> <span class='ocrx_word' id='word_1_592' title='bbox 1315 3770 1344 3824; x_wconf 85' lang='lat' dir='ltr'>iu</span> <span class='ocrx_word' id='word_1_593' title='bbox 1360 3771 1459 3835; x_wconf 75' lang='lat' dir='ltr'>fructa</span> <span class='ocrx_word' id='word_1_594' title='bbox 1477 3771 1600 3823; x_wconf 78' lang='lat' dir='ltr'>concidit</span> <span class='ocrx_word' id='word_1_595' title='bbox 1617 3786 1676 3822; x_wconf 89' lang='lat' dir='ltr'>eum</span> <span class='ocrx_word' id='word_1_596' title='bbox 1691 3767 1805 3823; x_wconf 79' lang='lat' dir='ltr'>Samuel</span> <span class='ocrx_word' id='word_1_597' title='bbox 1824 3785 1918 3822; x_wconf 88' lang='lat' dir='ltr'>coram</span> 
     </span>
     <span class='ocr_line' id='line_1_42' title="bbox 230 3853 1920 3928; baseline -0.004 -19"><span class='ocrx_word' id='word_1_598' title='bbox 230 3858 461 3928; x_wconf 70' lang='lat' dir='ltr'>quemadmodum</span> <span class='ocrx_word' id='word_1_599' title='bbox 481 3853 612 3925; x_wconf 68' lang='lat' dir='ltr'>cogitauit</span> <span class='ocrx_word' id='word_1_600' title='bbox 628 3856 727 3919; x_wconf 79' lang='lat' dir='ltr'>fecere</span> <span class='ocrx_word' id='word_1_601' title='bbox 744 3854 835 3915; x_wconf 80' lang='lat' dir='ltr'>fratri</span> <span class='ocrx_word' id='word_1_602' title='bbox 853 3870 916 3918; x_wconf 79' lang='lat' dir='ltr'>mro,</span> <span class='ocrx_word' id='word_1_603' title='bbox 934 3860 960 3906; x_wconf 89' lang='lat' dir='ltr'>et</span> <span class='ocrx_word' id='word_1_604' title='bbox 980 3853 1060 3917; x_wconf 83' lang='lat' dir='ltr'>ause·</span> <span class='ocrx_word' id='word_1_605' title='bbox 1089 3858 1221 3915; x_wconf 65' lang='lat' dir='ltr'>Domino,</span> <span class='ocrx_word' id='word_1_606' title='bbox 1259 3864 1281 3916; x_wconf 79' lang='lat'>2,</span> <span class='ocrx_word' id='word_1_607' title='bbox 1308 3858 1380 3914; x_wconf 67' lang='lat' dir='ltr'>sam,</span> <span class='ocrx_word' id='word_1_608' title='bbox 1408 3862 1453 3926; x_wconf 73' lang='lat'>16,</span> <span class='ocrx_word' id='word_1_609' title='bbox 1482 3873 1506 3911; x_wconf 78' lang='lat' dir='ltr'>v,</span> <span class='ocrx_word' id='word_1_610' title='bbox 1536 3862 1578 3912; x_wconf 81' lang='lat'>22,</span> <span class='ocrx_word' id='word_1_611' title='bbox 1599 3857 1700 3910; x_wconf 76' lang='lat' dir='ltr'>David</span> <span class='ocrx_word' id='word_1_612' title='bbox 1722 3873 1786 3910; x_wconf 77' lang='lat' dir='ltr'>eum</span> <span class='ocrx_word' id='word_1_613' title='bbox 1806 3855 1920 3910; x_wconf 72' lang='lat' dir='ltr'>alterius</span> 
     </span>
     <span class='ocr_line' id='line_1_43' title="bbox 228 3941 1918 4012; baseline -0.003 -14"><span class='ocrx_word' id='word_1_614' title='bbox 228 3960 275 3999; x_wconf 84' lang='lat' dir='ltr'>ree</span> <span class='ocrx_word' id='word_1_615' title='bbox 294 3943 398 3996; x_wconf 86' lang='lat' dir='ltr'>molum</span> <span class='ocrx_word' id='word_1_616' title='bbox 416 3959 448 3996; x_wconf 85' lang='lat' dir='ltr'>ee</span> <span class='ocrx_word' id='word_1_617' title='bbox 465 3942 557 3996; x_wconf 85' lang='lat' dir='ltr'>medio</span> <span class='ocrx_word' id='word_1_618' title='bbox 576 3942 619 3996; x_wconf 88' lang='lat' dir='ltr'>tui</span> <span class='ocrx_word' id='word_1_619' title='bbox 626 3961 632 4008; x_wconf 71' lang='grc' dir='ltr'>ς</span> <span class='ocrx_word' id='word_1_620' title='bbox 652 3958 677 3995; x_wconf 88' lang='lat' dir='ltr'>v.</span> <span class='ocrx_word' id='word_1_621' title='bbox 699 3945 740 3996; x_wconf 84' lang='lat'>20.</span> <span class='ocrx_word' id='word_1_622' title='bbox 761 3949 785 3994; x_wconf 90' lang='lat' dir='ltr'>et</span> <span class='ocrx_word' id='word_1_623' title='bbox 804 3942 853 4009; x_wconf 80' lang='lat' dir='ltr'>qui</span> <span class='ocrx_word' id='word_1_624' title='bbox 869 3941 1061 4007; x_wconf 81' lang='lat' dir='ltr'>remaueeriut,</span> <span class='ocrx_word' id='word_1_625' title='bbox 1089 3960 1174 4000; x_wconf 91' lang='lat' dir='ltr'>uxore</span> <span class='ocrx_word' id='word_1_626' title='bbox 1198 3945 1355 4000; x_wconf 86' lang='lat' dir='ltr'>Betbsnbea</span> <span class='ocrx_word' id='word_1_627' title='bbox 1380 3960 1438 4000; x_wconf 89' lang='lat' dir='ltr'>rem</span> <span class='ocrx_word' id='word_1_628' title='bbox 1463 3942 1573 4012; x_wconf 85' lang='lat' dir='ltr'>habuit;</span> <span class='ocrx_word' id='word_1_629' title='bbox 1603 3943 1666 3997; x_wconf 90' lang='lat' dir='ltr'>ideo</span> <span class='ocrx_word' id='word_1_630' title='bbox 1693 3949 1724 3996; x_wconf 94' lang='lat' dir='ltr'>ut</span> <span class='ocrx_word' id='word_1_631' title='bbox 1741 3958 1840 3997; x_wconf 87' lang='lat' dir='ltr'>uxores</span> <span class='ocrx_word' id='word_1_632' title='bbox 1858 3942 1918 4010; x_wconf 86' lang='lat' dir='ltr'>ejus</span> 
     </span>
     <span class='ocr_line' id='line_1_44' title="bbox 230 4026 1918 4101; baseline -0.002 -16"><span class='ocrx_word' id='word_1_633' title='bbox 230 4031 347 4088; x_wconf 81' lang='lat' dir='ltr'>audient</span> <span class='ocrx_word' id='word_1_634' title='bbox 366 4036 392 4083; x_wconf 85' lang='lat' dir='ltr'>et</span> <span class='ocrx_word' id='word_1_635' title='bbox 409 4029 555 4097; x_wconf 80' lang='lat' dir='ltr'>timebunt,</span> <span class='ocrx_word' id='word_1_636' title='bbox 575 4037 599 4082; x_wconf 88' lang='lat' dir='ltr'>et</span> <span class='ocrx_word' id='word_1_637' title='bbox 617 4045 672 4080; x_wconf 79' lang='lat' dir='ltr'>uon</span> <span class='ocrx_word' id='word_1_638' title='bbox 691 4027 804 4094; x_wconf 82' lang='lat' dir='ltr'>addent,</span> <span class='ocrx_word' id='word_1_639' title='bbox 825 4033 855 4079; x_wconf 90' lang='lat' dir='ltr'>ut</span> <span class='ocrx_word' id='word_1_640' title='bbox 871 4026 985 4093; x_wconf 79' lang='lat' dir='ltr'>sceieut</span> <span class='ocrx_word' id='word_1_641' title='bbox 1003 4045 1059 4080; x_wconf 81' lang='lat' dir='ltr'>eur·</span> <span class='ocrx_word' id='word_1_642' title='bbox 1088 4030 1208 4084; x_wconf 84' lang='lat' dir='ltr'>vicissim</span> <span class='ocrx_word' id='word_1_643' title='bbox 1234 4047 1251 4085; x_wconf 89' lang='lat' dir='ltr'>a</span> <span class='ocrx_word' id='word_1_644' title='bbox 1276 4030 1333 4085; x_wconf 84' lang='lat' dir='ltr'>filio</span> <span class='ocrx_word' id='word_1_645' title='bbox 1350 4030 1493 4085; x_wconf 89' lang='lat' dir='ltr'>Absolone</span> <span class='ocrx_word' id='word_1_646' title='bbox 1513 4030 1691 4101; x_wconf 77' lang='lat' dir='ltr'>iitiarcntur,</span> <span class='ocrx_word' id='word_1_647' title='bbox 1717 4030 1795 4099; x_wconf 83' lang='lat' dir='ltr'>justo</span> <span class='ocrx_word' id='word_1_648' title='bbox 1810 4028 1918 4099; x_wconf 91' lang='lat' dir='ltr'>judicio</span> 
     </span>
     <span class='ocr_line' id='line_1_45' title="bbox 225 4114 1920 4190; baseline -0.002 -19"><span class='ocrx_word' id='word_1_649' title='bbox 225 4117 306 4190; x_wconf 83' lang='lat' dir='ltr'>pliuc</span> <span class='ocrx_word' id='word_1_650' title='bbox 324 4118 475 4170; x_wconf 73' lang='lat' dir='ltr'>secuudum</span> <span class='ocrx_word' id='word_1_651' title='bbox 493 4116 544 4171; x_wconf 76' lang='lat' dir='ltr'>icoc</span> <span class='ocrx_word' id='word_1_652' title='bbox 563 4116 668 4169; x_wconf 86' lang='lat' dir='ltr'>melum</span> <span class='ocrx_word' id='word_1_653' title='bbox 687 4117 716 4167; x_wconf 81' lang='lat' dir='ltr'>ia</span> <span class='ocrx_word' id='word_1_654' title='bbox 735 4114 827 4167; x_wconf 89' lang='lat' dir='ltr'>medio</span> <span class='ocrx_word' id='word_1_655' title='bbox 851 4114 905 4181; x_wconf 89' lang='lat' dir='ltr'>tui,</span> <span class='ocrx_word' id='word_1_656' title='bbox 929 4130 956 4172; x_wconf 85' lang='lat' dir='ltr'>v.</span> <span class='ocrx_word' id='word_1_657' title='bbox 974 4118 1015 4169; x_wconf 82' lang='lat'>21.</span> <span class='ocrx_word' id='word_1_658' title='bbox 1037 4123 1062 4166; x_wconf 86' lang='lat' dir='ltr'>et</span> <span class='ocrx_word' id='word_1_659' title='bbox 1092 4118 1165 4171; x_wconf 86' lang='lat' dir='ltr'>Deus</span> <span class='ocrx_word' id='word_1_660' title='bbox 1187 4116 1317 4188; x_wconf 83' lang='lat' dir='ltr'>permisit</span> <span class='ocrx_word' id='word_1_661' title='bbox 1363 4117 1403 4173; x_wconf 89' lang='lat' dir='ltr'>Ut</span> <span class='ocrx_word' id='word_1_662' title='bbox 1431 4115 1566 4171; x_wconf 73' lang='lat' dir='ltr'>Soioma</span> <span class='ocrx_word' id='word_1_663' title='bbox 1593 4116 1697 4169; x_wconf 88' lang='lat' dir='ltr'>cultum</span> <span class='ocrx_word' id='word_1_664' title='bbox 1723 4131 1831 4169; x_wconf 89' lang='lat' dir='ltr'>sacrum</span> <span class='ocrx_word' id='word_1_665' title='bbox 1861 4119 1920 4169; x_wconf 87' lang='lat' dir='ltr'>erat</span> 
     </span>
     <span class='ocr_line' id='line_1_46' title="bbox 228 4201 1919 4274; baseline -0.001 -16"><span class='ocrx_word' id='word_1_666' title='bbox 228 4222 284 4260; x_wconf 81' lang='lat' dir='ltr'>mou</span> <span class='ocrx_word' id='word_1_667' title='bbox 299 4213 399 4274; x_wconf 83' lang='lat' dir='ltr'>parcet</span> <span class='ocrx_word' id='word_1_668' title='bbox 418 4203 514 4258; x_wconf 74' lang='lat' dir='ltr'>oculus</span> <span class='ocrx_word' id='word_1_669' title='bbox 534 4212 604 4271; x_wconf 71' lang='lat' dir='ltr'>titur,</span> <span class='ocrx_word' id='word_1_670' title='bbox 622 4204 746 4255; x_wconf 78' lang='lat' dir='ltr'>animum</span> <span class='ocrx_word' id='word_1_671' title='bbox 759 4220 815 4272; x_wconf 86' lang='lat' dir='ltr'>pro</span> <span class='ocrx_word' id='word_1_672' title='bbox 829 4201 931 4266; x_wconf 79' lang='lat' dir='ltr'>aurine,</span> <span class='ocrx_word' id='word_1_673' title='bbox 951 4202 1061 4255; x_wconf 74' lang='lat' dir='ltr'>(reulum</span> <span class='ocrx_word' id='word_1_674' title='bbox 1088 4203 1213 4273; x_wconf 78' lang='lat' dir='ltr'>partitus,</span> <span class='ocrx_word' id='word_1_675' title='bbox 1233 4221 1295 4259; x_wconf 90' lang='lat' dir='ltr'>eum</span> <span class='ocrx_word' id='word_1_676' title='bbox 1302 4205 1410 4273; x_wconf 85' lang='lat' dir='ltr'>purtim</span> <span class='ocrx_word' id='word_1_677' title='bbox 1425 4205 1497 4273; x_wconf 84' lang='lat' dir='ltr'>Dee,</span> <span class='ocrx_word' id='word_1_678' title='bbox 1507 4203 1614 4272; x_wconf 86' lang='lat' dir='ltr'>partim</span> <span class='ocrx_word' id='word_1_679' title='bbox 1631 4201 1717 4256; x_wconf 76' lang='lat' dir='ltr'>idolio</span> <span class='ocrx_word' id='word_1_680' title='bbox 1730 4201 1919 4265; x_wconf 89' lang='lat' dir='ltr'>concedendo;</span> 
     </span>
     <span class='ocr_line' id='line_1_47' title="bbox 224 4286 1919 4362; baseline -0.003 -17"><span class='ocrx_word' id='word_1_681' title='bbox 224 4309 282 4361; x_wconf 82' lang='lat' dir='ltr'>pro</span> <span class='ocrx_word' id='word_1_682' title='bbox 301 4291 391 4354; x_wconf 81' lang='lat' dir='ltr'>oculu,</span> <span class='ocrx_word' id='word_1_683' title='bbox 407 4291 515 4345; x_wconf 80' lang='lat' dir='ltr'>dentem</span> <span class='ocrx_word' id='word_1_684' title='bbox 522 4307 579 4358; x_wconf 83' lang='lat' dir='ltr'>pro</span> <span class='ocrx_word' id='word_1_685' title='bbox 596 4290 686 4357; x_wconf 81' lang='lat' dir='ltr'>deute,</span> <span class='ocrx_word' id='word_1_686' title='bbox 705 4306 816 4342; x_wconf 77' lang='lat' dir='ltr'>niarium</span> <span class='ocrx_word' id='word_1_687' title='bbox 830 4306 887 4358; x_wconf 80' lang='lat' dir='ltr'>prq</span> <span class='ocrx_word' id='word_1_688' title='bbox 902 4305 994 4351; x_wconf 73' lang='lat' dir='ltr'>uranu,</span> <span class='ocrx_word' id='word_1_689' title='bbox 1013 4305 1060 4356; x_wconf 84' lang='lat' dir='ltr'>pc·</span> <span class='ocrx_word' id='word_1_690' title='bbox 1090 4293 1127 4344; x_wconf 81' lang='lat' dir='ltr'>itu</span> <span class='ocrx_word' id='word_1_691' title='bbox 1145 4308 1255 4362; x_wconf 86' lang='lat' dir='ltr'>quoque</span> <span class='ocrx_word' id='word_1_692' title='bbox 1278 4307 1394 4362; x_wconf 75' lang='lat' dir='ltr'>regnum</span> <span class='ocrx_word' id='word_1_693' title='bbox 1414 4290 1475 4361; x_wconf 86' lang='lat' dir='ltr'>ejua</span> <span class='ocrx_word' id='word_1_694' title='bbox 1494 4291 1571 4359; x_wconf 78' lang='lat' dir='ltr'>justo</span> <span class='ocrx_word' id='word_1_695' title='bbox 1589 4288 1640 4344; x_wconf 71' lang='lat' dir='ltr'>liei</span> <span class='ocrx_word' id='word_1_696' title='bbox 1661 4287 1769 4360; x_wconf 85' lang='lat' dir='ltr'>judicio</span> <span class='ocrx_word' id='word_1_697' title='bbox 1791 4293 1833 4344; x_wconf 86' lang='lat' dir='ltr'>est</span> <span class='ocrx_word' id='word_1_698' title='bbox 1851 4286 1919 4342; x_wconf 80' lang='lat' dir='ltr'>‹livi-</span> 
     </span>
     <span class='ocr_line' id='line_1_48' title="bbox 230 4372 1919 4448; baseline -0.002 -16"><span class='ocrx_word' id='word_1_699' title='bbox 230 4381 291 4433; x_wconf 88' lang='lat' dir='ltr'>dcm</span> <span class='ocrx_word' id='word_1_700' title='bbox 300 4379 449 4448; x_wconf 80' lang='lat' dir='ltr'>prepede.</span> <span class='ocrx_word' id='word_1_701' title='bbox 484 4374 561 4431; x_wconf 79' lang='lat' dir='ltr'>Finis</span> <span class='ocrx_word' id='word_1_702' title='bbox 574 4392 639 4447; x_wconf 87' lang='lat' dir='ltr'>ergo</span> <span class='ocrx_word' id='word_1_703' title='bbox 656 4372 725 4446; x_wconf 87' lang='lat' dir='ltr'>legia</span> <span class='ocrx_word' id='word_1_704' title='bbox 743 4373 803 4438; x_wconf 89' lang='lat' dir='ltr'>fuit,</span> <span class='ocrx_word' id='word_1_705' title='bbox 821 4379 853 4427; x_wconf 91' lang='lat' dir='ltr'>ut</span> <span class='ocrx_word' id='word_1_706' title='bbox 871 4373 1063 4428; x_wconf 78' lang='lat' dir='ltr'>coercerentur</span> <span class='ocrx_word' id='word_1_707' title='bbox 1088 4395 1158 4432; x_wconf 85' lang='lat' dir='ltr'>surn.</span> <span class='ocrx_word' id='word_1_708' title='bbox 1201 4376 1305 4441; x_wconf 73' lang='lat' dir='ltr'>Quodsi</span> <span class='ocrx_word' id='word_1_709' title='bbox 1334 4375 1402 4431; x_wconf 86' lang='lat' dir='ltr'>haee</span> <span class='ocrx_word' id='word_1_710' title='bbox 1435 4375 1651 4431; x_wconf 86' lang='lat' dir='ltr'>extraordinaria</span> <span class='ocrx_word' id='word_1_711' title='bbox 1683 4381 1712 4429; x_wconf 89' lang='lat' dir='ltr'>et</span> <span class='ocrx_word' id='word_1_712' title='bbox 1739 4373 1919 4446; x_wconf 88' lang='lat' dir='ltr'>particularia</span> 
     </span>
     <span class='ocr_line' id='line_1_49' title="bbox 233 4459 1940 4534; baseline -0.004 -15"><span class='ocrx_word' id='word_1_713' title='bbox 233 4462 350 4534; x_wconf 86' lang='lat' dir='ltr'>iujuriae</span> <span class='ocrx_word' id='word_1_714' title='bbox 380 4466 409 4519; x_wconf 93' lang='lat' dir='ltr'>in</span> <span class='ocrx_word' id='word_1_715' title='bbox 436 4463 487 4517; x_wconf 91' lang='lat' dir='ltr'>hoc</span> <span class='ocrx_word' id='word_1_716' title='bbox 512 4462 615 4534; x_wconf 90' lang='lat' dir='ltr'>populo</span> <span class='ocrx_word' id='word_1_717' title='bbox 640 4461 781 4516; x_wconf 84' lang='lat' dir='ltr'>vindictae</span> <span class='ocrx_word' id='word_1_718' title='bbox 806 4460 923 4531; x_wconf 88' lang='lat' dir='ltr'>cupido,</span> <span class='ocrx_word' id='word_1_719' title='bbox 955 4477 1011 4514; x_wconf 91' lang='lat' dir='ltr'>non</span> <span class='ocrx_word' id='word_1_720' title='bbox 1031 4468 1062 4514; x_wconf 88' lang='lat' dir='ltr'>ut</span> <span class='ocrx_word' id='word_1_721' title='bbox 1089 4463 1141 4518; x_wconf 90' lang='lat' dir='ltr'>Dei</span> <span class='ocrx_word' id='word_1_722' title='bbox 1156 4463 1264 4534; x_wconf 85' lang='lat' dir='ltr'>judicia</span> <span class='ocrx_word' id='word_1_723' title='bbox 1290 4471 1355 4517; x_wconf 89' lang='lat' dir='ltr'>aunt</span> <span class='ocrx_word' id='word_1_724' title='bbox 1374 4461 1466 4533; x_wconf 85' lang='lat' dir='ltr'>justa,</span> <span class='ocrx_word' id='word_1_725' title='bbox 1492 4464 1630 4533; x_wconf 88' lang='lat' dir='ltr'>quomodo</span> <span class='ocrx_word' id='word_1_726' title='bbox 1656 4460 1825 4517; x_wconf 86' lang='lat' dir='ltr'>ordinarium</span> <span class='ocrx_word' id='word_1_727' title='bbox 1849 4459 1940 4522; x_wconf 30' lang='lat' dir='ltr'>illud·</span> 
     </span>
     <span class='ocr_line' id='line_1_50' title="bbox 230 4545 1920 4621; baseline -0.001 -16"><span class='ocrx_word' id='word_1_728' title='bbox 230 4549 340 4605; x_wconf 87' lang='lat' dir='ltr'>libidini</span> <span class='ocrx_word' id='word_1_729' title='bbox 355 4551 414 4621; x_wconf 93' lang='lat' dir='ltr'>ejus</span> <span class='ocrx_word' id='word_1_730' title='bbox 433 4548 633 4620; x_wconf 82' lang='lat' dir='ltr'>indulgeretur,</span> <span class='ocrx_word' id='word_1_731' title='bbox 652 4547 763 4618; x_wconf 86' lang='lat' dir='ltr'>quando</span> <span class='ocrx_word' id='word_1_732' title='bbox 784 4548 856 4602; x_wconf 90' lang='lat' dir='ltr'>enim</span> <span class='ocrx_word' id='word_1_733' title='bbox 876 4545 993 4618; x_wconf 86' lang='lat' dir='ltr'>quilibet</span> <span class='ocrx_word' id='word_1_734' title='bbox 1010 4546 1060 4598; x_wconf 84' lang='lat' dir='ltr'>aci·</span> <span class='ocrx_word' id='word_1_735' title='bbox 1086 4549 1234 4620; x_wconf 88' lang='lat' dir='ltr'>judicium,</span> <span class='ocrx_word' id='word_1_736' title='bbox 1263 4549 1337 4621; x_wconf 92' lang='lat' dir='ltr'>quod</span> <span class='ocrx_word' id='word_1_737' title='bbox 1361 4564 1412 4618; x_wconf 89' lang='lat' dir='ltr'>por</span> <span class='ocrx_word' id='word_1_738' title='bbox 1438 4549 1630 4621; x_wconf 85' lang='lat' dir='ltr'>magistratum</span> <span class='ocrx_word' id='word_1_739' title='bbox 1657 4555 1780 4612; x_wconf 87' lang='lat' dir='ltr'>exercet,</span> <span class='ocrx_word' id='word_1_740' title='bbox 1809 4547 1920 4618; x_wconf 88' lang='lat' dir='ltr'>quaudo</span> 
     </span>
     <span class='ocr_line' id='line_1_51' title="bbox 230 4633 1918 4706; baseline -0.002 -15"><span class='ocrx_word' id='word_1_741' title='bbox 230 4637 279 4704; x_wconf 76' lang='lat' dir='ltr'>rit,</span> <span class='ocrx_word' id='word_1_742' title='bbox 296 4637 393 4691; x_wconf 89' lang='lat' dir='ltr'>eadem</span> <span class='ocrx_word' id='word_1_743' title='bbox 412 4637 464 4690; x_wconf 90' lang='lat' dir='ltr'>sibi</span> <span class='ocrx_word' id='word_1_744' title='bbox 476 4634 586 4690; x_wconf 86' lang='lat' dir='ltr'>talionis</span> <span class='ocrx_word' id='word_1_745' title='bbox 605 4634 666 4705; x_wconf 84' lang='lat' dir='ltr'>lege</span> <span class='ocrx_word' id='word_1_746' title='bbox 685 4633 816 4688; x_wconf 74' lang='lat' dir='ltr'>divinitus</span> <span class='ocrx_word' id='word_1_747' title='bbox 833 4634 983 4688; x_wconf 75' lang='lat' dir='ltr'>constituta</span> <span class='ocrx_word' id='word_1_748' title='bbox 1002 4649 1062 4687; x_wconf 81' lang='lat' dir='ltr'>esse</span> <span class='ocrx_word' id='word_1_749' title='bbox 1089 4634 1199 4690; x_wconf 89' lang='lat' dir='ltr'>talionis</span> <span class='ocrx_word' id='word_1_750' title='bbox 1223 4653 1341 4705; x_wconf 90' lang='lat' dir='ltr'>poenam</span> <span class='ocrx_word' id='word_1_751' title='bbox 1366 4634 1526 4689; x_wconf 87' lang='lat' dir='ltr'>facinorosis</span> <span class='ocrx_word' id='word_1_752' title='bbox 1551 4637 1669 4706; x_wconf 80' lang='lat' dir='ltr'>irrogat,</span> <span class='ocrx_word' id='word_1_753' title='bbox 1696 4639 1831 4706; x_wconf 83' lang='lat' dir='ltr'>tanquam</span> <span class='ocrx_word' id='word_1_754' title='bbox 1856 4648 1918 4687; x_wconf 89' lang='lat' dir='ltr'>cum</span> 
     </span>
     <span class='ocr_line' id='line_1_52' title="bbox 233 4719 1919 4794; baseline -0.003 -17"><span class='ocrx_word' id='word_1_755' title='bbox 233 4724 405 4793; x_wconf 86' lang='lat' dir='ltr'>sustinenda,</span> <span class='ocrx_word' id='word_1_756' title='bbox 423 4740 495 4794; x_wconf 85' lang='lat' dir='ltr'>quae</span> <span class='ocrx_word' id='word_1_757' title='bbox 516 4722 597 4779; x_wconf 87' lang='lat' dir='ltr'>alteri</span> <span class='ocrx_word' id='word_1_758' title='bbox 618 4720 765 4790; x_wconf 81' lang='lat' dir='ltr'>intulisset,</span> <span class='ocrx_word' id='word_1_759' title='bbox 784 4719 880 4791; x_wconf 90' lang='lat' dir='ltr'>utique</span> <span class='ocrx_word' id='word_1_760' title='bbox 898 4721 934 4775; x_wconf 86' lang='lat' dir='ltr'>ab</span> <span class='ocrx_word' id='word_1_761' title='bbox 954 4720 1062 4790; x_wconf 80' lang='lat' dir='ltr'>injuriis</span> <span class='ocrx_word' id='word_1_762' title='bbox 1088 4738 1157 4776; x_wconf 89' lang='lat' dir='ltr'>sana</span> <span class='ocrx_word' id='word_1_763' title='bbox 1174 4723 1279 4776; x_wconf 88' lang='lat' dir='ltr'>ratione</span> <span class='ocrx_word' id='word_1_764' title='bbox 1298 4727 1426 4792; x_wconf 87' lang='lat' dir='ltr'>pugnant</span> <span class='ocrx_word' id='word_1_765' title='bbox 1444 4720 1586 4792; x_wconf 86' lang='lat' dir='ltr'>reprobari</span> <span class='ocrx_word' id='word_1_766' title='bbox 1605 4719 1724 4791; x_wconf 84' lang='lat' dir='ltr'>poterit?</span> <span class='ocrx_word' id='word_1_767' title='bbox 1743 4720 1919 4777; x_wconf 69' lang='lat' dir='ltr'>tetrarum</span> 
     </span>
     <span class='ocr_line' id='line_1_53' title="bbox 230 4804 1918 4882; baseline -0.002 -19"><span class='ocrx_word' id='word_1_768' title='bbox 230 4813 355 4882; x_wconf 89' lang='lat' dir='ltr'>proximo</span> <span class='ocrx_word' id='word_1_769' title='bbox 380 4811 536 4881; x_wconf 84' lang='lat' dir='ltr'>irrogandis</span> <span class='ocrx_word' id='word_1_770' title='bbox 565 4808 748 4863; x_wconf 88' lang='lat' dir='ltr'>membrorum</span> <span class='ocrx_word' id='word_1_771' title='bbox 779 4807 998 4862; x_wconf 83' lang='lat' dir='ltr'>mutilationibua</span> <span class='ocrx_word' id='word_1_772' title='bbox 1028 4823 1062 4861; x_wconf 88' lang='lat' dir='ltr'>ac</span> <span class='ocrx_word' id='word_1_773' title='bbox 1089 4809 1172 4861; x_wconf 87' lang='lat' dir='ltr'>ctiam</span> <span class='ocrx_word' id='word_1_774' title='bbox 1199 4809 1322 4878; x_wconf 70' lang='lat' dir='ltr'>gentium</span> <span class='ocrx_word' id='word_1_775' title='bbox 1351 4825 1520 4862; x_wconf 70' lang='lat' dir='ltr'>concentum.</span> <span class='ocrx_word' id='word_1_776' title='bbox 1558 4806 1591 4860; x_wconf 92' lang='lat' dir='ltr'>lu</span> <span class='ocrx_word' id='word_1_777' title='bbox 1621 4804 1730 4878; x_wconf 90' lang='lat' dir='ltr'>legibus</span> <span class='ocrx_word' id='word_1_778' title='bbox 1758 4804 1817 4860; x_wconf 86' lang='lat' dir='ltr'>XII</span> <span class='ocrx_word' id='word_1_779' title='bbox 1843 4805 1918 4860; x_wconf 91' lang='lat' dir='ltr'>tabb.</span> 
     </span>
     <span class='ocr_line' id='line_1_54' title="bbox 231 4891 1919 4968; baseline -0.005 -15"><span class='ocrx_word' id='word_1_780' title='bbox 231 4895 365 4953; x_wconf 75' lang='lat' dir='ltr'>caedibus</span> <span class='ocrx_word' id='word_1_781' title='bbox 394 4912 427 4949; x_wconf 90' lang='lat' dir='ltr'>eo</span> <span class='ocrx_word' id='word_1_782' title='bbox 452 4896 613 4968; x_wconf 84' lang='lat' dir='ltr'>diligentius</span> <span class='ocrx_word' id='word_1_783' title='bbox 638 4894 692 4949; x_wconf 85' lang='lat' dir='ltr'>albi</span> <span class='ocrx_word' id='word_1_784' title='bbox 722 4893 803 4962; x_wconf 88' lang='lat' dir='ltr'>cavit,</span> <span class='ocrx_word' id='word_1_785' title='bbox 829 4910 885 4963; x_wconf 87' lang='lat' dir='ltr'>qua</span> <span class='ocrx_word' id='word_1_786' title='bbox 908 4894 1015 4947; x_wconf 89' lang='lat' dir='ltr'>ratione</span> <span class='ocrx_word' id='word_1_787' title='bbox 1035 4902 1063 4946; x_wconf 91' lang='lat' dir='ltr'>et</span> <span class='ocrx_word' id='word_1_788' title='bbox 1085 4894 1133 4964; x_wconf 86' lang='lat' dir='ltr'>jus</span> <span class='ocrx_word' id='word_1_789' title='bbox 1151 4893 1261 4948; x_wconf 86' lang='lat' dir='ltr'>talionis</span> <span class='ocrx_word' id='word_1_790' title='bbox 1279 4893 1332 4949; x_wconf 85' lang='lat' dir='ltr'>fuit</span> <span class='ocrx_word' id='word_1_791' title='bbox 1349 4893 1485 4949; x_wconf 85' lang='lat' dir='ltr'>sancitum</span> <span class='ocrx_word' id='word_1_792' title='bbox 1510 4891 1553 4948; x_wconf 86' lang='lat' dir='ltr'>his</span> <span class='ocrx_word' id='word_1_793' title='bbox 1578 4893 1686 4946; x_wconf 79' lang='lat' dir='ltr'>verbis:</span> <span class='ocrx_word' id='word_1_794' title='bbox 1713 4893 1748 4946; x_wconf 86' lang='lat' dir='ltr'>Si</span> <span class='ocrx_word' id='word_1_795' title='bbox 1769 4892 1919 4946; x_wconf 78' lang='lat' dir='ltr'>membrum</span> 
     </span>
     <span class='ocr_line' id='line_1_55' title="bbox 230 4977 1919 5052; baseline -0.004 -13"><span class='ocrx_word' id='word_1_796' title='bbox 230 4981 355 5039; x_wconf 85' lang='lat' dir='ltr'>laedenti</span> <span class='ocrx_word' id='word_1_797' title='bbox 373 4988 400 5036; x_wconf 88' lang='lat' dir='ltr'>et</span> <span class='ocrx_word' id='word_1_798' title='bbox 419 4981 494 5036; x_wconf 87' lang='lat' dir='ltr'>laeso</span> <span class='ocrx_word' id='word_1_799' title='bbox 514 4982 582 5038; x_wconf 88' lang='lat' dir='ltr'>haec</span> <span class='ocrx_word' id='word_1_800' title='bbox 600 4983 643 5037; x_wconf 83' lang='lat' dir='ltr'>lex</span> <span class='ocrx_word' id='word_1_801' title='bbox 662 4980 774 5052; x_wconf 84' lang='lat' dir='ltr'>profuit,</span> <span class='ocrx_word' id='word_1_802' title='bbox 793 4980 821 5033; x_wconf 93' lang='lat' dir='ltr'>in</span> <span class='ocrx_word' id='word_1_803' title='bbox 839 4979 887 5033; x_wconf 91' lang='lat' dir='ltr'>illo</span> <span class='ocrx_word' id='word_1_804' title='bbox 905 4995 1063 5050; x_wconf 87' lang='lat' dir='ltr'>compressa</span> <span class='ocrx_word' id='word_1_805' title='bbox 1088 4982 1174 5051; x_wconf 84' lang='lat' dir='ltr'>rupit,</span> <span class='ocrx_word' id='word_1_806' title='bbox 1195 4983 1227 5033; x_wconf 82' lang='lat' dir='ltr'>ei</span> <span class='ocrx_word' id='word_1_807' title='bbox 1244 4996 1305 5033; x_wconf 89' lang='lat' dir='ltr'>cum</span> <span class='ocrx_word' id='word_1_808' title='bbox 1325 4996 1355 5033; x_wconf 89' lang='lat' dir='ltr'>eo</span> <span class='ocrx_word' id='word_1_809' title='bbox 1373 4982 1466 5050; x_wconf 82' lang='lat' dir='ltr'>perit,</span> <span class='ocrx_word' id='word_1_810' title='bbox 1494 4980 1565 5034; x_wconf 81' lang='lat' dir='ltr'>tutio</span> <span class='ocrx_word' id='word_1_811' title='bbox 1588 4988 1656 5032; x_wconf 80' lang='lat' dir='ltr'>erto.</span> <span class='ocrx_word' id='word_1_812' title='bbox 1693 4977 1779 5050; x_wconf 83' lang='lat' dir='ltr'>Apud</span> <span class='ocrx_word' id='word_1_813' title='bbox 1797 4977 1919 5034; x_wconf 78' lang='lat' dir='ltr'>Galbam</span> 
     </span>
     <span class='ocr_line' id='line_1_56' title="bbox 230 5065 1920 5138; baseline -0.004 -12"><span class='ocrx_word' id='word_1_814' title='bbox 230 5069 400 5126; x_wconf 68' lang='lat' dir='ltr'>talentinus</span> <span class='ocrx_word' id='word_1_815' title='bbox 419 5067 508 5130; x_wconf 87' lang='lat' dir='ltr'>noxia,</span> <span class='ocrx_word' id='word_1_816' title='bbox 528 5067 594 5120; x_wconf 89' lang='lat' dir='ltr'>dum</span> <span class='ocrx_word' id='word_1_817' title='bbox 613 5067 711 5122; x_wconf 87' lang='lat' dir='ltr'>metuit</span> <span class='ocrx_word' id='word_1_818' title='bbox 729 5065 854 5138; x_wconf 89' lang='lat' dir='ltr'>ejusdem</span> <span class='ocrx_word' id='word_1_819' title='bbox 872 5065 937 5118; x_wconf 92' lang='lat' dir='ltr'>mali</span> <span class='ocrx_word' id='word_1_820' title='bbox 956 5065 1062 5135; x_wconf 84' lang='lat' dir='ltr'>passio·</span> <span class='ocrx_word' id='word_1_821' title='bbox 1088 5066 1136 5122; x_wconf 90' lang='lat' dir='ltr'>lib.</span> <span class='ocrx_word' id='word_1_822' title='bbox 1156 5072 1196 5120; x_wconf 80' lang='lat'>20.</span> <span class='ocrx_word' id='word_1_823' title='bbox 1215 5066 1337 5121; x_wconf 87' lang='lat' dir='ltr'>noctium</span> <span class='ocrx_word' id='word_1_824' title='bbox 1355 5066 1511 5123; x_wconf 89' lang='lat' dir='ltr'>Atticarum</span> <span class='ocrx_word' id='word_1_825' title='bbox 1537 5082 1597 5136; x_wconf 84' lang='lat' dir='ltr'>cap.</span> <span class='ocrx_word' id='word_1_826' title='bbox 1624 5070 1643 5119; x_wconf 83' lang='lat' dir='ltr'>t.</span> <span class='ocrx_word' id='word_1_827' title='bbox 1664 5065 1842 5119; x_wconf 75' lang='lat' dir='ltr'>Piieeeriuur</span> <span class='ocrx_word' id='word_1_828' title='bbox 1861 5065 1920 5136; x_wconf 90' lang='lat' dir='ltr'>phi-</span> 
     </span>
     <span class='ocr_line' id='line_1_57' title="bbox 231 5150 1919 5229; baseline -0.005 -16"><span class='ocrx_word' id='word_1_829' title='bbox 231 5153 478 5229; x_wconf 82' lang='lat' dir='ltr'>nem,quodaliis</span> <span class='ocrx_word' id='word_1_830' title='bbox 497 5153 605 5223; x_wconf 85' lang='lat' dir='ltr'>inflixit,</span> <span class='ocrx_word' id='word_1_831' title='bbox 624 5154 745 5211; x_wconf 84' lang='lat' dir='ltr'>inlaeso</span> <span class='ocrx_word' id='word_1_832' title='bbox 766 5153 904 5207; x_wconf 81' lang='lat' dir='ltr'>vindictae</span> <span class='ocrx_word' id='word_1_833' title='bbox 925 5152 1061 5223; x_wconf 89' lang='lat' dir='ltr'>cupidita·</span> <span class='ocrx_word' id='word_1_834' title='bbox 1091 5150 1221 5222; x_wconf 85' lang='lat' dir='ltr'>losophus</span> <span class='ocrx_word' id='word_1_835' title='bbox 1248 5168 1311 5206; x_wconf 89' lang='lat' dir='ltr'>cum</span> <span class='ocrx_word' id='word_1_836' title='bbox 1337 5152 1421 5209; x_wconf 87' lang='lat' dir='ltr'>Sexto</span> <span class='ocrx_word' id='word_1_837' title='bbox 1449 5151 1570 5207; x_wconf 84' lang='lat' dir='ltr'>Caecilio</span> <span class='ocrx_word' id='word_1_838' title='bbox 1601 5151 1635 5205; x_wconf 92' lang='lat' dir='ltr'>de</span> <span class='ocrx_word' id='word_1_839' title='bbox 1665 5151 1805 5223; x_wconf 84' lang='lat' dir='ltr'>aequitate</span> <span class='ocrx_word' id='word_1_840' title='bbox 1836 5151 1919 5221; x_wconf 85' lang='lat' dir='ltr'>bujua</span> 
     </span>
     <span class='ocr_line' id='line_1_58' title="bbox 232 5236 1919 5312; baseline -0.004 -15"><span class='ocrx_word' id='word_1_841' title='bbox 232 5250 288 5299; x_wconf 84' lang='lat' dir='ltr'>ten</span> <span class='ocrx_word' id='word_1_842' title='bbox 308 5240 486 5312; x_wconf 86' lang='lat' dir='ltr'>temperavit,</span> <span class='ocrx_word' id='word_1_843' title='bbox 514 5257 549 5294; x_wconf 89' lang='lat' dir='ltr'>ne</span> <span class='ocrx_word' id='word_1_844' title='bbox 575 5241 730 5311; x_wconf 87' lang='lat' dir='ltr'>graviorem</span> <span class='ocrx_word' id='word_1_845' title='bbox 755 5241 886 5295; x_wconf 88' lang='lat' dir='ltr'>ultionem</span> <span class='ocrx_word' id='word_1_846' title='bbox 913 5243 1059 5308; x_wconf 82' lang='lat' dir='ltr'>expeteret.</span> <span class='ocrx_word' id='word_1_847' title='bbox 1090 5239 1160 5310; x_wconf 86' lang='lat' dir='ltr'>legis</span> <span class='ocrx_word' id='word_1_848' title='bbox 1180 5238 1303 5309; x_wconf 87' lang='lat' dir='ltr'>disputat</span> <span class='ocrx_word' id='word_1_849' title='bbox 1320 5257 1436 5312; x_wconf 90' lang='lat' dir='ltr'>eamque</span> <span class='ocrx_word' id='word_1_850' title='bbox 1455 5237 1586 5293; x_wconf 83' lang='lat' dir='ltr'>Romanis</span> <span class='ocrx_word' id='word_1_851' title='bbox 1612 5236 1639 5290; x_wconf 92' lang='lat' dir='ltr'>in</span> <span class='ocrx_word' id='word_1_852' title='bbox 1660 5254 1713 5291; x_wconf 90' lang='lat' dir='ltr'>usu</span> <span class='ocrx_word' id='word_1_853' title='bbox 1731 5237 1816 5292; x_wconf 88' lang='lat' dir='ltr'>fuisse</span> <span class='ocrx_word' id='word_1_854' title='bbox 1836 5245 1919 5292; x_wconf 83' lang='lat' dir='ltr'>teate·</span> 
     </span>
     <span class='ocr_line' id='line_1_59' title="bbox 232 5321 1919 5400; baseline -0.005 -15"><span class='ocrx_word' id='word_1_855' title='bbox 232 5328 306 5394; x_wconf 85' lang='lat' dir='ltr'>Quin</span> <span class='ocrx_word' id='word_1_856' title='bbox 324 5336 353 5384; x_wconf 86' lang='lat' dir='ltr'>et</span> <span class='ocrx_word' id='word_1_857' title='bbox 370 5326 591 5400; x_wconf 81' lang='lat' dir='ltr'>magistratibus,</span> <span class='ocrx_word' id='word_1_858' title='bbox 619 5329 722 5400; x_wconf 91' lang='lat' dir='ltr'>quippe</span> <span class='ocrx_word' id='word_1_859' title='bbox 746 5327 847 5397; x_wconf 86' lang='lat' dir='ltr'>quibus</span> <span class='ocrx_word' id='word_1_860' title='bbox 871 5321 936 5379; x_wconf 89' lang='lat' dir='ltr'>solis</span> <span class='ocrx_word' id='word_1_861' title='bbox 960 5324 1063 5380; x_wconf 89' lang='lat' dir='ltr'>licebat</span> <span class='ocrx_word' id='word_1_862' title='bbox 1090 5334 1142 5379; x_wconf 89' lang='lat' dir='ltr'>tur.</span> <span class='ocrx_word' id='word_1_863' title='bbox 1175 5323 1252 5380; x_wconf 92' lang='lat' dir='ltr'>Idem</span> <span class='ocrx_word' id='word_1_864' title='bbox 1272 5325 1357 5381; x_wconf 83' lang='lat' dir='ltr'>refert</span> <span class='ocrx_word' id='word_1_865' title='bbox 1372 5325 1531 5382; x_wconf 81' lang='lat' dir='ltr'>Alexander</span> <span class='ocrx_word' id='word_1_866' title='bbox 1553 5324 1590 5378; x_wconf 88' lang='lat' dir='ltr'>ab</span> <span class='ocrx_word' id='word_1_867' title='bbox 1609 5324 1688 5380; x_wconf 89' lang='lat' dir='ltr'>Alex.</span> <span class='ocrx_word' id='word_1_868' title='bbox 1708 5322 1757 5380; x_wconf 85' lang='lat' dir='ltr'>lib.</span> <span class='ocrx_word' id='word_1_869' title='bbox 1777 5331 1800 5380; x_wconf 80' lang='grc'>6.</span> <span class='ocrx_word' id='word_1_870' title='bbox 1820 5322 1919 5396; x_wconf 88' lang='lat' dir='ltr'>genial.</span> 
     </span>
     <span class='ocr_line' id='line_1_60' title="bbox 103 5408 1918 5487; baseline -0.003 -17"><span class='ocrx_word' id='word_1_871' title='bbox 103 5424 159 5471; x_wconf 76' lang='lat' dir='ltr'>xiv.</span> <span class='ocrx_word' id='word_1_872' title='bbox 174 5421 220 5471; x_wconf 78' lang='lat' dir='ltr'>lta</span> <span class='ocrx_word' id='word_1_873' title='bbox 231 5431 349 5487; x_wconf 86' lang='lat' dir='ltr'>poenam</span> <span class='ocrx_word' id='word_1_874' title='bbox 368 5414 479 5471; x_wconf 88' lang='lat' dir='ltr'>talionis</span> <span class='ocrx_word' id='word_1_875' title='bbox 495 5413 631 5485; x_wconf 90' lang='lat' dir='ltr'>irrogare,</span> <span class='ocrx_word' id='word_1_876' title='bbox 659 5415 812 5486; x_wconf 86' lang='lat' dir='ltr'>aequalitas</span> <span class='ocrx_word' id='word_1_877' title='bbox 832 5413 861 5467; x_wconf 91' lang='lat' dir='ltr'>in</span> <span class='ocrx_word' id='word_1_878' title='bbox 878 5411 973 5484; x_wconf 87' lang='lat' dir='ltr'>poenis</span> <span class='ocrx_word' id='word_1_879' title='bbox 994 5411 1062 5467; x_wconf 87' lang='lat' dir='ltr'>irro-</span> <span class='ocrx_word' id='word_1_880' title='bbox 1090 5427 1149 5477; x_wconf 87' lang='lat' dir='ltr'>cap.</span> <span class='ocrx_word' id='word_1_881' title='bbox 1178 5417 1214 5467; x_wconf 79' lang='lat' dir='ltr'>to.</span> <span class='ocrx_word' id='word_1_882' title='bbox 1250 5412 1415 5470; x_wconf 77' lang='lat' dir='ltr'>Aristoteles</span> <span class='ocrx_word' id='word_1_883' title='bbox 1434 5412 1481 5467; x_wconf 90' lang='lat' dir='ltr'>lib.</span> <span class='ocrx_word' id='word_1_884' title='bbox 1508 5417 1531 5465; x_wconf 84' lang='lat'>5.</span> <span class='ocrx_word' id='word_1_885' title='bbox 1556 5409 1640 5464; x_wconf 90' lang='lat' dir='ltr'>ethic.</span> <span class='ocrx_word' id='word_1_886' title='bbox 1665 5408 1823 5468; x_wconf 88' lang='lat' dir='ltr'>Nicomach.</span> <span class='ocrx_word' id='word_1_887' title='bbox 1851 5427 1874 5464; x_wconf 87' lang='lat' dir='ltr'>c.</span> <span class='ocrx_word' id='word_1_888' title='bbox 1895 5414 1918 5465; x_wconf 79' lang='grc' dir='ltr'>Β.</span> 
     </span>
     <span class='ocr_line' id='line_1_61' title="bbox 230 5495 1920 5579; baseline -0.001 -22"><span class='ocrx_word' id='word_1_889' title='bbox 230 5502 335 5579; x_wconf 83' lang='lat' dir='ltr'>gandia·</span> <span class='ocrx_word' id='word_1_890' title='bbox 349 5504 401 5558; x_wconf 87' lang='lat' dir='ltr'>hae</span> <span class='ocrx_word' id='word_1_891' title='bbox 419 5502 483 5576; x_wconf 76' lang='lat' dir='ltr'>lege</span> <span class='ocrx_word' id='word_1_892' title='bbox 499 5500 554 5556; x_wconf 87' lang='lat' dir='ltr'>fuit</span> <span class='ocrx_word' id='word_1_893' title='bbox 569 5501 754 5572; x_wconf 86' lang='lat' dir='ltr'>praescripta,</span> <span class='ocrx_word' id='word_1_894' title='bbox 772 5518 817 5556; x_wconf 89' lang='lat' dir='ltr'>ne</span> <span class='ocrx_word' id='word_1_895' title='bbox 838 5496 884 5555; x_wconf 84' lang='lat' dir='ltr'>vel</span> <span class='ocrx_word' id='word_1_896' title='bbox 901 5499 1012 5556; x_wconf 90' lang='lat' dir='ltr'>modum</span> <span class='ocrx_word' id='word_1_897' title='bbox 1031 5498 1060 5554; x_wconf 95' lang='lat' dir='ltr'>in</span> <span class='ocrx_word' id='word_1_898' title='bbox 1092 5497 1126 5552; x_wconf 92' lang='lat' dir='ltr'>de</span> <span class='ocrx_word' id='word_1_899' title='bbox 1145 5498 1331 5573; x_wconf 82' lang='lat' dir='ltr'>Pythagoreis</span> <span class='ocrx_word' id='word_1_900' title='bbox 1348 5499 1447 5563; x_wconf 85' lang='lat' dir='ltr'>tradit,</span> <span class='ocrx_word' id='word_1_901' title='bbox 1474 5495 1548 5567; x_wconf 91' lang='lat' dir='ltr'>quod</span> <span class='ocrx_word' id='word_1_902' title='bbox 1575 5495 1605 5550; x_wconf 76' lang='lat' dir='ltr'>ri</span> <span class='ocrx_word' id='word_1_903' title='bbox 1629 5499 1739 5555; x_wconf 73' lang='grc' dir='ltr'><strong><em>δίκαιον</em></strong></span> <span class='ocrx_word' id='word_1_904' title='bbox 1764 5495 1920 5555; x_wconf 87' lang='lat' dir='ltr'>definierint</span> 
     </span>
    </p>
   </div>
   <div class='ocr_carea' id='block_1_3' title="bbox 0 0 2014 6005">
    <p class='ocr_par' dir='ltr' id='par_1_3' title="bbox 0 0 2014 6005">
     <span class='ocr_line' id='line_1_62' title="bbox 0 0 2014 6005; baseline 0 0"><span class='ocrx_word' id='word_1_905' title='bbox 0 0 2014 6005; x_wconf 95' lang='lat' dir='ltr'> </span> 
     </span>
    </p>
   </div>
  </div>
 </body>
</html>
