4020 6014
626 220 677 276 DE
694 218 915 283 lssNISTERIO
934 218 1235 281 secunsmsrleu
1737 231 1775 288 5⁷

89 375 301 432 circumstantiis
325 381 425 432 textus-
441 382 470 433 et
501 395 536 432 ex
560 375 659 433 Mittis
686 396 709 432 c.
736 382 775 434 ta
800 392 857 446 seq.
884 374 920 429 ad
947 377 1054 431 diatim
1083 381 1125 433 ad
1152 386 1237 434 totrsm
1269 377 1444 450 empurium
1476 394 1558 448 msam
1585 379 1626 433 od
1652 377 1779 447 aliquam

88 462 160 532 quod
178 463 363 518 Bellarminus
391 470 414 520 2.
440 463 481 518 sic
506 465 615 535 excipit,
640 465 770 533 promitti
785 463 920 517 ecclesiae
940 473 1055 532 partem
1074 466 1214 536 suppositi
1241 466 1366 534 mmmeis
1389 464 1591 518 nobilissimam
1626 464 1778 530 intendero,

84 551 391 618 potestatemsolcendi
404 551 561 619 etliyandi,
579 552 630 605 secl
647 567 718 619 ossae
737 552 766 602 in
779 549 920 620 praelatis
946 568 1060 620 eamque
1093 554 1126 606 ol
1158 570 1272 604 causam
1305 552 1472 615 facultatem
1503 551 1634 619 ridendi,
1661 549 1780 619 exempli

87 637 125 705 dt,
152 656 209 690 non
233 639 264 690 in
288 639 400 708 reliquo
426 639 613 694 multitudine.
661 640 731 693 Vere
760 638 832 691 enim
862 636 933 712 atei,
945 639 1048 704 pratia,
1067 639 1117 692 toti
1136 640 1232 691 datam
1252 654 1311 691 esse
1328 639 1447 707 bomini,
1470 645 1501 690 ut
1515 654 1570 708 per
1589 636 1700 692 oculum
1717 644 1778 689 tan·

87 724 232 779 ecclesiam
255 727 361 780 soluere
386 734 410 780 ct
434 727 535 796 lipare,
554 727 621 795 quia
640 726 769 798 praelati
785 725 848 793 ejus
865 724 920 777 sol·
945 740 1028 790 quam
1044 741 1098 794 per
1116 741 1252 793 erpanum
1277 731 1302 777 et
1323 724 1480 777 minuerem
1499 723 1618 777 laminis
1640 737 1777 775 exercere-
1871 768 1875 775 .

86 819 151 864 eunt
175 819 202 864 et
223 813 328 881 lipant,
355 816 587 882 quemadmodum
610 813 690 866 ltorno
715 811 820 866 dicitur
843 809 922 878 loqui
947 817 1001 877 tur,
1014 829 1079 863 noes
1094 813 1191 865 oculus
1200 830 1255 881 per
1267 820 1293 865 et
1303 818 1423 882 propter
1435 811 1571 864 hominem
1585 810 1687 864 existit.
1714 809 1778 862 Hoc

88 905 113 948 et
133 898 244 959 cidere.
268 899 333 953 licet
353 916 409 952 nou
430 901 487 953 nisi
516 899 614 968 linpua
638 899 772 968 loquatur
788 905 815 950 et
832 896 921 950 caelis
947 897 1101 962 infallibili
1136 898 1233 952 sciolo
1266 897 1440 951 Parisiensis
1466 898 1573 950 munita
1600 898 1777 966 firosamento
1792 900 1866 944 ΗΜ.
1880 902 1913 946 st.

87 984 189 1038 rideat.
236 984 270 1038 Id
300 985 400 1056 probat
426 986 476 1040 uti
500 992 674 1057 argumente:
703 986 759 1039 Illi
786 984 920 1039 ecelesiae
947 992 1129 1052 eonpruenter
1148 986 1189 1037 ad
1206 993 1321 1038 meatem
1345 985 1465 1038 omnium
1485 983 1675 1052 antiquiorum
1694 982 1775 1036 eccle·

87 1072 206 1141 dicitur,
230 1090 407 1142 qisaecunqsce
430 1074 630 1141 namucencis,
658 1074 693 1126 dc
716 1089 772 1141 qua
793 1073 824 1124 in
836 1087 920 1142 proe-
947 1070 1780 1142 siaedoetorumperpetuoconstanterousdocuit,Uiriatum

87 1159 246 1212 redemitus
266 1167 308 1212 est
326 1161 437 1223 dictum,
453 1160 501 1212 dic
522 1160 664 1215 ecclesias.
701 1159 761 1214 See
773 1175 828 1230 per
845 1157 922 1210 illud
940 1157 1099 1224 fundando
1136 1158 1282 1212 ecclesiam
1318 1158 1428 1228 primus
1470 1157 1660 1210 immediatius
1697 1165 1778 1226 atquc

88 1246 131 1298 dic
157 1245 304 1309 ecclesiae,
335 1246 503 1314 intellipitur
525 1247 672 1316 praelatus
698 1253 747 1299 aut
771 1244 920 1298 concilium
948 1245 1124 1299 essentialius
1148 1245 1241 1299 classe
1266 1245 1323 1298 sice
1348 1245 1576 1312 jurisdictionem
1600 1245 1651 1298 toti
1667 1245 1780 1298 dodim

82 1332 288 1403 praelatorum.
307 1334 395 1399 Erpa.
430 1331 654 1403 Respondemus:
676 1340 698 1388 t.
716 1331 790 1385 unde
801 1329 920 1400 probare
947 1332 1079 1386 ecclesiae
1098 1349 1182 1400 mom
1203 1332 1298 1400 Petro,
1316 1348 1365 1384 seu
1382 1333 1460 1400 estod
1474 1333 1570 1385 eodem
1584 1332 1667 1396 redit,
1686 1331 1779 1384 classe

86 1418 189 1488 poterit
201 1418 394 1486 bellarminus,
412 1419 522 1473 nomine
543 1419 676 1474 ecclesiae
693 1418 723 1471 in
741 1416 796 1471 illis
816 1414 920 1469 Christi
947 1419 1000 1472 toti
1016 1419 1166 1472 cometissa
1183 1417 1324 1482 ecclesiae,
1342 1425 1372 1471 ut
1384 1434 1439 1486 per
1452 1435 1536 1470 unum
1556 1417 1779 1471 ministerialiter

86 1504 190 1569 verbis,
215 1507 261 1558 dic
286 1504 435 1572 ecclesiae,
460 1504 579 1575 intelligi
598 1504 686 1559 solum
703 1503 858 1574 praelatum
875 1500 919 1556 vel
945 1514 1153 1572 exercerentur,
1181 1504 1408 1574 qimrsdoquidem
1435 1512 1492 1557 tota
1511 1504 1673 1572 jurisdictio
1694 1503 1777 1557 eccle·

86 1591 234 1645 concilium
268 1589 476 1661 praelatorum?
512 1589 592 1645 Solus
626 1591 766 1660 praelatus
796 1606 852 1643 non
878 1595 920 1642 est
946 1594 1062 1647 siastica
1077 1592 1233 1663 primorie,
1253 1591 1374 1660 proprie
1392 1609 1425 1644 ac
1444 1591 1626 1645 meentialiter
1647 1590 1779 1643 ecclesiae

86 1677 213 1745 ecclesia,
235 1678 310 1748 quod
323 1677 525 1749 agnoscitipse
536 1677 721 1733 Bellarminus
739 1676 779 1730 sic
797 1675 919 1731 scribens
946 1680 1085 1748 convenit,
1109 1681 1237 1733 Botriano
1262 1687 1353 1733 autem
1376 1678 1508 1749 pontifici
1524 1686 1606 1747 atque
1635 1677 1703 1731 aliis
1722 1677 1778 1748 epi·

85 1765 132 1820 lib.
163 1770 201 1820 3..
216 1764 250 1820 de
275 1764 393 1820 ecclesia
416 1782 439 1819 c.
469 1771 508 1820 ll.
535 1765 609 1819 drea
627 1763 687 1820 fin:
717 1765 778 1816 Una
792 1780 918 1832 persona
946 1767 1039 1833 scopis
1075 1765 1339 1834 instrumentaliter,
1367 1764 1590 1818 ministerialiter
1623 1772 1649 1817 et
1684 1764 1779 1831 quoad

84 1870 140 1905 non
154 1859 248 1920 potest
265 1853 324 1905 dici
341 1852 466 1920 ecclesia,
485 1871 546 1904 mon
563 1852 682 1905 eeclesia
700 1852 736 1904 sit
752 1851 876 1922 populus
894 1858 920 1903 et
946 1852 1131 1906 executionem
1158 1859 1278 1920 tantum,
1302 1851 1375 1905 sicut
1397 1851 1526 1916 facultas
1549 1851 1665 1904 uidendi
1690 1849 1778 1905 oculo.

84 1955 201 2006 repnum
219 1940 286 1995 Dei.
323 1939 382 1996 Nec
407 1938 553 1993 concilium
576 1939 762 2010 praelatorum
780 1938 837 1993 sire
862 1935 919 2006 epi·
946 1947 971 1996 4.
992 1937 1196 2009 Distinguimus
1215 1955 1282 2007 ergo
1300 1937 1372 1991 inter
1390 1943 1557 2007 potestatem
1575 1936 1666 2007 ipsam
1683 1942 1712 1991 et
1728 1952 1776 2005 po·

85 2040 233 2094 scoparum
249 2030 292 2080 est
317 2025 446 2093 ecclesia,
472 2025 538 2095 quia
555 2025 592 2080 ud
617 2024 763 2080 ecclesiam
779 2023 919 2093 pertinent
947 2025 1054 2080 testatis
1080 2024 1278 2080 executionem.
1319 2023 1448 2079 Potestas
1479 2023 1541 2093 ipsa
1564 2031 1606 2078 est
1632 2027 1661 2077 et
1687 2028 1778 2077 menet

85 2110 168 2166 etiam
196 2112 351 2181 auditores,
377 2113 425 2184 qui
453 2111 627 2168 essentialem
653 2113 714 2182 ejus
732 2109 918 2166 definitionem
945 2128 1029 2181 penes
1049 2111 1201 2174 ecclesiam,
1221 2111 1270 2166 sed
1284 2110 1409 2165 executio
1420 2108 1496 2163 illius
1513 2108 1657 2178 potestatis
1676 2108 1711 2163 fit
1728 2123 1779 2180 per

5 2221 11 2239 ·
85 2197 287 2270 ingrediuntur.
322 2198 362 2254 Ut
384 2199 483 2254 civitas
505 2217 560 2254 non
585 2206 747 2254 constater
765 2197 872 2253 medico
890 2202 919 2251 et
945 2198 1089 2267 episcopos
1107 2196 1245 2266 seniores,
1262 2195 1315 2250 hoc
1332 2202 1376 2251 est
1392 2214 1442 2267 per
1462 2194 1643 2250 ministerium
1660 2199 1688 2249 et
1707 2195 1777 2263 illos,

85 2284 201 2348 medico,
221 2286 269 2340 sed
287 2302 320 2341 ex
338 2285 446 2341 medico
464 2292 492 2341 et
509 2286 646 2358 agricole3
671 2287 711 2341 its
729 2284 847 2341 ecclesis
864 2300 919 2337 non
945 2284 992 2355 qui
1016 2283 1140 2354 reliquae
1164 2282 1297 2338 ecclesias
1320 2282 1411 2338 locum
1432 2286 1654 2353 repraesentant.
1690 2280 1777 2353 (lujm

85 2378 193 2425 constat
212 2388 245 2427 ex
264 2371 394 2442 episcopo
412 2379 440 2427 et
459 2372 607 2443 episcopo,
626 2373 674 2426 sed
695 2390 728 2427 ex
745 2371 874 2443 episcopo
890 2377 919 2424 et
944 2370 1053 2425 nomine
1078 2375 1105 2425 et
1127 2370 1293 2425 auctoritate
1317 2369 1349 2425 fit
1375 2369 1500 2424 executio
1518 2369 1677 2440 potestatis,
1703 2368 1776 2425 illius

84 2457 266 2512 auditoribus.
315 2463 339 2514 2.
374 2457 427 2520 At,
466 2458 572 2528 inquis,
603 2458 766 2528 intelligitur
801 2456 918 2513 ecclesia
944 2465 987 2512 est
1012 2462 1040 2511 et
1063 2462 1156 2513 munet
1177 2463 1300 2527 potestas
1326 2456 1446 2527 propria.
1482 2454 1546 2510 lam
1571 2453 1635 2511 re'ro
1653 2456 1776 2511 executio

85 2544 340 2616 repraesentativa,
360 2561 416 2598 non
432 2544 575 2599 collective
598 2550 703 2610 sumta,
721 2561 785 2599 cum
804 2544 839 2599 de
859 2549 917 2599 tota
944 2544 1088 2616 potestatis
1120 2544 1322 2600 ecclesiasticae
1354 2544 1383 2598 in
1421 2543 1553 2598 vocandis
1585 2550 1613 2598 et
1640 2541 1776 2614 eligendis

85 2630 203 2686 ecclesia
234 2630 377 2686 collective
407 2638 498 2686 sumta
527 2649 583 2686 non
612 2631 701 2703 possit
731 2631 820 2702 accipi
847 2631 916 2684 illud
944 2630 1089 2696 ministris,
1116 2631 1144 2684 ln
1170 2630 1308 2685 solvendis
1326 2636 1355 2685 et
1373 2629 1521 2701 illigandis
1539 2629 1659 2701 peccatis
1677 2628 1710 2683 fit
1727 2646 1774 2684 nu·

84 2716 200 2784 Christi,
225 2720 272 2772 elis
291 2720 431 2773 ecclesiae.
466 2719 691 2791 Respondemus:
718 2718 769 2772 soli
794 2718 917 2789 episcopi
943 2717 1017 2772 mine
1035 2722 1063 2772 et
1081 2717 1247 2772 auctoritate
1267 2716 1351 2771 totius
1369 2715 1510 2770 ecclesiae.
1547 2715 1623 2787 Ergo
1640 2715 1715 2769 illius
1732 2721 1775 2770 est
1860 2780 1862 2785 y

84 2805 142 2860 sive
160 2806 290 2861 docentes
314 2823 368 2860 non
392 2813 508 2877 possunt
533 2806 679 2862 ecclesiam
701 2812 916 2876 repraesentare,
944 2810 972 2859 et
1000 2810 1094 2858 manet
1124 2809 1247 2874 potestas
1269 2802 1318 2856 ills
1343 2803 1464 2874 propris.
1513 2808 1537 2857 5.
1563 2800 1775 2857 Consideremus

85 2909 148 2946 cum
166 2893 204 2947 sd
223 2892 409 2948 definitionem
424 2895 484 2965 ejus
497 2894 655 2965 pertineant
666 2893 750 2949 etiam
767 2893 915 2959 auditores,
944 2890 996 2945 hoc
1014 2890 1075 2944 loco
1093 2889 1262 2946 Israeliticae
1276 2888 1408 2944 ecclesiae
1421 2888 1529 2959 praxin,
1545 2888 1582 2942 ed
1594 2904 1677 2960 quarn
1689 2887 1775 2963 dubio

84 2979 134 3035 sed
152 2980 354 3051 presbyterium
373 2988 580 3052 repraesentare
600 2986 692 3050 potest
711 2977 863 3043 ecclesiam,
880 2978 916 3031 ad
944 2976 1040 3047 procul
1060 2974 1163 3031 Christi
1182 2974 1268 3030 verbs
1286 2980 1441 3045 respectum
1458 2974 1580 3046 aliquem
1597 2973 1709 3029 habent.
1741 2972 1775 3028 ln

84 3067 160 3138 quod
177 3084 233 3122 non
251 3067 339 3121 solum
357 3067 397 3120 illi
410 3067 557 3138 pertinent,
578 3068 625 3138 qui
644 3068 771 3123 laborant
781 3066 811 3119 in
823 3064 916 3133 verbo,
943 3078 978 3117 es
1007 3070 1132 3133 potestas
1162 3060 1433 3129 excommunicandi,
1466 3060 1502 3115 de
1538 3077 1595 3131 qua
1631 3059 1775 3131 speciatim

84 3154 133 3208 sed
153 3154 237 3208 etiam
256 3153 385 3219 seniores,
402 3154 562 3224 praepositi,
583 3153 708 3225 negotiis
722 3152 917 3208 ecclesiasticis
946 3146 1071 3203 Christus
1091 3148 1226 3220 loquitur,
1255 3164 1310 3202 non
1335 3153 1395 3202 erat
1413 3162 1499 3217 penes
1517 3147 1590 3201 solos
1608 3147 1775 3215 sacerdotes,

85 3241 195 3295 nomine
216 3240 301 3296 totius
320 3239 453 3295 ecclesiae
472 3240 651 3311 expediendis
669 3238 810 3311 preelecti.
846 3238 917 3292 Con·
944 3235 993 3291 sed
1019 3252 1105 3306 penes
1134 3240 1222 3290 toturn
1254 3234 1428 3304 synedrium,
1460 3234 1534 3305 quod
1570 3235 1715 3290 constabat
1741 3249 1775 3289 ex

85 3327 208 3382 cedimus
231 3327 332 3398 igitur,
356 3327 487 3381 ecclesiae
510 3328 620 3381 nomine
646 3326 764 3396 intelligi
781 3326 916 3387 doctores,
945 3323 1135 3378 sacerdotibus
1158 3328 1186 3377 et
1209 3320 1377 3386 senioribus,
1408 3320 1456 3391 qui
1480 3319 1615 3392 reliquam
1642 3320 1775 3377 ccclesiae

85 3431 153 3484 quos
184 3414 369 3468 Bellarminus
398 3419 480 3468 vocat
508 3413 662 3484 praelatos,
694 3414 744 3467 sed
774 3429 915 3483 negamus,
943 3417 1050 3480 partem
1082 3408 1337 3481 repraesentabunt.
1392 3413 1417 3463 6.
1447 3407 1525 3461 Idem
1552 3408 1654 3478 probat
1681 3408 1775 3479 praxis

85 3500 168 3570 plane
191 3500 316 3555 exclusos
337 3517 397 3555 esse
417 3500 569 3568 auditores,
595 3499 705 3553 illorum
728 3499 801 3554 enim
825 3499 916 3552 locum
944 3495 1266 3568 ecclesiaeapostelicae.
1295 3493 1451 3548 Incestuosi
1463 3494 1774 3550 excommunicationem

87 3592 294 3657 repraesentent
325 3588 459 3652 seniores,
493 3585 629 3640 nobiliora
661 3585 766 3640 scilicet
794 3584 917 3654 reliquae
944 3583 1086 3654 apostolus
1111 3600 1166 3636 non
1192 3581 1249 3636 sine
1272 3580 1406 3636 ecclesiae
1429 3579 1620 3635 Corinthiacus
1640 3597 1775 3645 consensu

88 3674 220 3729 ecclesiae
233 3672 366 3742 membra,
378 3674 426 3744 qui
441 3689 497 3728 una
511 3689 575 3727 cum
583 3670 734 3727 ministerio
747 3672 917 3727 constituunt
944 3670 1073 3740 suscepit.
1098 3676 1119 3726 1.
1139 3668 1200 3724 Cor.
1219 3675 1249 3730 5,
1275 3685 1300 3721 r.
1319 3672 1361 3722 421
1376 3666 1559 3736 Conarepatis
1577 3668 1654 3722 cobis
1671 3677 1697 3722 et
1714 3685 1774 3723 meo

87 3760 289 3830 presbyterium
306 3760 364 3814 sire
384 3759 462 3813 utin
480 3760 580 3812 nostris
601 3758 723 3814 ecclesiis
735 3775 834 3814 vocare
846 3757 916 3812 sole·
942 3758 1045 3827 spiritu
1064 3757 1095 3808 in
1117 3756 1226 3808 tremine
1244 3752 1365 3807 Domini
1386 3752 1476 3806 nostri
1497 3753 1569 3808 Jesu
1589 3752 1697 3808 Christi
1712 3771 1775 3808 con·

85 3863 145 3900 mus
157 3845 356 3915 consistorium,
374 3846 448 3916 quod
461 3846 594 3900 ecclesiae
609 3846 720 3900 nomine
731 3845 917 3900 ecclesiastica
941 3842 1021 3895 stetui
1035 3841 1198 3909 huiusmodi
1213 3840 1348 3893 bominem
1368 3841 1481 3893 tradere
1501 3833 1635 3895 Satanae.
1670 3847 1693 3896 2.
1713 3839 1773 3905 Cor.

85 3932 197 4005 negotia
223 3933 341 4004 expedit.
379 3938 403 3988 3.
427 3932 593 3987 Invertimus
613 3949 679 4003 ergo
704 3931 792 3985 simile
810 3931 915 3984 Bellar·
943 3935 969 3996 2,
1000 3947 1025 3982 r.
1059 3933 1087 3983 6:
1118 3927 1232 3992 Sufficit
1261 3927 1419 3980 istiusmodi
1448 3926 1555 3981 bomini
1578 3929 1734 3998 increpatio
1754 3947 1773 3982 a

85 4019 167 4074 mini:
186 4018 425 4085 Quemadmodum
443 4019 524 4075 hemo
542 4019 664 4090 loquitur
681 4019 779 4090 lingua
795 4024 824 4073 et
840 4016 916 4073 videt
937 4014 1070 4086 pluribus
1077 4015 1219 4084 profecta.
1243 4013 1313 4069 lude
1326 4013 1410 4068 etiarn
1422 4020 1511 4085 rogat,
1521 4020 1552 4069 ut
1562 4014 1610 4085 illi,
1623 4014 1671 4086 qui
1683 4014 1773 4071 fuerat

84 4108 169 4162 oculis
194 4112 328 4177 tanquam
353 4106 541 4162 instrumentis
569 4105 756 4173 naturalibus,
784 4120 856 4175 quae
878 4103 915 4158 ab
941 4101 1206 4162 excommunicatus,
1237 4100 1273 4154 eb
1307 4101 1434 4154 omnibus
1467 4101 1645 4156 condonetur.
1693 4099 1773 4165 Quae

84 4194 175 4248 anima
201 4199 356 4256 moventur,
392 4192 466 4247 uude
492 4192 603 4263 loquela
630 4199 658 4247 et
687 4192 757 4246 visio
783 4191 914 4245 tribuitur
940 4187 1172 4258 omnisprobunt‚
1190 4185 1386 4257 partemillam
1401 4186 1545 4256 potestatis
1558 4186 1771 4254 ecclesiasticae,

85 4280 187 4336 bomini
216 4286 248 4333 ut
280 4295 378 4333 causae
416 4279 563 4349 principali
594 4285 622 4333 et
652 4278 788 4350 principio
829 4278 913 4348 quod,
940 4292 1012 4347 quae
1042 4272 1351 4329 excommunicationem
1385 4272 1591 4343 complectitur,
1620 4273 1657 4327 ad
1685 4278 1770 4329 totam

84 4367 196 4439 linguae
211 4373 239 4420 et
256 4365 343 4419 oculis
356 4370 387 4419 ut
398 4381 498 4420 causae
519 4365 721 4420 msnumentali
738 4373 767 4420 et
777 4364 913 4434 principio
938 4361 1082 4417 ecclesium
1099 4360 1245 4431 pertinere.
1279 4357 1343 4413 lem
1356 4375 1421 4413 vero
1434 4358 1531 4418 eadem
1543 4364 1585 4414 est
1596 4359 1666 4414 ratio
1683 4359 1770 4429 partis
1795 4418 1798 4423 ,

83 4473 153 4527 qu03
178 4454 218 4508 sic
241 4452 356 4508 ecclesis
380 4452 458 4524 eligit
483 4458 511 4508 et
536 4452 680 4507 constituit
702 4452 841 4505 ministros
864 4467 913 4521 per
937 4447 1104 4518 illiusquam
1120 4446 1331 4501 vocationemet
1344 4445 1568 4501 constitutionem
1582 4444 1769 4500 ministrorum

83 4541 302 4612 presbyterium,
332 4539 407 4610 quod
434 4557 488 4594 non
514 4539 574 4610 egit
603 4539 712 4609 privato
739 4537 852 4593 arbitrio
880 4554 912 4592 sc
939 4534 1058 4604 respicit.
1082 4532 1157 4603 Ergo
1170 4532 1527 4604 eademquoqueadtotam
1535 4531 1768 4603 ecclesiamperti-

83 4629 192 4698 privata
210 4626 388 4690 auctoritate,
413 4625 462 4680 sed
480 4627 590 4680 nomine
608 4625 742 4681 ecclesiae
760 4625 852 4679 omnia
868 4640 914 4678 ex·
938 4620 1025 4676 nebit.
1038 4616 1770 4690 Coronidislocoexplicandasuntinsidiossillaverbe

85 4715 170 4786 pedit,
187 4714 227 4767 ita
245 4712 483 4784 uteeclesiaugat
494 4711 691 4783 principaliter,
711 4710 914 4781 presbyterium
940 4705 1109 4773 Bellsrmini,
1127 4705 1227 4776 quibus
1244 4707 1354 4773 asserit,
1372 4706 1488 4758 Petrum
1510 4704 1602 4758 claues
1620 4723 1640 4758 a
1659 4705 1769 4762 Christo

84 4799 337 4864 instrumentaliter,
354 4800 429 4854 unde
446 4800 529 4855 etiem
548 4797 674 4853 doctores
693 4797 733 4850 sic
751 4797 841 4852 receti
859 4814 914 4852 non
939 4801 1069 4863 acceptas
1092 4794 1280 4847 transmisisse
1310 4795 1351 4845 ad
1374 4809 1552 4846 successores.
1594 4792 1669 4858 Quid
1698 4794 1770 4850 euim

82 4886 258 4960 presbyterii,
278 4885 327 4941 sed
346 4886 481 4940 ecclesiae
506 4885 623 4939 ministri
641 4884 778 4938 dicuntur.
814 4883 914 4938 Refero
939 4880 992 4935 sibi
1016 4879 1082 4935 velit
1106 4879 1161 4934 illis
1190 4879 1294 4946 verbis,
1328 4877 1440 4948 exponit
1464 4877 1565 4934 Franc.
1609 4878 1718 4951 virgas
1742 4881 1771 4935 in

81 4974 137 5028 buc
160 4974 252 5028 locum
278 4973 421 5044 egregium
446 4989 480 5026 ex
499 4972 602 5042 scripto
628 4971 749 5043 quodam
767 4988 914 5041 anonymo,
939 4974 1020 5022 tract.
1041 4968 1075 5021 de
1088 4965 1189 5035 juried.
1212 4965 1363 5034 episcopor.
1386 4962 1435 5018 ubi
1453 4965 1549 5034 docet,
1560 4983 1648 5036 penes
1661 4984 1771 5038 popam

81 5062 162 5133 cujus
173 5067 270 5115 auctor
282 5059 336 5113 fuit
345 5058 516 5128 Pontificius,
528 5058 603 5114 edito
611 5056 739 5113 Francos.
752 5074 825 5114 anno
840 5062 914 5113 1612.
940 5056 1021 5108 Petri
1037 5069 1224 5106 successorem
1235 5059 1311 5104 sture
1326 5057 1492 5118 potestatem
1507 5053 1773 5121 excommunicandi,

82 5145 299 5216 subboctitulo,
333 5147 421 5199 Varia
441 5155 498 5198 tam
514 5146 665 5209 facultatis
684 5145 767 5200 tlteol.
780 5144 915 5197 etruriae
941 5140 1114 5201 absolvendi,
1142 5137 1342 5205 dispensandi,
1371 5153 1453 5190 casus
1476 5140 1655 5205 reservandi,
1680 5139 1772 5192 indul·

81 5234 261 5300 Parisiensis,
274 5250 358 5301 quarn
369 5233 489 5286 uliormn
502 5231 691 5300 tlooloporum
703 5239 729 5283 et
738 5231 915 5299 jureconsul-
941 5229 1049 5299 pontias
1067 5235 1092 5279 et
1105 5226 1236 5286 lersedeic
1255 5225 1430 5293 conserendi,
1448 5225 1524 5293 lepos
1534 5225 1668 5294 ponendi,
1687 5225 1772 5280 eecle-

82 5329 174 5375 toram
191 5318 330 5390 opraeula
345 5323 397 5375 etc.
414 5318 443 5372 in
462 5334 524 5386 cap.
542 5316 577 5371 de
594 5317 745 5372 ecclesiast.
764 5322 793 5370 et
811 5315 914 5387 politic.
941 5316 1084 5369 simticam
1108 5311 1296 5366 hierarchiam
1323 5312 1494 5384 moderandi
1520 5319 1569 5364 ete.
1596 5317 1678 5380 almae
1700 5311 1773 5366 banc

82 5412 220 5476 potestate
240 5423 314 5462 uum.
344 5412 370 5460 t:
411 5405 534 5473 Vulpare
552 5411 637 5472 atpm
655 5402 830 5458 indubitatas
841 5403 917 5472 fidei
939 5407 1102 5473 potestatem
1122 5415 1257 5452 asumma
1273 5399 1403 5468 pontifice
1420 5400 1462 5453 ad
1477 5397 1622 5468 meropes
1639 5396 1773 5469 derivari,

82 5495 195 5548 amoma
211 5501 265 5559 est,
291 5493 382 5546 Deum
407 5500 433 5544 st
458 5499 590 5545 acturam
611 5489 696 5561 prius
714 5498 800 5559 osque
821 5491 914 5544 imme-
941 5487 1054 5542 interim
1073 5495 1165 5540 tomen
1182 5485 1219 5539 in.
1231 5503 1263 5540 eo
1280 5493 1415 5554 tanquam
1438 5485 1516 5553 forits
1541 5485 1695 5555 repositam
1713 5501 1772 5541 esse
