4020 6014
222 346 261 406 88
806 331 927 391 Locus
946 326 1150 389 vlcesittus
1167 326 1329 386 TERTIUS

222 497 332 566 pontino
350 495 440 565 ipeiue
457 498 633 548 monumenta
660 491 817 546 evolverem
853 448 931 543 1666
950 485 986 542 66
1002 485 1054 539 Τ6·
1081 483 1145 540 fidei
1172 501 1239 539 6666
1270 483 1405 538 rationem
1433 481 1592 537 reddiderit
1638 479 1708 535 Cum
1737 477 1773 534 66
1803 475 1917 535 comitia

222 583 404 641 telbaehium:
430 583 494 650 Epo
512 581 620 650 scripta
636 576 753 633 [66666666
775 595 869 645 666666
865 575 977 643 focio,
1006 588 1055 624 666
1083 568 1306 626 Wormatiensia
1310 575 1438 625 evocatus
1448 567 1484 623 ab
1494 583 1590 622 amicte
1600 573 1766 634 moneretur
1776 583 1811 619 66
1825 565 1917 620 litoris

225 671 321 725 dubito
345 669 399 722 illa
424 671 487 732 fere
514 685 575 722 crem
605 665 732 735 epistolio
758 663 892 718 Paulinie
917 660 1055 728 conferre,
1081 658 1307 711 eelononductue
1331 656 1447 710 nimium
1464 656 1555 718 fidene
1578 655 1732 721 tyrannicis
1759 652 1922 722 lopatorum

225 758 294 823 (non
313 754 403 825 quoad
421 754 581 809 canonicam
595 750 795 815 auctoritatem,
815 748 865 803 sed
883 745 974 820 quoad
994 758 1055 798 ner·
1083 745 1294 815 Pontificiorum
1306 744 1421 798 insidiis
1438 759 1498 797 eeee
1512 748 1669 812 erponeret.
1688 756 1748 794 6666
1765 739 1795 792 in
1813 739 1920 794 recenti

225 859 274 897 vos
286 849 518 913 argumentorum,
536 839 659 910 pondera
670 837 816 893 verborum
832 837 892 901 etc.)
904 847 1056 900 omnesque,
1083 833 1225 899 memoria,
1246 832 1316 902 quid
1329 830 1458 885 Iohanni
1468 831 1563 884 Hueeo
1577 828 1758 884 Constantine
1773 825 1919 896 6666666666

226 930 275 998 qui
304 929 386 982 illum
410 926 554 995 sapientie
580 932 605 978 et
633 924 759 979 acumine
784 924 815 977 in
840 919 1056 988 interpretanda
1083 918 1141 989 ipse
1160 935 1262 990 magno
1282 918 1366 972 animi
1385 918 1483 973 robore
1504 915 1656 987 respondit,
1677 915 1870 983 inpensarum
1889 928 1919 965 66

89 1019 212 1066 xnntta
228 1014 377 1085 Scriptura
392 1015 501 1067 vincere
519 1015 639 1077 66666666,
658 1011 708 1067 οὐκ
725 1011 820 1082 ἁγνῶν
841 1011 981 1078 66666666
1000 1005 1056 1059 etri·
1089 992 1288 1074 Wormatiam,
1315 1005 1429 1059 etiamsi
1454 1013 1493 1060 tot
1517 1004 1734 1077 cacodaemonem
1758 1001 1799 1054 ibi
1820 1006 1918 1063 666666,

225 1101 319 1169 enno,
343 1103 379 1156 de
405 1101 466 1170 ejus
479 1100 659 1168 plenitudine
677 1117 728 1153 666
754 1096 876 1165 tbeolopi
891 1093 1056 1163 accepimus,
1084 1099 1148 1161 quot
1174 1094 1284 1160 tepulae
1307 1092 1338 1145 in
1366 1092 1452 1147 tertie.
1502 1088 1581 1143 Idem
1608 1087 1692 1142 animi
1717 1086 1802 1142 robur
1827 1085 1920 1142 elucet

226 1189 303 1258 quod
327 1188 430 1242 eeimue
458 1193 482 1245 et
509 1187 684 1255 profitemur.
727 1183 846 1239 Michsel
872 1180 1035 1238 Neauder
1028 1199 1057 1234 m
1084 1177 1167 1234 ettam
1179 1195 1212 1233 ex
1224 1195 1311 1249 ipsius
1325 1177 1444 1248 scriptis.
1469 1175 1671 1246 Expendantur
1684 1173 1790 1229 rerbe'
1783 1191 1812 1226 ι6
1824 1173 1921 1244 glossa

225 1272 341 1345 praefat.
350 1271 524 1328 catecheseos
537 1269 644 1327 Graece
656 1286 764 1326 versae·
778 1270 904 1324 Aliorum
916 1268 1056 1336 66666666-
1084 1283 1166 1336 super
1183 1265 1263 1321 edict.
1277 1269 1513 1320 camareumtom.
1530 1271 1553 1318 5.
1567 1262 1630 1317 666.
1643 1259 1797 1317 Germia]
1811 1265 1872 1315 316.
1885 1259 1918 1313 b:

224 1379 288 1415 rum
311 1344 419 1429 scripte
438 1359 580 1428 politiore
600 1360 678 1423 forte
704 1366 769 1410 runt
793 1375 827 1410 66
851 1357 951 1410 babent
977 1355 1058 1408 multi
1084 1351 1177 1420 666666
1197 1352 1301 1418 66666666
1321 1351 1364 1405 666
1379 1350 1482 1407 &turbe
1500 1348 1579 1402 66666
1597 1346 1821 1417 6666666666(
1836 1347 1920 1415 merit

225 1447 280 1501 alii
294 1465 350 1499 erre
346 1448 537 1515 praestanter
555 1445 652 1512 etipei
669 1462 722 1497 ena
741 1446 825 1512 dona,
844 1460 1056 1513 quoemopnum
1083 1440 1177 1509 sstrtdit
1199 1446 1248 1495 bct
1273 1439 1352 1507 dett,
1381 1438 1428 1507 6666
1456 1437 1538 1507 [tebet
1568 1437 1621 1491 ttttb
1648 1434 1744 1491 ttriten
1770 1435 1851 1503 666666
1876 1435 1921 1488 666

224 1534 284 1588 Dei
301 1533 461 1602 beneficium
485 1539 564 1596 eunt,
587 1538 669 1600 96666
685 1539 799 1600 pectore
812 1514 1014 1600 praedicandi
1032 1536 1057 1582 et
1085 1525 1203 1595 66666666
1230 1525 1335 1593 deifer,
1365 1523 1409 1580 666
1436 1522 1554 1593 6666666666
1574 1521 1679 1590 liciter,
1704 1521 1747 1576 ter
1768 1519 1920 1590 terteriidn

224 1621 431 1691 66966666666,
457 1618 609 1688 horumque
632 1619 741 1688 scripta
761 1619 897 1686 lependa5
921 1617 973 1670 ted
995 1632 1057 1668 eum
1085 1611 1186 1680 6666666,
1211 1613 1254 1667 666
1273 1611 1368 1681 iterim
1387 1611 1489 1679 iiniitt,
1509 1610 1552 1664 bet
1570 1609 1664 1678 666666,
1690 1609 1740 1662 tiit
1765 1607 1920 1672 turbinati,

224 1708 343 1762 16666666
353 1705 476 1775 seriptis,
496 1705 581 1758 dictis
593 1704 806 1759 etconrionibus
818 1704 1057 1771 nonconserende
1085 1698 1212 1768 ffiiidiie,
1234 1698 1351 1767 iiitiitn,
1372 1696 1494 1765 iiliudtt,
1521 1696 1649 1760 6666666,
1669 1693 1782 1764 6666666,
1800 1694 1919 1765 &filimi

224 1802 297 1862 eunt,
315 1795 417 1846 nedum
441 1792 634 1856 anteferenda.
673 1790 808 1845 Martinus
828 1790 952 1845 Bucems
974 1805 1056 1859 pecu·
1084 1787 1190 1853 666666,
1209 1784 1260 1839 atie
1279 1783 1356 1851 66666,
1375 1783 1470 1852 {amnt
1485 1782 1554 1836 66666
1568 1781 1686 1847 bertinia,
1706 1783 1760 1836 666
1776 1781 1856 1850 icum
1869 1782 1921 1835 666

225 1880 304 1934 liaria
336 1878 387 1932 illa
416 1876 533 1933 Lutheri
558 1877 632 1932 dona
657 1884 686 1932 et
709 1876 820 1931 heroice
846 1875 921 1930 facta
947 1883 1059 1931 revocat
1086 1870 1198 1941 666ῐί6666
1215 1873 1298 1942 &ruet
1319 1869 1383 1938 6666
1410 1867 1492 1939 buben
1513 1867 1738 1938 aufibttniiopi
1760 1866 1921 1923 tubicinat

225 1966 262 2020 66
281 1981 380 2020 novem
394 1964 495 2035 capita.
534 1963 627 2019 Primo
644 1962 795 2016 articulum
807 1962 1021 2032 justificationis
1039 1981 1058 2015 a
1086 1958 1307 2026 brittene.
1350 1960 1373 2010 4.
1397 1954 1566 2009 Mirandum
1592 1961 1617 2007 66
1636 1954 1725 2023 plone
1747 1954 1921 2024 einpulorem

226 2053 396 2122 temporibus
415 2051 617 2121 apostolorum,
636 2057 770 2120 quantum
790 2056 968 2103 monumenta
985 2048 1059 2102 indi·
1087 2047 1221 2099 aduersus
1259 2042 1383 2097 inridier
1426 2050 1452 2096 66
1492 2041 1652 2096 uiolentiam
1689 2041 1921 2096 adversariorum

227 2146 307 2207 6666,
334 2155 413 2192 nemo
442 2155 565 2207 unquam
599 2137 707 2192 olariur
743 2143 769 2190 et
801 2135 916 2200 fideliue
951 2135 1058 2202 (666666,Ι
1087 2130 1329 2186 concertationem.
1380 2128 1540 2199 6363666666,
1573 2144 1644 2199 quae
1674 2127 1787 2182 auditae
1817 2127 1923 2183 fuerint

227 2224 349 2281 secundo
367 2225 570 2278 Antielaristum
592 2224 750 2276 Romanum
771 2240 832 2275 6666
851 2223 910 2275 ruis
931 2221 1060 2275 membris
1087 2215 1224 2288 pontificis
1244 2222 1272 2271 et
1290 2216 1481 2287 episcoporum
1493 2215 1592 2278 66666,
1612 2221 1733 2287 quantae
1746 2215 1832 2285 ipsius
1845 2216 1920 2270 vitae

228 2315 271 2366 ad
288 2321 436 2366 extremum
459 2326 545 2380 utque
568 2309 698 2378 epiritum
721 2309 871 2362 audentiae
890 2308 1060 2378 6666666666
1087 2311 1208 2360 66666666
1225 2304 1329 2359 fuerint
1347 2304 1476 2368 insidiae,
1505 2310 1573 2375 quot
1591 2302 1798 2358 anathematum
1816 2309 1844 2358 66
1860 2319 1921 2374 pro·

227 2415 306 2453 nemo
339 2400 512 2466 fraudesque
550 2396 630 2450 illim
661 2395 829 2448 luculentius
855 2396 918 2448 orbi
944 2395 1061 2462 61666666,
1088 2391 1265 2462 scriptionum
1284 2390 1402 2445 fulmins
1416 2391 1445 2445 in
1464 2390 1556 2460 ipsum
1574 2391 1709 2460 conjecta,
1728 2392 1840 2462 quantis
1857 2391 1922 2445 riri·

227 2484 309 2540 tertio
328 2486 391 2540 siva
411 2485 481 2539 bona
502 2499 598 2554 opero,
612 2490 685 2552 puta
705 2498 827 2550 quaeue
845 2482 908 2535 cieo
920 2483 977 2546 fide
994 2498 1061 2551 pro-
1088 2478 1140 2533 bus
1160 2477 1286 2533 instructi
1310 2477 1426 2546 fuerint,
1452 2477 1501 2548 qui
1523 2477 1613 2547 ipsum
1635 2477 1758 2533 emedio
1780 2478 1922 2533 sublatum

227 2573 340 2626 ueniunt
369 2571 451 2640 inque
476 2571 594 2623 salutem
621 2568 749 2638 proximi
771 2570 885 2635 cedunt,
909 2568 1004 2622 nullus
1029 2584 1061 2621 66
1087 2563 1168 2618 66666
1201 2563 1408 2632 desiderarunt,
1437 2562 1576 2634 cogitetur
1605 2562 1720 2617 historia
1749 2564 1922 2620 comitiorum

222 2659 357 2727 patribus
380 2666 437 2711 tam
456 2665 550 2710 666666
575 2664 601 2710 et
623 2657 774 2709 6666666666
796 2662 911 2708 mentem
937 2654 1061 2725 Spiritus
1090 2649 1344 2720 wormaciensium,
1363 2657 1392 2704 et
1408 2649 1514 2719 liquido
1536 2649 1691 2720 apparebit,
1711 2649 1847 2721 singulari
1867 2649 1921 2706 Dei

227 2746 321 2799 saneti
340 2745 434 2798 docuit
446 2751 528 2812 atque
539 2743 615 2812 ipee;
634 2749 734 2812 quarto
756 2742 933 2811 scripturam
949 2759 1061 2794 6666666
1087 2738 1241 2810 patrocinio
1260 2744 1289 2792 66
1300 2736 1460 2792 defensione
1474 2735 1560 2792 666666
1576 2744 1776 2805 conservatum,
1794 2742 1826 2791 66
1838 2737 1921 2792 refor-

228 2839 384 2901 tempure,
402 2830 609 2898 tantaenerpta
626 2829 1061 2900 totqneerpnmenteepenetran
1088 2824 1215 2879 matianis
1233 2839 1369 2895 opusnon
1388 2823 1478 2878 solum
1496 2823 1636 2895 inciperet,
1657 2823 1804 2878 sedetiam
1822 2824 2004 2888 felicis-,1112

228 2918 301 2972 tibus
324 2933 403 2971 nemo
430 2917 493 2985 ipso
513 2916 636 2984 saliciae
665 2916 828 2987 explicavit,
856 2916 976 2970 66666666
999 2934 1061 2970 eum
1088 2912 1156 2966 sime
1174 2910 1327 2983 perficeret,
1345 2909 1454 2964 interim
1468 2916 1560 2964 tamen
1578 2927 1633 2965 non
1646 2909 1799 2980 defuitipsi
1812 2910 1921 2966 animus

229 3021 262 3058 66
279 3004 415 3074 prosum
433 3002 525 3056 locum
550 3003 673 3072 aliquem
692 3009 815 3057 tractare
835 3003 941 3068 666666·
964 3002 1061 3073 quinto
1089 3000 1125 3055 66
1154 2999 1317 3070 martyrium
1345 3014 1395 3068 pro
1424 2997 1612 3052 confirmanda
1638 2997 1779 3053 doctrinae
1804 2997 1922 3053 vei-itate

229 3092 305 3145 adde
322 3090 476 3144 versionem
500 3089 666 3159 Scripturas
684 3096 797 3142 6666666
815 3089 940 3158 fidelem,
958 3096 1062 3144 terram
1089 3087 1263 3143 subeundum
1282 3086 1490 3157 promtissimus.
1539 3089 1563 3140 t.
1590 3085 1729 3140 Vaticinia
1748 3086 1784 3139 ab
1804 3086 1866 3156 ipso
1886 3088 1922 3140 de

229 3184 254 3231 66
273 3176 430 3245 eloquentia
455 3192 511 3229 non
525 3192 620 3244 pareo
645 3181 789 3244 66666666,1
815 3181 892 3228 sexto
917 3176 952 3228 de
975 3178 1062 3245 mapi—
1088 3175 1169 3228 reduc
1184 3175 1293 3239 suturie
1310 3174 1397 3240 edita,
1416 3172 1517 3244 quibus
1536 3173 1620 3228 etiam
1640 3180 1754 3228 eventus
1767 3189 1869 3245 magna
1887 3189 1921 3228 ex

228 3271 320 3317 stratu
343 3262 478 3333 politico,
507 3277 579 3330 quae
602 3260 664 3328 ejus
687 3260 744 3313 sint
768 3261 866 3325 officie
891 3261 921 3315 in
943 3268 1062 3330 utraque
1089 3266 1167 3330 parte
1182 3259 1311 3328 jamdum
1328 3259 1479 3329 respondit.
1512 3259 1585 3315 Vide
1603 3258 1726 3314 libellum
1745 3260 1921 3330 peculiarem,

229 3349 299 3418 lepis
316 3348 415 3403 tabule
436 3365 517 3401 nemo
543 3346 676 3400 1666666666
696 3355 753 3400 666
770 3346 849 3401 olore
867 3347 978 3417 docuit,·
1002 3365 1062 3419 sep·
1090 3347 1118 3399 in
1146 3361 1200 3417 quo
1230 3344 1278 3399 ille
1304 3345 1397 3401 omnia
1415 3352 1548 3416 congesta
1573 3351 1698 3415 exeunt,
1723 3362 1756 3400 66
1777 3346 1801 3400 66
1820 3346 1921 3417 placet,

228 3435 296 3491 timo
325 3436 509 3489 marinorum
537 3449 653 3505 operum
681 3433 712 3486 in
741 3433 858 3487 66666666
883 3434 1063 3488 incredibiles
1088 3433 1178 3486 locum
1202 3432 1236 3487 de
1258 3431 1376 3487 ecclesia
1397 3428 1426 3506 ξ.
1442 3437 1500 3489 366.
1537 3435 1561 3487 6.
1583 3433 1747 3487 Mirabilem
1772 3443 1797 3488 66
1813 3433 1924 3499 felicis·

229 3539 384 3588 6666666666,
401 3521 525 3592 66666666
543 3521 579 3574 sit
597 3521 767 3589 Aupuetana
790 3521 944 3590 confessio,
972 3520 1063 3577 lbtbti
1090 3520 1188 3573 rimam
1200 3519 1376 3588 eoanpelioae
1383 3519 1613 3588 praedicationis
1624 3537 1788 3578 eracemum.
1818 3520 1922 3576 Luthe·

230 3623 257 3665 et
288 3608 398 3678 66666666
434 3610 487 3663 666
522 3615 594 3676 notu
627 3621 654 3662 er
685 3609 817 3678 66666666,
855 3608 905 3663 666
934 3608 981 3678 666
1012 3608 1064 3674 tort
1089 3624 1137 3660 rue
1166 3622 1220 3659 non
1247 3621 1297 3676 per
1322 3604 1477 3670 cuniculos,
1504 3623 1555 3661 uec
1582 3622 1633 3677 per
1658 3605 1765 3661 brachii
1793 3607 1924 3663 seeunrie

230 3695 407 3765 pemittant
436 3693 673 3763 6666666666
697 3695 940 3764 nutrientium
965 3700 1063 3749 octavo
1091 3690 1174 3749 robur
1198 3708 1267 3762 opus
1293 3689 1495 3748 reformationis
1522 3709 1670 3763 eggressus
1697 3698 1750 3761 est,
1777 3694 1825 3749 sed
1855 3694 1924 3750 tuba

230 3782 333 3834 donum
347 3779 525 3849 prophetiae,
548 3778 598 3846 tufi
624 3782 706 3844 66666,
730 3780 777 3836 trie
801 3794 828 3837 tr
853 3781 893 3836 ein
919 3780 993 3850 §Dine
1017 3782 1063 3852 666
1091 3777 1267 3850 evangelicae
1286 3777 1502 3849 praedicationis
1521 3779 1721 3833 antichristiani
1734 3781 1813 3851 regni
1831 3799 1924 3836 mums

231 3864 323 3934 666666,
351 3864 483 3934 nesciuit,
509 3879 582 3918 nono
601 3882 699 3935 preces
724 3867 869 3933 efficaces,
888 3868 1016 3937 psalmoe
1037 3879 1063 3922 66
1092 3858 1272 3937 oppugnavit,
1292 3866 1386 3920 docuit
1406 3867 1550 3921 veritatem
1570 3871 1599 3921 66
1612 3883 1716 3921 errores
1727 3868 1871 3940 redarguit
1889 3887 1922 3926 ax

230 3952 345 4019 bpmnor
370 3969 404 4004 66
422 3951 535 4005 cantica
553 3952 717 4005 dulcissima
733 3953 810 4017 feeit.
851 3953 884 4007 Ut
901 3957 1004 4020 orauit,
1023 3958 1063 4010 ita
1091 3954 1149 4009 solo
1162 3952 1215 4008 Dei
1228 3952 1321 4018 verbo,
1342 3951 1389 4023 qui
1403 3969 1486 4006 sonus
1506 3954 1643 4024 evangelii
1656 3971 1711 4008 non
1724 3970 1814 4025 papae
1835 3955 1924 4011 solum

231 4038 378 4093 6666666666
416 4038 482 4090 bene
520 4037 640 4090 66666666
672 4039 778 4091 devotis
821 4042 995 4095 cantionilnte
1031 4059 1064 4094 ao
1091 4057 1170 4095 auree
1187 4038 1315 4110 perculit,
1334 4038 1478 4093 sedetiam
1497 4038 1533 4092 ad
1551 4041 1747 4095 remotissimas
1767 4043 1924 4111 provincias

228 4124 359 4198 proluis.
399 4122 478 4178 Haec
503 4123 637 4180 Bucerus.
663 4124 781 4180 Possent
807 4124 966 4196 hujusmodi
988 4127 1063 4182 teeti·
1092 4127 1216 4198 pervenit
1249 4133 1277 4181 et
1304 4125 1424 4179 mirabili
1451 4143 1484 4180 66
1515 4141 1603 4197 paene
1630 4128 1768 4198 stupendo
1794 4146 1924 4187 successu

232 4209 324 4266 monia
347 4209 382 4264 66
408 4208 525 4265 Lutheri
550 4210 630 4266 donis
652 4210 839 4281 peculiaribus
864 4212 957 4268 efferri
982 4214 1065 4285 longe
1092 4215 1163 4268 intra
1190 4230 1295 4285 paucos
1328 4228 1415 4266 66666
1442 4229 1459 4266 6
1488 4212 1581 4266 multis
1604 4215 1698 4285 regnis
1724 4221 1751 4270 et
1776 4217 1924 4285 provinciis

232 4297 326 4368 plura,
349 4312 421 4368 quae
444 4312 499 4350 non
527 4303 643 4367 possunt
666 4297 718 4353 hoc
742 4297 853 4353 nomine
878 4299 1065 4356 aPontificiis
1092 4300 1161 4355 haec
1186 4299 1311 4354 doctrina
1333 4303 1475 4369 suscepta,
1500 4305 1596 4353 contra
1614 4316 1678 4355 vero
1695 4301 1809 4371 papales
1830 4320 1924 4375 super·

232 4384 277 4439 rel
296 4381 450 4454 repudiari,
471 4381 515 4437 vel
534 4384 689 4453 extenuari,
711 4385 786 4456 quod
803 4386 860 4440 sint
878 4402 895 4440 a
911 4386 1065 4443 fautoribus
1093 4386 1217 4441 stitionee
1250 4390 1279 4439 et
1304 4384 1488 4439 idolomaniae
1521 4401 1554 4438 ex
1584 4385 1638 4439 illis
1671 4386 1796 4442 66666666
1819 4389 1925 4459 jussae.

233 4479 262 4527 66
279 4472 375 4526 amicis
394 4468 529 4541 profecta,
549 4469 643 4541 ecquis
663 4471 737 4526 enim
760 4471 861 4527 rectius
873 4473 1010 4543 judicium
1031 4475 1066 4530 de
1093 4473 1155 4527 Hac
1176 4472 1212 4527 de
1229 4488 1259 4526 re
1278 4471 1316 4525 666
1335 4470 1431 4525 scribit
1448 4470 1588 4526 Lutherus
1607 4473 1666 4542 ipse
1684 4478 1748 4528 tom.
1771 4480 1792 4530 i.
1811 4475 1925 4532 dancus.

234 4557 288 4611 illis
311 4557 403 4612 iecere
427 4563 535 4627 posset,
561 4572 644 4627 quam
671 4556 718 4627 qui
738 4557 830 4612 animo
852 4557 889 4613 ab
907 4559 1065 4632 affectuum,
1094 4559 1222 4615 German.
1263 4565 1359 4612 contra
1391 4557 1536 4612 Emserum
1566 4557 1738 4631 Lipsiensem
1775 4560 1823 4617 fol.
1860 4569 1926 4620 408:

234 4643 290 4698 odii
315 4644 439 4713 scilicet,
467 4642 589 4697 invidiae
616 4648 644 4696 et
670 4653 935 4716 praeconceptam
961 4647 1065 4719 opinio·
1093 4648 1139 4717 {idi
1161 4646 1225 4714 6666
1246 4643 1343 4699 retinet
1362 4644 1512 4715 66666666,
1537 4645 1587 4713 666
1607 4645 1641 4716 iu
1660 4648 1689 4701 66
1709 4646 1805 4704 (666666
1823 4650 1927 4708 ttamen

234 4745 301 4784 num
334 4730 442 4785 nebulis
468 4736 676 4785 serenitatem
703 4729 792 4800 ipsam
822 4732 1016 4789 existimarunt
1038 4741 1066 4790 et
1094 4733 1257 4802 6666666666
1285 4730 1338 4786 666
1365 4730 1414 4786 666
1441 4733 1620 4800 nutritori
1645 4733 1741 4790 doffte
1760 4734 1839 4802 66666,
1859 4736 1927 4793 trine

239 4816 401 4887 quotidiana
412 4817 528 4871 Lutheri
541 4815 749 4872 conversatione
766 4816 809 4870 nsi
825 4817 962 4875 fuerunt?
979 4821 1023 4875 Aa
1043 4823 1066 4875 si
1093 4820 1182 4890 itdtiet
1199 4817 1353 4886 6666666666
1375 4816 1428 4872 666
1447 4817 1669 4889 6666666666,
1689 4821 1755 4875 6666
1776 4822 1826 4891 666
1847 4824 1880 4893 666
1899 4823 1926 4892 io

233 4901 341 4958 verbali
368 4902 482 4956 istorum
510 4905 668 4959 matimonio
701 4901 784 4958 idem
812 4904 943 4962 adhibere
969 4908 1066 4973 nolint,
1094 4905 1228 4976 6666666666
1246 4903 1275 4958 in
1294 4905 1359 4957 niter
1373 4903 1441 4959 rtet
1460 4905 1607 4973 66666666
1622 4905 1926 4978 66666666666666,

233 4988 317 5054 reale,
336 4988 411 5058 qnod
428 4989 490 5058 ipsa
508 4991 614 5061 scripta
628 4989 765 5060 exhibent,
781 4991 908 5062 sepositis
918 5010 1067 5065 parumper
1093 4995 1158 5061 6666
1185 4990 1259 5059 buret
1294 4990 1458 5060 6666666666
1485 4991 1644 5062 {tiberiani
1678 4991 1732 5047 666
1762 4993 1927 5064 6666666666

233 5073 379 5131 6666666666
392 5073 514 5130 audiant
541 5082 565 5130 3.
578 5076 642 5132 Η66
654 5076 798 5133 referimus
813 5078 937 5132 animum
949 5080 1067 5134 Lubere·
1093 5081 1157 5135 nitet
1176 5075 1340 5146 dentitione
1366 5077 1419 5133 666
1448 5078 1587 5148 6666666666
1607 5079 1747 5147 6666666666
1765 5082 1871 5138 barben
1888 5080 1926 5151 66,

233 5162 374 5217 heroicum
383 5167 409 5213 66
420 5161 449 5213 in
457 5162 596 5230 perieulis
605 5165 689 5219 etiam
701 5163 830 5218 6666666666
841 5165 1065 5233 imperterritum.
1092 5172 1120 5222 66
1137 5165 1166 5218 66
1183 5164 1245 5219 libr.
1263 5163 1299 5219 de
1319 5170 1436 5236 utraque
1454 5166 1545 5237 specie
1572 5165 1735 5218 sacramenti
1752 5171 1817 5221 tom.
1835 5174 1860 5224 2.
1880 5167 1928 5224 Je-

233 5246 364 5303 Testatur
382 5246 454 5304 enim
471 5264 563 5303 rerum
590 5266 623 5304 eo
648 5256 772 5321 tempore
790 5249 820 5304 in
838 5250 955 5307 ecelesia
974 5259 1065 5324 gesta·
1092 5270 1167 5307 nens.
1180 5249 1310 5305 German.
1322 5248 1369 5305 tot.
1384 5257 1424 5307 tt.
1439 5267 1469 5304 a:
1488 5252 1535 5320 Sd
1552 5248 1623 5318 66666,
1646 5252 1733 5321 turbet
1752 5253 1836 5310 tarint
1849 5255 1929 5326 636666

233 5351 294 5388 rum
318 5334 445 5404 historia,
473 5334 547 5405 quod
577 5334 607 5388 in
630 5337 743 5391 summis
768 5337 851 5393 etiam
877 5339 1012 5410 angustiis
1038 5345 1066 5393 et
1092 5336 1927 5412 666666666666666666666666666666,66666666666666666

233 5421 462 5492 praesentissimis
482 5421 612 5492 periculis
629 5422 752 5478 animum
768 5441 911 5496 nunquam
924 5424 1065 5496 abjecerit,
1092 5428 1141 5481 666
1154 5424 1225 5482 iteri
1237 5425 1384 5495 66666666,
1400 5426 1466 5478 bene
1481 5421 1511 5477 66
1526 5421 1559 5493 666
1575 5425 1644 5494 trebi
1655 5425 1697 5479 666
1711 5426 1806 5497 ticinen
1821 5429 1927 5498 3666666

233 5506 284 5563 ssd
303 5523 406 5580 magno
427 5507 495 5577 nelo,
516 5506 629 5564 heroica
640 5508 803 5567 fortitudine
814 5511 955 5584 animique
966 5510 1065 5568 robore
1091 5505 1514 5585 tnnmeetbentabt,biettit,tto
1526 5509 1926 5585 eeiictitctre,tte11tltbttbun

233 5593 415 5668 inperterrita
434 5593 599 5651 adremriis
615 5593 798 5653 trementibus
818 5613 851 5654 sc
869 5596 1063 5659 frendentibus
1089 5601 1211 5674 666666,
1223 5597 1354 5672 66666666
1364 5593 1493 5666 uincti
1504 5595 1548 5666 666
1557 5597 1599 5656 666
1611 5599 1706 5672 arctet
1715 5601 1831 5658 66666666
1847 5614 1928 5676 tntu·
