4020 6014
650 250 701 306 DE
720 252 941 310 MINISTERIO
961 251 1263 312 acunuslssu'lco.

101 404 248 474 familiae,
281 405 330 474 qut
356 405 471 473 profert
503 407 539 458 de
564 407 696 460 thesauro
726 427 777 461 suo
808 425 879 463 nova
911 414 935 461 et
1151 427 1378 492 §201210
1412 433 1485 493 PR
1503 434 1520 494 1
1538 434 1561 494 0
1581 435 1613 488 R¹

10 503 80 546 utu.
101 499 203 547 mura.
233 492 474 557 Quemadmodum
486 494 558 548 enim
573 494 770 564 paterfamilias
784 515 838 552 non
851 514 937 551 unum

100 579 276 650 eundemque
294 579 387 634 cibum
406 580 533 635 omnibus
551 581 689 652 proponit,
707 583 757 638 sed
776 583 861 637 alium
880 600 935 638 ser·
963 581 1031 645 DE
1048 583 1246 650 POTEST
1253 586 1350 652 ΑΤΕ
1367 587 1585 656 EGOLESI
1595 590 1751 658 ASTIC
1760 592 1797 659 Α,

99 667 149 736 vis,
166 666 253 721 alium
271 665 344 736 filiis,
362 667 447 721 alium
464 668 621 738 hospitibus
641 669 878 737 honoratioribus,
895 670 936 724 ita

99 771 210 825 quoque
228 753 353 809 minister
372 755 507 810 ecclesiae
526 772 578 826 pro
596 756 758 812 diversitate
777 756 935 811 auditorum
1001 756 1056 805 191·
1090 751 1208 816 Quidam
1227 755 1392 826 existimant,
1425 760 1611 816 ecclesiastico
1640 762 1842 818 ministeriolo
1857 777 1923 816 mint

99 839 155 894 alia
181 848 267 912 atque
293 841 349 896 alia
375 841 517 897 doctrinae
545 843 671 898 coelestis
705 844 798 914 capita
826 848 935 906 tractat,
962 852 1017 891 non
1042 853 1124 907 posse
1148 857 1200 894 nec
1232 840 1333 897 debere
1360 853 1525 913 potestatem
1555 846 1675 919 aliquam
1702 848 1795 922 tribui,
1810 829 1941 919 ξῖζξιυξῖω

99 927 300 998 pervicacibus
320 928 484 999 praefractis
503 935 531 985 et
549 929 789 1000 impoenitentibus
807 930 936 1001 proponit
965 927 989 977 ι
1004 939 1067 978 cum
1086 925 1147 996 ipsa
1165 926 1305 983 ministerii
1330 931 1480 1000 appellatio
1498 934 1696 1002 potestatcm’
1681 935 1797 1008 αρχικὴν
1810 937 1928 1023 0023631

101 1013 327 1068 comminationes
345 1014 434 1085 legis,
445 1014 571 1070 contritis
589 1033 622 1071 ac
640 1016 743 1072 territis
760 1015 935 1071 conscientiis
963 1010 1106 1080 excludat·
1133 1018 1156 1067 2
1174 1030 1236 1067 cum
1256 1015 1382 1070 Christus
1400 1024 1528 1088 respectu
1547 1022 1692 1089 potestatis
1709 1022 1796 1095 magi·
1810 988 1850 1031 p

101 1099 283 1170 evangelium,
321 1098 391 1154 Ioem
416 1117 499 1154 unam
525 1101 696 1173 eandemque
714 1103 869 1158 doctrinam
886 1101 936 1155 gli.
963 1101 1080 1151 stratum
1098 1097 1240 1168 politicum
1255 1107 1283 1155 et
1297 1102 1477 1157 ministerium
1503 1105 1719 1162 ecclesiasticum
1745 1109 1796 1164 dibi

100 1194 142 1240 ter
158 1191 261 1240 tractat
279 1202 371 1241 coram
388 1186 547 1241 rudioribus
565 1195 594 1242 et
610 1188 837 1260 simplicioribus,
855 1189 936 1244 aliter
963 1183 1079 1237 invicem
1101 1193 1232 1256 Oppontt,
1250 1187 1349 1243 Matth·
1369 1195 1410 1252 20,
1429 1208 1455 1245 v.
1474 1196 1515 1246 ²5·
1547 1191 1632 1247 Marc·
1657 1198 1695 1265 10,
1713 1212 1739 1252 r.
1755 1201 1797 1252 tt.

100 1289 193 1327 coram
210 1271 328 1327 eruditis
349 1279 377 1327 et
397 1274 630 1344 provectioribus,
666 1282 688 1330 1.
707 1275 769 1330 Cor.
796 1281 829 1344 3,
860 1294 884 1329 v.
906 1282 934 1331 2:
964 1269 1031 1325 Luc.
1051 1277 1096 1339 22,
1122 1290 1147 1326 v.
1166 1279 1212 1328 ²5:
1237 1276 1328 1344 Repss
1345 1277 1466 1344 aeuum
1484 1280 1680 1350 dominantur,
1705 1290 1731 1336 st
1750 1284 1799 1353 qni

101 1361 159 1413 loc
176 1360 254 1414 uotis
272 1360 349 1428 dedi,
367 1378 423 1414 non
441 1378 541 1422 escam,
559 1364 683 1415 nondum
700 1363 772 1416 enim
790 1364 935 1431 poteratis,
961 1365 1126 1425 potestatem
1143 1359 1251 1422 hubent,
1273 1362 1388 1429 benefici
1406 1374 1549 1429 careantur,
1568 1385 1616 1419 uos
1634 1375 1726 1422 antem
1742 1387 1798 1424 nou

100 1452 185 1518 atquc
204 1445 257 1500 hoc
277 1453 319 1500 est
339 1446 514 1521 ὀριιοιομιῖι,
534 1456 607 1501 recte
624 1466 720 1503 secors
738 1451 848 1502 certam
865 1450 934 1503 aeri·
963 1443 1019 1511 sic;
1047 1449 1071 1498 3.
1089 1462 1152 1498 cum
1171 1446 1276 1501 Paulus
1294 1454 1391 1519 neget,
1421 1466 1451 1504 ss
1471 1467 1504 1506 ac
1520 1453 1640 1524 reliquos
1657 1455 1798 1525 apostolos

99 1534 167 1587 tutis
186 1538 211 1588 2.
228 1533 300 1587 mm.
322 1539 349 1603 2,
373 1552 398 1588 v.
421 1541 459 1590 15.
499 1534 736 1599 Quemadmodum
762 1541 856 1606 pastor
881 1535 935 1590 alio
963 1530 1109 1583 domtmrt'
1133 1533 1203 1596 ortas·
1223 1534 1353 1602 piorum,
1372 1541 1395 1591 2.
1413 1535 1475 1591 Cor.
1500 1543 1527 1606 1,
1557 1555 1584 1595 v·
1610 1545 1667 1609 tt.;
1692 1548 1715 1596 1.
1734 1557 1797 1599 curn

98 1620 182 1674 modo
210 1624 312 1674 mactat
337 1637 403 1675 oves
426 1637 508 1675 sanas
542 1638 625 1693 quam
656 1628 797 1693 aegrotas,
826 1622 936 1678 adultas
965 1617 1062 1673 Petrus
1080 1618 1240 1689 prohibeat,
1269 1638 1304 1676 ne
1319 1625 1477 1692 presbyteri
1494 1627 1672 1681 dominentur
1687 1629 1797 1698 populo

98 1722 184 1778 qnam
207 1705 337 1774 tenellus,
367 1707 408 1761 ita
430 1723 542 1779 quoque
564 1712 659 1777 pastor
677 1707 816 1763 Dominici
842 1709 935 1780 gregis
964 1704 1141 1773 Christiano,
1169 1713 1191 1761 1.
1217 1708 1291 1762 Patr.
1319 1716 1352 1778 t,
1374 1728 1399 1763 v.
1419 1716 1442 1766 3,
1480 1712 1535 1766 Sed
1562 1713 1631 1768 haec
1654 1719 1681 1770 et
1698 1715 1799 1771 similia

98 1792 194 1846 ovium
212 1792 266 1846 sibi
286 1793 506 1847 concreditarnm
525 1793 713 1847 diversitatem
732 1794 882 1865 respiciens
896 1795 936 1849 ita
963 1809 1138 1863 nequaquam
1167 1810 1293 1863 omnem,
1322 1797 1371 1851 sed
1405 1804 1427 1852 1.
1452 1798 1684 1872 αιἠοκρατορικὴν
1707 1818 1740 1856 ac
1770 1808 1795 1859 2.

99 1894 147 1932 aas
173 1885 281 1947 pascat,
312 1885 343 1932 ut
371 1879 445 1951 quod
475 1880 629 1944 infirmum,
661 1881 833 1941 consolidet5
860 1884 937 1949 quod
965 1877 1104 1947 πολιτικὴν
1117 1886 1283 1951 potestatem
1295 1883 1445 1938 ministerio
1455 1886 1640 1943 ecclesiastico
1652 1888 1795 1961 derogant,
1809 1895 1864 1940 xm
1879 1897 1909 1941 tt.

97 1973 256 2032 aspratam,
275 1973 374 2034 sanet,·
402 1967 479 2034 quod
499 1968 693 2034 confractum,
718 1967 832 2036 stirpat,-
860 1970 936 2035 qstod
963 1965 1012 2019 illa
1034 1967 1106 2020 enim
1131 1967 1181 2022 soli
1204 1967 1265 2022 Deo
1289 1971 1427 2038 competit,
1453 1971 1521 2027 haec
1539 1990 1604 2028 vero
1621 1975 1795 2047 magistratui

98 2159 126 2195 v.
162 2144 185 2193 t.
227 2138 468 2202 Quemadmodum
497 2139 620 2193 medicus
651 2157 683 2193 ac
712 2139 858 2210 chirurgus
885 2158 934 2210 pro
963 2136 1144 2192 ministerium
1188 2141 1404 2196 ecclesiasticum
1442 2143 1494 2199 sibi
1538 2162 1667 2217 arrogare
1704 2149 1797 2206 debat.

97 2224 258 2281 diversitate
272 2225 428 2281 morborum
447 2242 480 2278 ac
501 2225 645 2279 vulnerum
664 2225 814 2295 pharmaca
834 2233 862 2281 et
880 2243 934 2280 em·
963 2222 1043 2287 Quod
1069 2231 1162 2279 autem
1188 2235 1298 2296 praeter
1321 2227 1396 2282 illam
1424 2228 1656 2300 airaxoasoamip
1676 2241 1704 2290 ot
1719 2238 1796 2290 notu

96 2311 203 2383 plustre
234 2317 324 2366 mutat
358 2316 442 2383 atque
475 2328 504 2366 re
533 2311 572 2364 ita
599 2311 726 2383 exigente
753 2313 877 2367 cauteria
907 2320 935 2367 et
961 2309 1038 2376 ιικήν
1057 2316 1224 2380 potestatem
1252 2313 1332 2368 detur
1354 2314 1446 2371 adhuc
1470 2316 1525 2371 alis
1542 2319 1692 2376 ministerio
1710 2323 1796 2378 eccle·

98 2396 234 2453 sectiones
260 2397 391 2464 adhihet3
424 2397 463 2451 ita
491 2414 601 2469 quoque
625 2399 702 2452 verbi
735 2398 860 2453 minister
884 2417 934 2470 pro
961 2398 1072 2452 siastico
1084 2405 1251 2469 competens,
1267 2399 1469 2456 demonstratur
1490 2408 1514 2456 1.
1527 2403 1691 2474 Sempturoe
1703 2410 1795 2463 dictis.

98 2484 257 2540 diversitate
273 2485 430 2539 auditorum
445 2484 526 2538 modo
544 2484 669 2551 leuiores,
682 2485 763 2538 modo
781 2484 934 2540 acerbiores
962 2483 1060 2539 Matth.
1081 2491 1126 2555 18,
1151 2503 1177 2538 v.
1199 2492 1242 2541 tt:
1270 2486 1303 2540 Si
1314 2489 1415 2553 frater
1443 2491 1472 2541 in
1490 2498 1653 2560 tepescens
1673 2495 1797 2550 arbitror

98 2572 325 2642 reprehensiones
343 2571 483 2633 adhibeat,
504 2573 572 2641 quin
590 2577 619 2624 et
637 2572 800 2626 necessitate
818 2573 859 2626 ita
879 2573 933 2626 cxi·
960 2590 1015 2626 stou
1034 2572 1169 2640 erudierit,
1188 2573 1234 2625 dic
1255 2574 1402 2642 ecclesiast
1419 2576 1446 2626 si
1463 2578 1609 2631 ecetesiam
1623 2598 1679 2633 non
1698 2583 1797 2636 cudis·

97 2666 182 2731 gente
200 2666 337 2713 mortuum
356 2658 509 2713 membrum
529 2657 817 2716 excommunicationis
839 2659 933 2729 gladio
959 2659 1012 2721 rit,
1043 2659 1080 2711 sit
1109 2659 1162 2711 titi
1186 2658 1259 2711 uelut
1286 2661 1409 2713 ethnicum
1438 2671 1463 2715 st
1488 2665 1667 2733 publicanus.
1702 2685 1727 2721 v.
1758 2674 1795 2725 ts.

98 2745 261 2814 abscindat,
288 2762 321 2799 ac
339 2761 402 2798 cum
422 2752 542 2816 quatuor
559 2745 731 2815 potissimum
751 2744 933 2798 instrumenta
960 2746 1048 2798 Amen
1074 2746 1139 2797 dico
1165 2745 1255 2808 uobis,
1287 2763 1465 2817 quaecunque
1494 2750 1685 2820 altipassi-itis
1711 2772 1796 2824 super

98 2833 218 2886 muneris
248 2831 291 2885 sui
317 2837 392 2886 recte
417 2838 446 2886 et
472 2831 631 2887 salutariter
653 2831 775 2886 obeundi
801 2830 933 2885 divinitus
959 2838 1078 2892 terram,
1096 2839 1176 2884 erunt
1195 2831 1286 2900 lipota
1303 2833 1333 2885 in
1355 2834 1448 2902 coelo,
1469 2843 1495 2887 et
1512 2854 1691 2907 quoscunque
1708 2841 1795 2896 solue·

97 2918 151 2973 sibi
171 2919 237 2973 data
254 2919 407 2989 acceperit,
432 2923 586 2990 quaesunt
605 2919 683 2972 uerbi
699 2927 724 2972 et
743 2927 931 2972 sacramento·
958 2917 1023 2969 ritis
1042 2935 1126 2986 super
1144 2926 1264 2984 terrum,
1288 2927 1369 2971 erunt
1388 2920 1481 2974 sotstta
1498 2923 1528 2974 in
1546 2923 1630 2978 coeto.
1668 2922 1733 2980 Joh.
1752 2931 1794 2993 20,

10 3035 16 3043 ·
97 3025 160 3059 rum
178 3007 320 3074 mysteria,
337 3006 491 3076 disciplina
512 3014 538 3061 et
559 3007 630 3059 hona
649 3005 853 3072 ecclesiactica,
871 3004 932 3059 ideo
958 3022 983 3058 v.
1005 3008 1045 3061 23.
1064 3009 1188 3075 potestas
1201 3004 1318 3059 clavium
1342 3005 1423 3061 datur
1438 3009 1585 3078 apostolis:
1608 3009 1732 3073 Quorum
1751 3030 1795 3068 rs·

98 3095 126 3148 in
148 3094 245 3148 horum
269 3093 473 3162 dispensatione
501 3098 528 3147 et
555 3092 792 3146 administratione
817 3109 867 3162 pro
892 3091 931 3145 di⁴
958 3091 1092 3144 miseritis
1108 3099 1241 3160 peccota,
1264 3093 1442 3147 remittuntur
1464 3096 1517 3154 eis,
1539 3104 1565 3149 et
1588 3115 1705 3166 quomam
1727 3101 1793 3154 reti·

96 3181 228 3237 versitate
246 3196 441 3251 personarum,
471 3197 534 3233 cum
558 3180 658 3250 quibus
677 3180 730 3250 ipsi
755 3195 798 3233 res
819 3185 874 3241 est,
899 3196 932 3233 eo
958 3178 1088 3247 ninevitis,
1116 3186 1224 3232 retentu
1244 3188 1331 3236 emunt.
1371 3187 1394 3235 2,
1414 3181 1475 3235 Cor.
1499 3187 1543 3251 10,
1566 3201 1591 3236 v.
1615 3189 1644 3239 8:
1675 3187 1751 3239 Nom
1768 3196 1794 3241 et

97 3269 178 3323 modo
206 3284 236 3322 se
261 3273 353 3338 gerat,
385 3272 416 3320 ut
443 3266 509 3319 olim
535 3266 631 3321 audiat
654 3265 833 3321 laetissimum
862 3265 930 3319 illud
957 3266 984 3318 si
1014 3265 1137 3334 amptius
1172 3266 1287 3334 aliquid
1316 3267 1455 3336 picriatus
1483 3270 1566 3331 fuero
1597 3272 1632 3323 <is
1654 3281 1793 3341 potestate

97 3354 199 3409 Christi
219 3351 416 3426 προσφώνημα
435 3351 534 3407 Matth.
555 3359 601 3421 25,
625 3371 651 3407 v.
680 3358 726 3408 21:
750 3354 831 3420 Eupe
853 3369 931 3406 serve
956 3361 1166 3421 trasumenum
1179 3355 1258 3407 dedit
1274 3355 1352 3407 notis
1365 3355 1504 3409 Dominus
1520 3357 1550 3408 in
1571 3359 1793 3427 asdr'sicaticnem

99 3444 166 3496 boue
198 3451 222 3494 et
244 3441 360 3510 fidelis,
388 3440 456 3509 quia
480 3457 566 3508 super
595 3458 690 3509 pauca
715 3440 801 3503 fuisti
828 3439 932 3505 fidelis,
957 3448 984 3493 et
1004 3459 1060 3492 non
1085 3441 1115 3492 in
1141 3441 1354 3494 destructionem
1384 3448 1517 3510 cestram,
1546 3460 1603 3495 non
1627 3446 1791 3501 mousom.

97 3547 181 3598 super
200 3529 289 3582 mutto
307 3536 332 3581 te
356 3527 536 3595 constituam,
560 3526 636 3579 intro
662 3526 692 3578 in
715 3527 850 3595 caudium
870 3527 929 3579 Do·
958 3532 981 3582 2.
1006 3525 1066 3582 Cor.
1094 3531 1138 3594 13,
1168 3544 1195 3580 v.
1222 3532 1267 3582 to:
1303 3526 1335 3578 Ut
1362 3544 1417 3579 non
1439 3543 1575 3595 praesens
1593 3530 1693 3583 durius
1708 3549 1792 3598 opum

97 3617 167 3669 mirri
193 3616 242 3671 tui.
287 3614 329 3669 De
362 3630 416 3685 quo
451 3612 558 3683 piorum
585 3612 718 3668 ccclesiae
745 3612 929 3666 ministrorum
955 3614 1107 3666 secundum
1131 3620 1305 3682 potestatem,
1337 3629 1420 3680 quiam
1445 3613 1523 3666 dedit
1550 3614 1620 3667 milti
1643 3618 1791 3675 Dominus.

98 3701 188 3757 officio
205 3700 319 3756 inferius
337 3701 424 3771 plura.
958 3702 984 3755 2.
1016 3699 1190 3765 Honorificis
1228 3699 1418 3753 nsinistrorum
1456 3702 1594 3755 encomiis.
1648 3701 1793 3760 Vocantur

957 3787 1029 3842 enim
1050 3793 1194 3853 pastores,
1218 3794 1328 3854 potres,
1346 3789 1488 3856 doctores,
1511 3794 1690 3860 προεστῶτες,
1710 3789 1792 3860 ἡγού·

418 3911 610 3920 ψῃ...
957 3892 1052 3944 μενοι,
1092 3877 1123 3924 ut
1168 3871 1337 3925 ostendimus
1375 3872 1516 3943 superius,
1557 3891 1628 3947 quae
1667 3878 1791 3932 encomia

958 3976 1013 4013 non
1050 3962 1163 4028 possent
1194 3956 1297 4012 habere
1332 3958 1436 4027 locum,
1472 3959 1525 4013 nisi
1556 3966 1680 4031 potestus
1707 3981 1790 4034 quac·

381 4062 578 4123 CAPUT
614 4061 650 4120 v,
959 4046 1023 4098 dam
1061 4045 1128 4114 ipsis
1166 4051 1239 4098 esset
1276 4046 1350 4101 data.
1399 4050 1426 4101 3.
1464 4048 1617 4117 Exemplis.
1666 4048 1792 4104 Christus

959 4137 987 4186 et
1016 4130 1134 4200 apostoli
1164 4130 1192 4185 in
1224 4131 1375 4186 ministerio
1402 4131 1445 4186 usi
1475 4138 1540 4186 sunt
1571 4139 1706 4204 potestate
1734 4136 1790 4190 cla·

220 4222 285 4287 DE
308 4218 483 4286 FORMA
506 4219 817 4290 MINISTERH,
959 4218 1041 4274 vium.
1076 4218 1181 4272 Paulus
1202 4224 1224 4273 1.
1251 4218 1313 4275 Cor.
1340 4227 1369 4287 5,
1394 4237 1420 4271 v.
1439 4226 1463 4274 t.
1487 4219 1669 4275 incestuosum
1696 4220 1790 4277 Corin·

959 4305 1046 4359 thium
1071 4303 1289 4360 excommunicat
1318 4312 1369 4359 etc.
1406 4309 1430 4358 t.
1456 4307 1632 4362 Rationilius.
1675 4307 1790 4379 Absque

136 4400 191 4448 190.
212 4395 345 4446 Formam
367 4393 514 4446 ministerii
536 4390 653 4447 ‹loccndi
680 4407 763 4444 causa
786 4408 931 4461 possumus
959 4398 1095 4462 potestate
1112 4390 1206 4461 aliqua
1223 4390 1411 4446 ecclesiastica
1429 4408 1483 4445 non
1502 4399 1594 4461 potest
1609 4392 1789 4448 ministerium

13 4482 31 4528 Σ
97 4485 219 4534 statuere
236 4478 383 4549 duplicem,
410 4479 547 4532 internam
573 4488 599 4531 st
628 4485 777 4532 artemam.
819 4477 932 4532 laterna
959 4484 1051 4547 partes
1080 4477 1124 4531 sui
1153 4477 1237 4531 officii
1265 4493 1412 4548 peragere,
1440 4495 1491 4531 nec
1517 4477 1644 4550 σύστημα
1667 4479 1791 4549 corporis

32 4548 38 4560 ¹
97 4573 140 4619 cst
154 4573 281 4634 potestas
301 4565 492 4619 ecclesiastica
512 4565 643 4619 divinitus
658 4564 724 4619 huic
742 4565 848 4619 muneri
868 4582 930 4620 con·
958 4563 1061 4619 Christi
1082 4562 1191 4632 mystici
1214 4562 1371 4618 consistere.
1408 4564 1483 4633 Ergo
1507 4564 1583 4618 Deus
1606 4565 1688 4617 talem
1714 4571 1790 4635 pote·

97 4669 174 4707 cessa
190 4652 225 4705 ad
243 4651 384 4704 hominum
404 4650 636 4720 aedificationem,
665 4657 688 4706 2.
707 4651 768 4707 Cor.
791 4658 837 4719 lo,
860 4670 885 4704 v.
902 4656 926 4707 8.
958 4658 1056 4705 statem
1074 4647 1224 4703 ministerio
1244 4648 1327 4704 dedit.
1364 4649 1539 4704 Antecedens
1552 4655 1594 4704 est
1607 4650 1791 4722 manifestum,

96 4739 175 4793 Illam
195 4743 359 4808 potestatem
383 4755 513 4792 vocamus
537 4739 680 4794 ministerii
706 4738 822 4793 turmam
846 4739 927 4794 inter·
957 4737 1023 4809 quia
1044 4734 1166 4790 officium
1188 4734 1374 4789 ministrorum
1394 4734 1519 4788 consistit
1538 4735 1566 4788 in
1585 4736 1791 4806 praedicatione

95 4844 173 4891 nam,
198 4825 264 4895 quia
283 4829 324 4878 est
345 4824 423 4894 quasi
448 4824 540 4877 anima
565 4825 652 4895 illius,
679 4825 702 4879 si
727 4825 799 4880 enim
823 4825 928 4896 absque
956 4823 1042 4889 vorbi,
1056 4821 1296 4877 administratione
1309 4827 1549 4884 sacramentorum,
1564 4821 1693 4877 exercitio
1705 4823 1791 4878 clavis

96 4916 235 4983 potestate
254 4909 443 4966 ecclesiastica
462 4915 543 4975 essct,
564 4928 617 4965 non
637 4916 730 5008 posset
747 4911 927 4966 ministerium
955 4910 1067 4982 ligantis
1090 4914 1118 4962 et
1136 4907 1276 4975 solventis,
1295 4907 1388 4978 vigore
1399 4906 1561 4975 disciplinae
1573 4909 1792 4980 ecclesiasticae,

96 4998 259 5065 consistere,
294 5013 344 5051 uec
376 4996 502 5068 partibus
533 4995 574 5048 sui
604 4997 725 5052 muneris
754 4998 807 5052 rite
837 4997 926 5069 fungi.
951 4984 1011 5069 J‘am
1032 5012 1097 5050 vero
1115 4994 1185 5048 haec
1203 4993 1295 5049 omnia
1313 5011 1367 5047 non
1384 4999 1501 5061 possunt
1512 4993 1603 5049 locum
1615 4995 1718 5052 habero
1730 4997 1790 5051 abs

97 5084 245 5138 Externam
267 5084 409 5138 ministerii
434 5083 550 5136 sormam
573 5085 762 5139 constituimus
789 5086 818 5137 in
837 5072 941 5139 ‹isaer-¹
939 5102 1009 5193 que
1044 5086 1183 5153 potestate
1204 5079 1299 5150 aliqua
1323 5077 1518 5136 ecclesiastica
1560 5081 1686 5136 Pertinet
1709 5083 1790 5139 etiarn

98 5172 137 5224 sis
155 5172 291 5238 proditus
314 5179 341 5223 et
365 5169 511 5222 ordinibus
535 5167 733 5240 ministrorum,
758 5171 858 5242 quibus
884 5187 942 5225 cx·
939 5150 992 5225 ad
1018 5166 1233 5224 conservandam
1258 5164 1379 5235 corporis
1394 5165 1504 5235 mystici
1523 5167 1656 5222 unitatem
1675 5174 1704 5221 et
1723 5169 1791 5224 inte·

98 5265 176 5311 terna
195 5257 338 5312 ministerii
357 5257 442 5310 facIes
464 5254 624 5309 decorata
616 5273 645 5308 ιιι
672 5257 766 5313 oculos
789 5256 943 5316 hominum'
957 5257 1093 5329 gritatem,
1112 5261 1144 5307 ut
1163 5252 1317 5324 praefracte
1337 5250 1484 5308 facinorosi
1509 5272 1541 5308 ex
1567 5254 1701 5309 ecclesiae
1727 5272 1791 5311 con·

98 5343 219 5398 incurrit.
941 5340 1041 5399 leortic
1071 5339 1243 5411 expellantur
1261 5345 1289 5394 et
1306 5339 1480 5410 poenitentes
1498 5341 1596 5396 iterum
1614 5340 1791 5411 recipiantur,

942 5404 983 5538 {L
1006 5426 1066 5484 Cor.
1087 5434 1111 5495 5,
1130 5444 1156 5482 v.
1178 5433 1201 5480 7.
1240 5432 1263 5481 2.
1284 5426 1381 5482 Thess.
1401 5431 1425 5485 3
1443 5444 1469 5481 v.
1492 5433 1532 5482 tt.
1552 5426 1580 5479 id
1598 5425 1791 5484 varofierine·

944 5491 1019 5587 quit
1041 5514 1147 5585 absque
1170 5512 1265 5584 aliqua
1291 5512 1480 5614 ecclesiastica
1500 5517 1667 5583 potestate·
1681 5513 1792 5572 Deinde

151 5608 250 5651 (tarbardi
263 5609 311 5651 loci.
332 5607 364 5648 tt
1442 5622 1457 5671 9
