4020 6014
215 258 290 362 rso'
793 289 1318 352 nocusvrcnsruusrnnrms

210 454 265 507 sint
292 460 428 522 pastores,
455 452 502 522 qui
531 469 587 505 nou
612 452 668 505 sint
690 449 771 504 simul
800 448 885 504 etiam
907 449 1041 510 doctores,
1070 448 1132 517 quis
1156 449 1269 503 miretur
1292 444 1493 518 apostolorum,
1518 443 1727 514 prophetarum,
1751 441 1903 508 doctorum,

209 549 301 593 tamen
313 536 483 608 probabilior
495 545 537 593 est
550 554 642 593 eorum
656 536 801 604 sententia,
816 535 864 606 qui
877 533 1040 596 existimant,
1069 535 1265 605 opitulatorem
1284 541 1312 589 et
1331 531 1547 604 gubernatorum
1564 547 1663 585 munus
1675 528 1771 584 referri
1791 527 1829 582 ad
1844 528 1902 582 ‹im-

210 624 355 678 distinctos
374 623 560 679 ministrorum
578 622 682 694 gradus
700 629 842 692 pastorum
854 627 882 675 et
898 621 1040 675 doctorum
1069 628 1178 689 κονίας,
1211 619 1366 674 consideret
1391 618 1497 672 dictum
1527 615 1710 687 apostolicum
1740 621 1762 670 1.
1786 612 1850 669 Cor.
1879 622 1902 676 3,

210 710 418 765 nomenclatura
447 711 573 781 proponi.
627 716 648 764 1.
673 707 744 764 Cum
773 706 904 762 distincta
929 703 1041 760 nomina
1068 725 1092 760 v.
1113 713 1142 760 5:
1176 705 1244 769 Quia
1262 706 1350 775 ipitur
1369 701 1500 759 Paulus!
1528 703 1590 771 quis
1609 702 1737 771 Apollo?
1764 698 1900 764 διάκονοι,

209 814 326 868 arguere
345 798 493 853 videantur
511 797 643 851 distincta
665 795 771 865 officia,
797 810 887 865 neque
914 792 988 846 enim
1012 791 1041 845 in
1069 788 1202 862 ministri,
1228 799 1310 861 aunt,
1330 808 1386 861 per
1411 808 1479 861 qssoa
1504 792 1545 844 σιί
1567 791 1652 855 fidem
1667 788 1804 857 perducti
1817 786 1899 854 σείίας

208 889 288 937 tanta
307 883 442 940 brevitate
459 883 600 954 apostolus
617 882 666 937 uni
689 880 835 952 eidemque
854 878 1039 934 ministrorum
1068 895 1137 934 neve
1156 878 1238 933 alicui
1255 878 1355 934 mirum
1372 876 1513 946 videatur,
1537 875 1687 931 eorundem
1712 872 1837 929 officium
1860 889 1900 926 re

210 967 707 1035 ordinidiversumnomentribueret.
733 973 757 1022 2.
765 965 1003 1031 OumRom.12,r.
1015 969 1037 1017 1.
1067 964 1132 1020 ferri
1154 965 1190 1018 ad
1208 970 1385 1040 χαρίσματα,
1415 962 1570 1019 consideret
1594 961 1699 1016 dictum
1717 958 1901 1030 apostolicum

209 1041 653 1133 diddoaorreranepunalodmac
667 1054 859 1108 διδασκαλίαν
873 1049 1038 1128 παρακλήσει
1067 1051 1129 1121 Eph
1158 1057 1190 1119 3,
1214 1070 1241 1107 s.
1261 1057 1290 1112 2:
1317 1051 1351 1105 Si
1374 1059 1465 1104 tamen
1487 1048 1638 1103 audivistis
1662 1048 1713 1115 τήν
1734 1051 1901 1118 οἰκονομίαν

211 1141 406 1214 distinguatur,
434 1143 506 1197 sicut
529 1143 612 1198 etiam
631 1140 714 1211 λόγος
733 1157 751 1193 a
768 1138 870 1210 γνώσει
901 1144 923 1192 1.
942 1137 1002 1193 Cor.
1018 1142 1039 1203 1,
1067 1142 1112 1202 τῆς
1127 1136 1250 1209 χάριτος,
1271 1138 1509 1208 dispensationem
1520 1136 1633 1204 pratiae
1653 1135 1719 1202 Dei,
1740 1150 1812 1205 quae
1826 1133 1947 1187 slata¹¹1

209 1245 233 1283 r.
255 1235 278 1284 5.
298 1227 483 1300 distinguitur.
521 1234 544 1283 3.
563 1227 634 1283 Cum
657 1245 701 1282 ras
725 1226 786 1296 ipsa
806 1226 912 1294 doceat,
931 1229 1041 1294 praeter
1067 1233 1109 1277 est
1127 1224 1197 1278 mili
1212 1225 1243 1278 in
1261 1241 1324 1292 coe,
1344 1223 1392 1277 ubi
1412 1221 1593 1293 apostolicum
1612 1237 1712 1276 munus
1733 1220 1836 1275 diserte
1854 1236 1901 1275 vo

210 1314 361 1369 ordinarios
379 1314 557 1370 ecclesiarum
574 1318 700 1385 pastores
714 1329 775 1368 esse
788 1313 816 1366 in
829 1311 929 1367 scholis
948 1310 1040 1364 docto·
1068 1317 1147 1366 catur
1166 1307 1257 1384 χάρις.
1292 1309 1422 1364 Ceterum
1440 1327 1490 1380 per
1504 1306 1638 1382 δυνάμεις
1657 1306 1844 1377 metonymice
1861 1307 1901 1360 in-

210 1417 262 1469 res,
280 1400 382 1472 quibus
396 1406 507 1456 nonest
520 1399 648 1471 specialis
667 1398 810 1469 cujusdam
829 1396 963 1452 ecclesiae
975 1411 1041 1449 cura
1067 1396 1232 1468 telliguntur
1249 1404 1475 1468 θαυματουργοί,
1502 1395 1550 1466 qui
1566 1395 1691 1464 potentia
1707 1392 1901 1448 miraculorum

212 1487 371 1552 commissa,
402 1486 451 1542 ssd
470 1486 519 1557 qui
537 1484 697 1557 Scripturas
719 1482 952 1555 interpretationi,
984 1498 1040 1536 cor·
1069 1484 1237 1539 edendorum
1254 1481 1382 1537 instructi
1406 1489 1487 1538 erant
1508 1482 1544 1537 ad
1567 1480 1734 1552 apostolicae
1759 1480 1901 1536 doctrinae

210 1572 378 1643 ruptalarum
390 1571 552 1626 refutationi
572 1577 601 1625 et
616 1570 787 1626 methodicae
800 1569 926 1625 coelestis
941 1566 1039 1624 docui·
1069 1569 1311 1626 confirmationem.
1349 1568 1447 1625 Matth.
1466 1574 1490 1638 7,
1508 1587 1534 1622 v.
1556 1574 1602 1624 22:
1629 1569 1729 1623 Nonne
1746 1567 1777 1620 in
1793 1566 1904 1621 nemim

208 1675 261 1713 nae
283 1657 442 1713 tractationi
468 1657 643 1722 incumbunt,
673 1663 705 1710 ut
729 1657 882 1712 formentur
907 1654 944 1708 ad
964 1653 1040 1707 mini·
1068 1665 1116 1712 tuo
1145 1656 1277 1729 deripere
1307 1655 1423 1724 πολλαὶς,
1460 1655 1577 1709 uirtutes
1609 1654 1724 1722 multae,
1762 1655 1905 1719 fecimus!

209 1746 322 1800 sterium
340 1744 566 1814 ecclesiasticum,
587 1742 689 1815 quibus
702 1742 767 1797 olim
784 1742 855 1797 illud
873 1739 1041 1797 demandan·
1052 1714 1057 1856 ,ι
1069 1759 1092 1799 c.
1114 1750 1153 1812 11,
1171 1762 1198 1800 v.
1214 1749 1261 1799 tl:
1281 1742 1317 1798 Si
1332 1744 1429 1804 factae
1448 1751 1537 1796 essent
1557 1743 1587 1795 in
1608 1743 1683 1810 Tyro
1703 1749 1729 1794 et
1750 1742 1857 1795 δι’σίσιια
1876 1742 1905 1792 αἰ

208 1827 287 1896 dum,
318 1846 351 1886 ae
378 1829 530 1886 reddantur
554 1833 668 1885 δυνατοὶ
695 1835 741 1883 καὶ
769 1832 939 1901 παρακαλεῖν
957 1829 988 1880 ἐν
1010 1829 1042 1897 τῇ
1069 1828 1208 1903 δυνάμεις,
1229 1830 1264 1882 e'd
1289 1836 1330 1882 eal
1349 1828 1426 1881 talia
1444 1829 1585 1883 miramsla
1608 1836 1662 1883 ete.
1688 1827 1755 1899 quia
1771 1826 1905 1882 miracula

209 1919 374 1986 διδασκαλία
413 1921 445 1991 sp
476 1913 640 1991 ὑγιαινούσῃ
678 1920 724 1969 καλ
762 1913 823 1976 τοὺς
853 1913 1042 1984 ἀντιλέγοντας
1068 1917 1188 1972 eduntur
1207 1914 1340 1987 δυνάμει,
1357 1915 1460 1970 virtuts
1480 1920 1509 1970 et
1527 1918 1665 1986 potestate
1686 1913 1821 1968 divinitus
1840 1929 1904 1968 con·

210 2006 332 2073 titiam
349 2003 403 2059 uit.
427 2011 448 2070 1,
467 2021 493 2060 v·
513 2010 537 2058 9·
576 2004 623 2057 Ad
643 2004 757 2058 classem
771 2003 880 2057 illorum
898 2001 1039 2054 doctorum
1068 2022 1153 2061 σαντα.
1190 2002 1259 2058 Luc.
1279 2007 1303 2066 a,
1322 2020 1348 2055 v.
1371 2008 1395 2058 1.
1415 2001 1558 2057 deditfflis
1575 2000 1698 2073 σύναιμα
1716 2004 1762 2054 ται
1776 1999 1904 2062 treverae

209 2089 346 2144 referendi
372 2089 501 2143 videntur
528 2090 682 2144 σαίσσίινίσν
712 2088 774 2143 Gal.
800 2094 826 2155 6,
849 2093 915 2143 ah.
947 2088 1041 2140 Zenas
1068 2109 1153 2163 nuper
1172 2091 1266 2144 σαιαία
1284 2089 1442 2143 daemonia.
1478 2086 1577 2145 Matth.
1599 2093 1639 2154 14,
1664 2105 1689 2141 v.
1716 2094 1744 2142 2:
1771 2090 1801 2139 cl
1823 2087 1903 2142 δυνή-

207 2175 322 2248 νθμικόί
339 2177 396 2228 tivo
416 2176 593 2245 legisperitus
613 2175 667 2230 Tit»
691 2182 715 2243 3,
739 2193 763 2231 V.
789 2181 819 2230 13
838 2173 935 2245 quali*
951 2171 1042 2227 'etiam
1066 2199 1126 2254 μεις
1152 2179 1313 2250 ἐνεργοῦσιν
1329 2177 1360 2231 ἐν
1388 2171 1468 2244 αὐτῷ.
1509 2176 1568 2228 Per
1592 2178 1754 2246 χαρίσματα
1778 2171 1904 2246 ἰαμάτων

208 2262 291 2317 hodie
309 2267 382 2326 sunt,
399 2261 448 2333 qui
467 2262 496 2316 in
515 2261 616 2316 scholis
631 2262 751 2333 publicis
765 2262 867 2317 docent
885 2267 912 2317 et
930 2258 995 2315 olim
1014 2259 1042 2312 in
1068 2263 1228 2335 exprimitur
1255 2269 1333 2319 certa
1369 2261 1475 2333 species
1511 2260 1673 2330 δυνάμεων,
1709 2259 1904 2331 intelliguntur

209 2347 305 2402 schola
322 2346 511 2403 Alexandrina
529 2347 682 2402 floruerunt
700 2348 875 2416 Pantaenus,
901 2345 1041 2417 Origenes,
1067 2351 1141 2406 enim
1159 2349 1213 2419 illi,
1239 2349 1287 2422 qui
1307 2347 1489 2404 miraculosae
1509 2346 1660 2402 sanationis
1680 2346 1753 2401 dono
1773 2346 1901 2402 instructi

209 2432 336 2488 Clemens
355 2439 406 2489 cto.
426 2434 508 2490 valde
523 2434 597 2490 enim
614 2433 762 2489 verisimile
780 2441 830 2502 est,
849 2450 913 2488 cnm
929 2431 1041 2503 presby·
1068 2436 1178 2492 morbos
1199 2436 1282 2491 ctiam
1310 2435 1426 2491 lethales
1443 2435 1488 2490 vel
1505 2434 1591 2489 verbo
1609 2432 1748 2502 depellere
1766 2438 1902 2502 poteraut

190 2516 276 2575 ‘teris
297 2527 326 2574 et
343 2521 501 2591 pastoribus
518 2522 547 2576 in
572 2521 690 2576 ecclesia
715 2518 879 2575 docentibus
902 2519 1042 2573 institutos
1069 2523 1155 2578 Mare.
1180 2529 1224 2593 16,
1250 2540 1277 2576 v.
1300 2528 1344 2578 17:
1374 2523 1464 2592 δίαιτα
1481 2539 1541 2589 ουτ,
1567 2522 1617 2591 qui
1635 2520 1817 2589 crediderint,
1835 2520 1903 2573 baec

209 2606 291 2660 simul
310 2605 395 2661 fuisse
421 2607 457 2662 ab
483 2606 614 2677 apostolis
636 2605 768 2662 docentes
791 2606 820 2660 in
838 2604 952 2669 scholis,
980 2622 1042 2659 cum
1069 2619 1225 2681 sequentur,
1244 2629 1266 2665 v.
1285 2613 1327 2667 18.
1345 2626 1431 2678 super
1443 2616 1572 2678 aeprotos
1592 2607 1734 2678 imponent
1751 2623 1859 2674 manue,
1876 2615 1902 2660 et

210 2692 394 2748 necessarium
413 2694 458 2763 sit,
482 2693 511 2747 in
528 2692 628 2748 scholis
652 2709 699 2748 eos
716 2692 793 2763 prius
811 2692 966 2761 informari,
995 2691 1041 2762 qui
1069 2697 1168 2752 metim
1187 2697 1331 2753 λασαίαιαν,
1363 2698 1415 2750 Per
1434 2694 1465 2750 τὰ
1479 2699 1546 2766 γένη
1558 2694 1693 2765 γλωσσῶν
1710 2692 1902 2764 intelligrmtur

211 2779 362 2834 ministerio
380 2780 566 2836 ecclesiastico
585 2780 765 2848 admovendi,
782 2779 836 2833 nisi
856 2778 1042 2835 extraordina·
1068 2784 1118 2849 illi,
1137 2784 1185 2855 qui
1204 2783 1275 2838 dono
1293 2782 1377 2837 variis
1398 2781 1502 2854 linguis
1520 2780 1652 2852 loquendi
1672 2779 1839 2852 easdemque
1858 2779 1898 2834 in·

210 2867 259 2931 ria,
279 2867 438 2923 immediata
456 2873 484 2922 et
502 2866 638 2937 peculiari
665 2865 786 2937 Spiritus
810 2867 898 2921 sancti
922 2866 1041 2921 illustra·
1068 2869 1239 2942 terpretandi
1257 2868 1496 2941 pollebantMsuc.
1519 2872 1557 2930 16,
1577 2885 1602 2922 v.
1618 2873 1663 2922 17:
1685 2867 1806 2936 Linpuie
1822 2867 1901 2919 noeis

209 2955 284 3008 tione
305 2954 499 3023 informentur,
527 2954 602 3026 quod
625 2953 653 3006 in
679 2952 801 3008 mediata
827 2953 970 3008 vocatione
997 2953 1041 3007 rix
1069 2958 1222 3026 loquemur.
1259 2954 1340 3010 Talia
1358 2960 1520 3028 χαρίσματα
1547 2968 1602 3007 τινα
1627 2952 1717 3005 solum
1744 2953 1773 3005 in
1792 2957 1901 3023 aposto·

209 3040 294 3095 habet
316 3041 414 3095 locum.
450 3039 541 3105 Quare
567 3039 642 3112 quod
665 3045 790 3110 pastores
818 3046 846 3095 et
870 3040 996 3095 doctores
1013 3039 1042 3093 in
1068 3043 1137 3110 lica,
1156 3041 1205 3097 sed
1223 3041 1307 3097 etiam
1323 3040 1464 3112 primitiva
1481 3038 1651 3110 apostolicae
1671 3038 1796 3108 proxima
1815 3038 1902 3095 eccle·

209 3126 300 3183 verbis
311 3126 430 3197 apostoli
440 3128 657 3198 conjunguntur,
674 3126 737 3180 ideo
749 3125 809 3181 lieri
821 3124 1042 3190 criminandum,
1069 3129 1110 3184 sia
1128 3128 1298 3201 aliquamdiu
1315 3128 1439 3200 viguisse
1462 3144 1496 3183 ex
1512 3126 1632 3195 Justino,
1659 3125 1774 3181 Irenaeo
1794 3131 1823 3181 et
1841 3126 1902 3181 eliis

209 3230 264 3268 non
282 3213 358 3286 quod
374 3231 460 3269 unum
472 3213 644 3284 eundemque
656 3211 828 3267 constituant
844 3212 976 3283 ordinem,
994 3213 1041 3267 sed
1068 3216 1249 3287 scriptoribus
1277 3213 1465 3286 apostolorum
1496 3214 1590 3269 seculo
1619 3211 1752 3283 proximis
1782 3218 1900 3267 constet.

210 3302 277 3372 quia
302 3307 430 3372 respectu
456 3299 594 3355 mediatae
613 3298 767 3354 vocationis
785 3306 814 3353 et
837 3308 988 3371 perpetuae
1013 3300 1042 3354 in
1068 3302 1196 3358 lustinus
1215 3303 1244 3357 in
1261 3301 1326 3356 dial.
1347 3318 1411 3355 cum
1428 3300 1533 3371 'Il-yph.
1552 3317 1579 3370 p.
1599 3304 1662 3354 246:
1681 3299 1733 3352 Est
1752 3302 1834 3369 opud
1851 3318 1903 3354 noe

209 3387 327 3442 ecclesia
344 3386 496 3443 durationis
514 3389 737 3458 conjunguntur,
765 3401 821 3456 qua
844 3386 953 3440 ratione
976 3403 1040 3457 npe-
1067 3391 1163 3444 m'dore
1182 3398 1208 3443 et
1224 3388 1347 3455 feminas
1373 3396 1399 3441 et
1416 3387 1556 3441 masculos
1578 3392 1755 3460 χαρίσματα,
1775 3389 1866 3456 donc,
1884 3404 1903 3440 a

209 3475 294 3544 stolis,
312 3473 456 3545 prophetis
475 3479 504 3528 et
522 3472 699 3544 evangelistis
718 3477 903 3543 opponuntur,
924 3491 1040 3546 quorum
1069 3477 1179 3546 Spiritu
1207 3478 1264 3529 Dei
1286 3475 1424 3528 labentes.
1461 3473 1593 3529 Irenaeus
1618 3473 1635 3526 l
1664 3477 1687 3527 1.
1707 3473 1771 3527 adr.
1796 3473 1901 3529 haeres.

105 3575 112 3591 ‘
210 3561 317 3615 vocatio
334 3560 388 3616 fuit
403 3559 564 3615 immediata
581 3566 609 3614 et
625 3576 726 3614 munus
739 3576 834 3616 eorum
845 3561 1041 3633 temporarium
1068 3580 1092 3619 c.
1117 3569 1158 3618 57.
1180 3579 1208 3632 p.
1238 3567 1298 3618 160:
1328 3560 1365 3613 In
1395 3561 1501 3616 Christi
1522 3561 1645 3629 nornine,
1677 3560 1728 3629 qai
1743 3576 1807 3614 esre
1823 3561 1903 3614 ἰίλίιιι

209 3655 293 3717 atque
322 3646 576 3701 extraordinarium.
613 3645 734 3710 Quidam
759 3647 902 3704 doctorum
932 3649 1042 3703 nomine
1068 3655 1131 3701 eunt
1155 3648 1304 3717 discipuli,
1332 3648 1367 3700 al
1392 3648 1454 3717 ipso
1482 3648 1650 3716 accipientes
1676 3648 1801 3714 prasion
1817 3649 1901 3717 perfi-

210 3733 368 3802 intelligunt
392 3749 454 3800 eos,
483 3732 530 3802 qui
555 3733 761 3789 concionatores
786 3735 922 3791 duntaxat
947 3743 1042 3806 agunt,
1069 3737 1145 3789 cium
1169 3736 1211 3787 ad
1234 3734 1365 3801 beneficia
1390 3735 1563 3802 reliquorum
1580 3727 1743 3801 ¹lominum,
1771 3739 1902 3803 praemad-

210 3818 258 3872 sed
280 3824 516 3873 sacramentorum
536 3818 802 3877 administrationem
826 3829 854 3877 et
879 3822 1042 3879 ecclesiasti·
1069 3823 1182 3876 modum
1210 3822 1398 3891 unusqusique
1424 3822 1531 3890 occepit
1561 3823 1665 3874 doniam
1693 3821 1729 3873 ah
1759 3838 1798 3875 eo.
1841 3822 1905 3875 Alii

209 3920 258 3956 cae
289 3903 453 3974 disciplinae
477 3920 572 3958 curam
591 3922 646 3959 nou
673 3907 824 3979 attingunt,
853 3909 927 3980 quod
953 3907 1043 3963 adhuc
1071 3909 1144 3963 enim
1170 3909 1319 3962 daemones
1348 3908 1499 3962 meleduni
1519 3908 1685 3976 firmissime
1713 3915 1740 3961 et
1765 3925 1843 3979 cere,
1874 3917 1902 3962 ut

210 3989 291 4045 hodie
323 3990 352 4044 in
382 3989 549 4060 quibusdam
585 3991 708 4047 eeclesiis
746 3994 871 4050 obtinere
910 3996 1044 4051 videmus.
1071 3997 1154 4049 ctiam
1176 4011 1260 4064 saepe
1286 3996 1404 4048 credant
1427 3994 1486 4064 ipsi
1508 3994 1560 4062 qui
1581 3995 1726 4047 emundati
1741 4003 1805 4050 eunt
1822 4015 1839 4050 ο
1857 4013 1904 4049 ne-

210 4075 312 4130 t'onfer
339 4075 530 4146 Stapletonum
559 4078 652 4134 relect.
687 4079 774 4150 princ.
804 4088 876 4135 cont
907 4087 930 4136 1.
962 4099 988 4151 q.
1021 4089 1044 4135 3.
1072 4082 1213 4152 quiesimie
1231 4080 1377 4150 spiritibus
1400 4087 1427 4133 et
1451 4080 1552 4133 sintin
1570 4080 1695 4136 ecelesia.
1730 4082 1794 4135 Alii
1812 4068 1908 4136 amen

210 4169 259 4218 art
278 4168 303 4217 6.
1071 4169 1216 4222 scientiam
1239 4167 1339 4221 labent
1357 4169 1520 4232 futurorum
1538 4172 1565 4219 et
1584 4167 1704 4220 αι’σίοαοε
1722 4176 1747 4221 et
1768 4168 1905 4223 ἀὶσίὶσνσν

142 4297 152 4307 .
246 4256 312 4326 130.Ι
331 4256 354 4304 6.
369 4249 519 4319 Apostolis,
530 4251 671 4322 prophetis
684 4258 713 4306 et
721 4251 880 4306 doctoribus
894 4258 915 4308 1.
931 4252 992 4308 Cor.
1007 4259 1044 4317 11,
1068 4252 1259 4324 propheticas.
1295 4254 1360 4308 Alii
1376 4261 1468 4307 autem
1495 4253 1656 4307 laborantes
1674 4254 1772 4323 aliqua
1790 4256 1904 4326 infirmi-

212 4354 237 4394 ν.
258 4342 298 4392 18.
320 4334 529 4406 subjunguntur
557 4335 704 4409 δυνάμεις,
726 4343 889 4410 χαρίσματα
911 4338 1046 4408 ἰαμάτων,
1072 4349 1129 4395 tate
1146 4359 1198 4410 per
1217 4358 1350 4394 manuum
1375 4339 1579 4410 impositionem
1596 4349 1696 4394 carone
1715 4349 1740 4394 et
1758 4358 1844 4396 aanor
1863 4358 1905 4396 re-

98 4444 125 4471 on
210 4423 377 4492 ἀντιλήψεις,
394 4422 574 4498 κυβερνήσεις,
592 4429 659 4493 γίνή
671 4427 814 4493 γλωσσῶν,
832 4425 932 4496 quibus
953 4426 1046 4496 appel·
1071 4429 1196 4482 stituunt.
1232 4428 1301 4481 Jom
1314 4427 1399 4480 etiam
1414 4434 1440 4479 et
1457 4428 1562 4480 mortui
1575 4437 1787 4482 rerumrerum
1805 4437 1905 4498 etpur-

210 4508 359 4564 lationibus
392 4509 429 4578 (si
458 4507 579 4579 excipias
606 4507 766 4581 ἀντιλήψεις
792 4516 838 4565 καί
864 4511 1044 4587 κυβερνήσεις,
1071 4524 1235 4570 reserarunt
1253 4515 1397 4569 nobiscum
1414 4513 1509 4567 mrdts's
1530 4515 1621 4569 annm.
1652 4517 1692 4568 Et
1709 4515 1780 4583 quid
1793 4520 1906 4569 auum!

210 4614 279 4667 quas
302 4613 328 4650 v.
356 4600 398 4650 19.
425 4602 454 4650 et
474 4599 515 4651 66.
541 4594 571 4648 in
589 4596 753 4666 repetitione
772 4598 914 4670 apostolus
932 4602 1044 4671 omittit)
1071 4621 1128 4657 non
1145 4611 1185 4655 est
1200 4617 1343 4656 numerian
1363 4601 1456 4653 dicere
1477 4600 1650 4669 pretiorum,
1679 4616 1749 4669 quoe
1766 4618 1823 4670 per
1847 4603 1905 4655 uni·

209 4700 263 4736 non
275 4689 333 4736 tam
346 4681 471 4736 distincti
480 4682 587 4753 gradus
598 4686 627 4736 et
647 4682 758 4737 ordines
772 4684 952 4742 ecclesiastici
964 4689 1043 4742 mini·
1073 4708 1181 4744 versum
1194 4690 1326 4743 mundum
1341 4687 1459 4742 eeclesia
1476 4705 1495 4740 a
1507 4689 1572 4740 Deo
1591 4687 1733 4756 accepisse
1755 4688 1784 4742 in
1796 4690 1906 4742 nomine

208 4770 283 4822 sterit
317 4785 401 4839 quam
428 4767 581 4839 peculiaria
616 4775 645 4823 et
676 4770 894 4827 extraordinaria
925 4772 1043 4845 Spiritus
1072 4777 1178 4833 t'brirti
1192 4776 1263 4830 Jeeu
1287 4774 1416 4842 munifici
1437 4791 1490 4845 per
1508 4775 1634 4843 ainpulor
1657 4775 1720 4828 dies
1738 4774 1768 4828 in
1786 4778 1905 4845 opitula-

208 4855 299 4907 sancti
319 4854 487 4910 charismata
506 4855 588 4911 certis
607 4855 732 4926 personis
751 4856 780 4910 in
798 4859 915 4914 ecclesia
934 4869 1043 4931 aposto·
1070 4868 1171 4920 tionem
1195 4862 1315 4930 pestium
1339 4864 1457 4931 perficit.
1493 4861 1549 4918 Per
1576 4861 1624 4922 τὰς
1644 4860 1802 4931 ἀντιλήψεις
1825 4863 1904 4920 intel·

207 4941 261 4994 lica
282 4945 311 4993 et
329 4941 470 5010 primitiva
487 4943 605 4998 conferri
635 4942 717 4997 solita
735 4944 936 5000 describuntur.
974 4946 1043 5004 Curn
1070 4951 1196 5023 liguntur
1209 4947 1325 5016 diaconi,
1342 4949 1390 5019 qui
1408 4966 1563 5020 pauperum
1575 4957 1604 5005 et
1623 4955 1798 5021 aegrotorum
1809 4967 1903 5006 curam

208 5027 280 5081 euim
298 5044 323 5084 v.
339 5033 362 5082 5.
383 5032 411 5080 et
429 5035 451 5084 6.
466 5036 628 5104 χαρίσματα
648 5029 698 5085 illa
716 5030 745 5084 in
764 5032 834 5085 duas
852 5033 965 5103 species,
985 5037 1044 5113 dm·
1070 5037 1240 5105 habuemnt;
1266 5051 1316 5105 per
1342 5034 1390 5096 τὰς
1418 5036 1590 5111 κυβερνήσεις
1619 5034 1819 5108 gubernatores
1848 5039 1905 5093 sive

208 5120 302 5173 κονίας
320 5112 426 5167 scilicet
446 5121 492 5167 καλ
505 5115 677 5191 ἐνεργήματα
687 5118 829 5187 apostolus
848 5119 1044 5193 distribuisset,
1070 5122 1198 5190 seniores,
1218 5122 1266 5192 qui
1283 5138 1390 5177 morum
1408 5139 1540 5179 censuras
1559 5131 1586 5179 ct
1603 5122 1807 5179 ecclesiasticae
1825 5125 1905 5180 disci·

208 5218 232 5254 ν.
253 5205 291 5256 18.
311 5204 455 5254 enumerat
470 5204 608 5271 quaedam
623 5211 786 5280 χαρίσματα
805 5205 834 5259 in
851 5207 959 5277 specie,
977 5227 1042 5280 quo·
1069 5208 1162 5280 plinac
1180 5208 1314 5279 praefecti
1333 5215 1419 5280 erant,
1438 5209 1592 5280 dequibus
1611 5210 1697 5281 paulo
1714 5218 1779 5282 post
1795 5211 1904 5282 plenius

208 5304 268 5341 rum
290 5288 383 5357 aliqua
401 5287 542 5356 pertinent
565 5291 602 5344 ad
629 5295 788 5360 διακονίας,
816 5297 913 5363 utpote
944 5312 1042 5351 munus
1070 5297 1184 5351 dicetur.

205 5374 399 5444 apostolicum,
431 5374 637 5444 propheticum,
666 5379 824 5445 doctorum,
847 5380 1042 5450 opitulationes
1104 5387 1162 5438 131.
1201 5381 1386 5466 Ετιιιιιισταιίτἱ
1404 5384 1539 5438 hactenus
1558 5383 1702 5438 ministerii
1725 5387 1947 5447 ecclesiasticiss

203 5466 231 5515 et
247 5461 474 5532 gubernationem
493 5461 587 5535 aliqua
604 5480 669 5520 vero
682 5465 720 5520 ad
739 5464 923 5541 ἐνεργήματα,
946 5474 1043 5541 utpote
1067 5467 1467 5543 praesusumens.
1491 5478 1519 5525 et
1539 5476 1564 5526 8.
1596 5488 1619 5528 c.
1640 5479 1670 5540 5,
1689 5490 1713 5527 r.
1735 5478 1773 5528 11.
1805 5473 1861 5530 'lit
1884 5482 1905 5545 1,

202 5547 344 5620 δυνάμεις,
359 5558 520 5625 χαρίσματα
540 5552 674 5627 ἰαμιίτων,
691 5558 760 5626 pter
776 5557 921 5625 ricensis,
941 5555 989 5613 uhi
1008 5572 1044 5613 ne
1068 5574 1092 5613 v.
1112 5564 1135 5613 5.
1153 5559 1183 5612 'et
1200 5562 1224 5613 1.
1245 5559 1596 5627 conjungunturepiecopi,
1614 5561 1775 5629 presbytori
1793 5569 1822 5617 et
1839 5562 1905 5618 dia·
