4020 6014
701 188 1248 267 [ιοιισοιεσιιοσσΡοισσσοο.Ε
1765 196 1824 277 iar

124 354 304 411 secunao
322 356 435 413 semina
453 356 636 427 rapsatur,
659 358 688 412 ru
709 358 762 414 un
785 358 848 428 ipsa
873 356 962 422 amec
991 357 1194 425 simmacum
1211 359 1292 432 qnae
1309 359 1384 416 anuo
1397 360 1533 416 anans
1551 346 1618 417 an
1634 378 1691 418 non
1706 362 1828 420 cessam

124 440 278 496 haeredum
302 442 417 497 zizaniis
439 448 590 498 sementem
610 443 688 498 serbi
706 443 833 500 castaus
850 442 961 513 saepius
991 444 1124 500 medicari
1150 445 1271 515 zizania,
1294 446 1406 516 quando
1430 447 1586 518 pericnlum
1611 455 1666 518 est,
1691 465 1727 504 nc
1745 448 1826 505 simul

124 528 262 598 corrumpi
282 544 315 582 ac
344 527 447 586 vitiari.
485 527 598 598 Quinto,
626 529 678 583 boo
701 529 846 599 parabola
874 526 962 582 uoluit
989 530 1112 584 triticum
1131 531 1294 599 eradicetur,
1313 532 1363 586 sed
1378 532 1579 602 prohibitionis
1596 535 1743 602 rationem,
1763 535 1826 591 ideo

125 615 265 667 Dominus
293 616 394 668 docere
424 622 546 684 qssatuor
570 614 714 679 ananau,
747 616 832 669 bonos
856 614 964 669 scilicet
989 630 1045 668 non
1068 630 1129 670 esse
1152 616 1305 688 quidquam
1331 618 1500 673 zizaniorum
1518 619 1729 689 eradicandum,
1758 618 1826 692 'quia

124 698 207 751 matu
225 699 324 753 dabo-s
342 715 402 753 esse
416 700 585 769 permistos,
610 700 747 768 quamdiu
773 707 839 754 sant
861 700 892 753 in
911 700 963 752 boe
990 699 1072 754 simul
1092 701 1228 757 medicari
1244 702 1333 772 possit
1350 703 1480 775 triticum,
1501 705 1589 761 idest
1607 707 1686 776 juxta
1707 704 1826 777 Chryso

123 786 247 854 mundc,·
265 786 370 855 maior,
401 786 451 855 qai
468 794 532 840 sunt
560 787 589 838 in
617 787 690 841 bona
708 794 800 850 terra,
814 803 885 861 ‘non
904 802 963 839 esse
990 786 1070 841 stomi
1089 786 1310 859 explicationem,
1329 790 1395 859 quia
1411 789 1548 845 maenium
1565 790 1635 845 illud
1654 791 1684 845 in
1702 791 1826 847 triticum

125 868 234 923 Christi
250 887 356 941 semen,
379 888 429 925 sea
445 889 503 926 non
517 871 667 940 provenire
694 886 728 924 ec
747 871 856 926 ίιιιιιιι·
872 887 962 940 opere,
991 871 1113 927 converti
1131 879 1230 943 potest.
1279 874 1313 928 In
1332 891 1400 946 agro
1420 875 1532 946 quidem
1549 876 1669 932 naturali
1688 877 1825 933 zizanium

125 955 258 1011 doctrina
273 958 318 1012 set
338 956 540 1027 inrpiratiorse,
571 960 648 1031 quod
670 957 728 1011 sint
750 957 837 1022 talem
864 957 963 1025 malou
990 972 1133 1028 nunquam
1151 965 1275 1014 mutatur
1293 960 1322 1015 in
1340 960 1472 1033 triticum,
1490 961 1539 1016 sed
1557 961 1587 1017 in
1598 978 1666 1034 agro
1679 963 1825 1019 Dominico'

124 1041 174 1109 qai
196 1042 276 1096 bonis
295 1051 361 1097 sunt
381 1044 524 1113 parmati,
537 1045 740 1112 psmnittendor
762 1059 822 1097 esse
840 1058 964 1097 mercem
990 1056 1024 1096 ac
1041 1042 1179 1112 spirituali
1197 1045 1270 1099 illud
1288 1046 1383 1101 diviua
1399 1047 1524 1117 potentia
1535 1046 1649 1102 fierires
1660 1048 1723 1119 ipsa
1738 1050 1824 1104 maui-

121 1135 241 1195 propter
264 1129 425 1197 periculam
454 1130 589 1184 bonorum
595 1150 606 1198 ,·
631 1135 777 1184 uenturum
805 1130 963 1197 aliquando
989 1126 1060 1183 feste
1077 1130 1246 1201 comprobat
1286 1131 1351 1187 bam
1370 1149 1443 1198 vero,
1461 1132 1509 1187 ubi
1528 1133 1599 1187 ratio
1617 1135 1759 1206 praecepti
1776 1150 1824 1207 ge

125 1213 216 1276 diem,
244 1213 275 1267 in
300 1232 354 1284 quc
376 1215 448 1270 maii
470 1234 490 1270 a
511 1216 590 1269 bonit
612 1216 724 1269 omnino
746 1216 962 1284 asperabantur.
990 1214 1091 1268 neralis
1103 1223 1153 1280 est,
1174 1215 1214 1270 ibi
1225 1223 1404 1287 praeceptum
1417 1217 1501 1272 etiam
1512 1218 1642 1289 geueffle
1653 1219 1824 1291 proponitur.

128 1298 208 1359 Quae
225 1300 357 1354 ueritates
376 1318 434 1354 non
450 1302 540 1355 roiam
559 1302 707 1356 haereticis
724 1301 895 1369 consumar,
911 1303 964 1354 sed
992 1305 1017 1356 4.
1037 1299 1116 1370 Opus
1136 1300 1295 1356 eradicandi
1312 1303 1421 1357 zizania
1442 1302 1525 1374 plane
1542 1303 1674 1359 adimitur
1692 1307 1778 1361 serus
1795 1311 1825 1362 et

126 1385 252 1438 omnibus
269 1387 363 1442 maiis.
402 1386 627 1457 Respondemus:
651 1387 720 1442 haec
748 1386 861 1458 quidem
886 1391 963 1441 recte
990 1386 1171 1441 committitur
1188 1387 1355 1442 messoribus
1373 1389 1432 1445 sive
1448 1389 1567 1461 angelis,
1583 1406 1617 1444 ac
1633 1397 1744 1462 tempus
1762 1404 1823 1448 era·

50 1527 52 1530 ⁴
126 1468 257 1524 dicuntur
273 1476 302 1525 et
319 1471 483 1526 secundario
506 1472 575 1526 haec
593 1471 728 1542 parabola
750 1472 786 1527 ad
805 1488 839 1527 aa
856 1487 962 1526 accom-
990 1470 1136 1526 dicationis
1157 1471 1288 1527 definitur
1305 1492 1361 1530 non
1382 1490 1512 1545 praeseus
1531 1476 1621 1541 sitae,
1647 1475 1697 1532 sed
1713 1482 1824 1551 tempus

125 1556 232 1611 modari
251 1562 360 1627 potest,
378 1557 489 1612 interim
507 1558 655 1627 primarius
673 1574 706 1612 ac
723 1557 885 1628 principalis
903 1573 963 1612 sco·
989 1554 1100 1626 messis,
1129 1556 1181 1612 hoc
1204 1563 1247 1613 est
1274 1558 1333 1614 dias
1357 1559 1471 1615 extremi
1485 1561 1600 1631 judicii,
1628 1580 1683 1633 qno
1700 1563 1822 1617 uiticum

124 1659 177 1711 pus
195 1648 253 1712 est,
284 1644 359 1714 qnod
384 1658 436 1714 per
460 1644 568 1698 zizania
588 1643 720 1699 haeretici
749 1645 916 1700 denotantur
935 1647 963 1698 et
989 1642 1205 1713 congregabitur
1229 1643 1259 1698 in
1277 1644 1413 1700 horreum.
1451 1646 1539 1717 Atqui
1560 1647 1643 1717 juxta
1662 1644 1823 1703 Bellarmini

123 1728 219 1798 gladio
243 1730 388 1799 exsurpari
418 1728 625 1800 prohibeantur.
661 1730 768 1794 Quodsi
792 1730 865 1785 enim
885 1729 961 1784 illam
989 1727 1202 1797 explicationem
1226 1729 1297 1783 illud
1317 1729 1410 1786 adhuc
1434 1748 1467 1786 er
1484 1738 1564 1801 parte
1580 1739 1749 1804 competeret
1767 1748 1822 1789 ser·

124 1812 338 1882 prohibitionem
356 1815 392 1870 ds
403 1830 459 1870 uon
477 1815 650 1870 eradicandis
665 1814 778 1870 zizaniis
797 1813 963 1887 generaliter
988 1813 1030 1865 vis
1047 1819 1076 1867 et
1094 1813 1124 1868 in
1141 1814 1195 1869 hac
1212 1814 1271 1869 vita
1283 1815 1433 1888 aliquando
1450 1815 1540 1871 locum
1553 1817 1676 1888 haberet,
1693 1819 1822 1874 nimirum

126 1899 252 1970 accipere
275 1900 392 1956 velimus
419 1901 454 1956 de
473 1902 617 1973 quibusvis
640 1901 817 1968 facinorosis,
850 1900 899 1972 qui
917 1917 961 1955 ex·
989 1899 1099 1968 quando
1118 1900 1178 1955 sine
1195 1901 1361 1957 detrimento
1378 1902 1463 1958 tritici
1483 1903 1633 1959 eradicatio
1654 1904 1823 1960 zizaniorum

126 1987 212 2042 ternis
230 1993 260 2042 et
277 1987 393 2043 notoriis
412 1988 521 2043 delictis
539 1987 649 2043 civilem
668 1987 827 2043 societatem
838 1986 961 2055 turbant,
987 1981 1048 2038 fieri
1065 1989 1166 2055 potest.
1206 1993 1230 2042 5.
1248 1986 1371 2058 Egregia
1383 2004 1449 2042 vero
1466 1988 1600 2055 docuina,
1617 2006 1701 2061 quam
1718 1989 1823 2046 Beller-

126 2073 302 2144 msgistratui
320 2074 431 2143 penitus
450 2074 583 2145 eripietur
607 2074 718 2146 gladius
742 2080 770 2128 et
795 2088 859 2144 para
877 2071 961 2127 officii
988 2069 1079 2124 minus
1093 2087 1127 2125 ex
1145 2071 1198 2128 hac
1216 2072 1351 2143 parabola
1370 2074 1486 2147 colligit,
1512 2093 1569 2129 non
1586 2092 1648 2130 erre
1667 2077 1823 2132 haereticos

126 2159 179 2230 ipsi
199 2159 303 2230 proprii
320 2159 448 2216 cessabit.
670 2156 675 2163 “
988 2156 1061 2210 bello
1067 2159 1214 2226 petendos,
1224 2160 1339 2228 quando
1349 2168 1413 2213 sant
1424 2161 1560 2226 fortiores
1569 2161 1656 2232 nobis,
1669 2169 1697 2216 et
1708 2164 1823 2232 quando

160 2249 219 2301 325.
257 2243 338 2300 Vidit
350 2244 403 2301 hoc
420 2244 619 2310 Bellarminns,
639 2245 702 2300 ideo
721 2250 745 2299 2.
765 2242 882 2314 excipit,
900 2260 962 2297 oum
985 2243 1144 2310 periculum
1161 2251 1215 2308 est,
1237 2260 1273 2298 ue
1290 2245 1319 2298 ai
1333 2262 1380 2299 eos
1397 2247 1470 2302 bello
1488 2249 1704 2316 apprediamum
1725 2250 1824 2318 plures

122 2331 253 2400 prohibet
275 2332 418 2385 Dominus
441 2331 595 2401 mstirpari
618 2332 723 2399 malos,
753 2347 809 2383 non
826 2329 962 2399 probibet,
988 2344 1021 2381 eu
1038 2329 1119 2382 nobis
1136 2330 1242 2382 cadant
1258 2346 1343 2399 quom
1360 2346 1394 2383 en
1410 2331 1479 2386 iltis.
1503 2332 1591 2398 Quasi
1608 2349 1673 2388 vero
1690 2332 1824 2389 naturalis

125 2433 160 2470 ne
183 2418 235 2471 r'sts
257 2425 309 2471 σοι
326 2418 378 2472 ute
403 2419 561 2487 occidatur,
598 2421 650 2470 sed
673 2416 817 2487 prohibet,
844 2431 879 2468 ns
898 2415 964 2470 boni
988 2414 1059 2468 ratio
1073 2413 1223 2485 unicnique
1236 2414 1324 2470 istaec
1337 2414 1459 2472 dictitet:

126 2510 260 2557 conentur
281 2520 376 2556 omues
394 2504 486 2556 malos
510 2503 610 2572 abique
636 2503 795 2570 eastirpars
811 2508 837 2555 st
852 2501 962 2554 nuihtm

126 2589 239 2642 omnino
260 2589 436 2658 permittere,
468 2588 503 2642 id
529 2589 603 2642 enim
624 2588 692 2656 piari
715 2604 772 2641 non
786 2594 883 2657 posset
902 2587 963 2640 sine

126 2674 233 2742 ingenti
247 2674 330 2728 clade
350 2676 498 2744 bonorum,
518 2682 546 2728 st
563 2675 614 2727 hoc
633 2681 689 2744 est,
707 2676 785 2743 qrmd
803 2674 846 2727 ait
862 2674 963 2726 Domi·

126 2776 185 2823 nris,
208 2777 243 2814 ne
254 2763 338 2829 sorte
354 2778 416 2814 cum
434 2762 473 2814 eis
492 2761 653 2814 eradicetur
677 2761 761 2814 simut
785 2767 811 2814 et
829 2761 962 2816 tritium.
989 2758 1081 2829 iuquit
1098 2759 1245 2815 Ascraeus.
1281 2759 1382 2816 Elncet
1408 2777 1474 2816 raro
1501 2779 1534 2817 er
1553 2779 1586 2817 eo
1604 2764 1712 2820 animus
1729 2766 1825 2823 Ponti·

126 2847 227 2916 Itoqus
244 2848 386 2917 parabola
402 2846 544 2915 pancratis
571 2854 612 2900 est
635 2853 661 2899 et
688 2847 740 2900 hoc
764 2847 855 2901 solum
874 2849 964 2914 ιιοσιι,
988 2843 1121 2912 liciorum,
1140 2861 1222 2917 quem
1239 2850 1341 2915 gerunt
1358 2862 1426 2917 erga
1444 2863 1499 2915 σοι,
1518 2848 1566 2918 qui
1585 2864 1603 2903 a
1619 2848 1744 2905 Romarm
1756 2866 1826 2923 pou·

126 2950 268 3002 namnam
285 2934 417 2998 satarum
435 2940 499 2986 ante
516 2933 617 2985 mandi
635 2933 915 3000 consummationem,
933 2939 964 2984 at
990 2928 1065 2985 tilica
1094 2930 1278 2986 secessionem
1305 2930 1432 2986 iecerunt
1453 2936 1510 2998 (eos
1537 2933 1610 2988 enim
1635 2951 1729 2991 omnes
1754 2936 1825 2992 iudi·

127 3036 220 3074 omnss
234 3019 307 3073 maii
325 3019 512 3072 eradicentur.
552 3016 725 3071 &monum
742 3019 773 3070 in
787 3015 966 3087 particulari
991 3016 1092 3072 stincte
1116 3033 1168 3087 pro
1194 3016 1341 3079 haereticis
1366 3016 1495 3087 babent),
1521 3019 1651 3074 nimirum
1673 3038 1729 3076 non
1747 3023 1826 3079 deest

128 3105 255 3174 quaestio
274 3112 331 3173 ert,
349 3104 394 3158 uei
414 3105 449 3157 de
466 3102 632 3166 haereticis,
651 3103 695 3157 asi
714 3105 749 3156 ds
768 3104 897 3169 faribrn,
920 3103 965 3157 cel
990 3103 1059 3173 ipsis
1079 3103 1264 3173 promtissima
1280 3104 1410 3158 voluntas
1439 3103 1513 3160 bello
1535 3104 1609 3176 ipsos
1634 3108 1831 3179 oppugnandi,¹

128 3192 196 3245 atta
214 3191 307 3256 molis,
327 3191 441 3256 un'lsint
458 3191 649 3260 exstirpandi,
669 3191 907 3243 considerandum
925 3197 966 3243 cst
991 3189 1045 3243 nisi
1061 3195 1224 3257 metuerent,
1242 3190 1317 3261 ipsos
1336 3206 1397 3246 esse
1409 3190 1544 3249 fortiores.
1570 3191 1651 3257 Quod
1670 3208 1737 3265 ergo
1754 3210 1825 3265 pace

121 3279 209 3346 juata
225 3279 363 3332 rationem
384 3278 510 3346 Domini,
534 3294 571 3329 an
596 3277 630 3329 td
640 3277 710 3345 fieri
732 3276 824 3345 possit
840 3276 900 3329 sine
918 3278 965 3330 ds·
991 3274 1087 3347 aliqua
1110 3273 1260 3330 Germania
1286 3276 1376 3331 adhuc
1399 3276 1516 3342 fruitur,
1539 3276 1609 3333 illud
1620 3279 1702 3349 juxta
1719 3278 1824 3337 Beller-

125 3364 256 3418 trimento
273 3365 422 3432 bonorum,
448 3371 474 3416 et
493 3364 520 3416 si
544 3363 657 3431 quidem
670 3362 739 3430 fieri
756 3369 861 3432 potest,
894 3368 957 3414 arant
992 3361 1058 3415 mini
1079 3361 1234 3416 doctrinam
1253 3361 1360 3417 tamdiu
1379 3362 1479 3418 durare
1499 3363 1597 3432 debet,
1626 3364 1713 3420 donec
1732 3364 1824 3422 Ponti-

125 3450 227 3518 procat
239 3449 324 3504 dabie
336 3449 530 3517 aestimandi·
547 3448 575 3501 si
591 3455 684 3500 cutem
702 3464 758 3500 non
774 3454 876 3517 potest,
894 3446 964 3516 qaia
989 3447 1045 3502 ficii
1065 3462 1095 3502 se
1112 3447 1217 3503 viribus
1235 3448 1390 3519 superiores
1410 3455 1438 3504 et
1449 3449 1485 3503 ad
1500 3447 1680 3505 debellandos
1698 3449 1824 3523 Evange'

126 3537 170 3590 cst
188 3552 244 3590 non
261 3541 328 3589 aunt
344 3535 415 3588 satu
435 3535 510 3601 noti,
536 3540 562 3586 et
581 3533 743 3601 perieulum
768 3540 824 3602 est,
851 3551 886 3586 ns
901 3533 964 3602 pic·
990 3533 1057 3588 lices
1075 3535 1143 3589 satis
1160 3533 1308 3589 minumus
1327 3551 1388 3589 esse
1405 3534 1569 3607 intelligant,
1594 3542 1661 3591 tunc
1681 3536 1755 3591 euim
1774 3552 1824 3609 pa·

127 3629 238 3674 utantur
254 3622 412 3675 innocentes
428 3637 482 3689 pro
499 3619 669 3688 nocentibus,
686 3619 731 3673 sei
749 3625 814 3672 eunt
827 3618 965 3680 fortiores
991 3637 1050 3675 cem
1073 3620 1257 3685 turbandam,
1281 3620 1354 3675 bella
1371 3622 1508 3676 movenda
1530 3630 1558 3676 et
1574 3620 1759 3693 Evangelicos
1778 3639 1823 3677 ex·

1023 2532 1125 2609 ἄφρων
1145 2535 1175 2597 ὅς
1191 2532 1213 2590 κ’
1235 2535 1326 2591 ἐθέλοι
1353 2534 1424 2607 πρὸς
1448 2543 1610 2612 κρείσσονας
1633 2538 1825 2615 ἀντιφερίζειν,

1023 2626 1099 2690 νίκης
1117 2640 1146 2676 τε
1164 2623 1296 2693 στέρεται,
1317 2617 1386 2697 πρός
1402 2622 1425 2678 ι’
1446 2628 1572 2694 αἴσχεσιν
1589 2623 1679 2697 d'iytu
1696 2627 1805 2698 πάσχει,

127 3706 431 3776 nobis,'etperioaium
442 3712 489 3770 est,
506 3721 542 3758 ne
560 3705 647 3758 siros
663 3704 736 3758 bello
754 3704 963 3774 appreoliamar,
991 3705 1149 3777 stirpandas
1164 3721 1232 3761 esse.
1264 3711 1289 3762 6.
1305 3705 1480 3776 Augustinus
1497 3704 1568 3761 libro
1591 3711 1616 3762 3.
1633 3707 1824 3779 coutraepist.
1871 3754 1925 3773 ,..

124 3795 224 3865 piures
242 3810 275 3846 ec
292 3793 373 3846 nobis
400 3794 505 3845 cadant
535 3807 620 3860 psam
649 3806 682 3844 er
699 3790 775 3859 dlis,
807 3798 872 3844 nanc
889 3792 964 3860 quie·
991 3791 1167 3848 Parmeuiani
1192 3807 1252 3862 cap.
1274 3796 1299 3848 2.
1325 3807 1381 3847 nou
1407 3791 1443 3846 de
1467 3792 1603 3863 corporali
1620 3793 1824 3850 haereticorum
1858 3802 1913 3827 ·'··-¹

126 3882 258 3934 scendum
289 3886 338 3934 est.
381 3877 428 3931 Ita
456 3879 609 3948 respondet
634 3878 813 3947 Aupartinus
839 3878 914 3931 libro
937 3880 964 3930 3.
991 3877 1129 3951 supplicio
1146 3877 1190 3931 vel
1210 3877 1244 3930 de
1261 3876 1336 3932 bello
1353 3877 1422 3948 ipsis
1439 3879 1585 3949 movendo,
1603 3880 1652 3935 sed
1673 3881 1707 3936 de
1725 3881 1825 3938 severi·

127 3975 226 4021 contra
250 3966 328 4034 epist.
353 3966 485 4019 Parmen.
511 3982 573 4034 cop.
598 3967 626 4021 2.
649 3964 722 4018 banc
747 3964 838 4018 iocum
863 3964 919 4018 sibi
945 3982 964 4017 c
991 3969 1048 4019 tata
1061 3962 1585 4035 disciplinaeecclesiasticaeadrersus
1602 3981 1657 4031 cos,
1677 3967 1726 4037 qui
1745 3982 1824 4022 scau·

126 4053 288 4106 Donatistis
311 4051 448 4119 objicmm
471 4050 622 4120 replicans.
661 4052 760 4120 Neque
776 4050 861 4105 aliud
877 4048 965 4119 (Σινο-
991 4048 1057 4103 daia
1075 4049 1104 4102 in
1123 4047 1240 4103 ecclesia
1258 4048 1388 4116 enatant,
1408 4053 1519 4117 tractat,
1537 4050 1649 4121 quando
1665 4051 1773 4108 scilicet
1791 4068 1824 4107 ea

126 4145 264 4191 sonemus
281 4139 371 4202 docet,
389 4143 419 4190 ut
431 4145 512 4206 patet
527 4137 661 4206 suipsius
676 4136 777 4191 uerbis.
805 4135 965 4204 Cppriornss
991 4134 1117 4190 adhiberi
1137 4134 1246 4190 debeat
1286 4135 1354 4189 cam
1373 4138 1408 4189 de
1419 4137 1627 4201 stramentorum
1646 4146 1724 4192 certo
1739 4138 1825 4192 stabi·

128 4225 214 4277 etiam
239 4241 295 4276 non
320 4225 356 4276 de
374 4223 536 4292 immicis,
562 4224 615 4277 sed
637 4225 672 4276 de
691 4223 775 4276 maiis
796 4223 965 4278 Christianis
991 4222 1071 4275 litote
1088 4226 1164 4274 certo
1181 4221 1319 4274 securitas
1335 4229 1428 4275 monet
1448 4221 1568 4292 (inquit),
1584 4223 1618 4275 id
1635 4229 1690 4287 est,
1710 4212 1827 4292 quando

127 4311 158 4363 in
176 4310 230 4363 iila
250 4309 370 4378 epistola
388 4310 461 4364 banc
476 4309 649 4380 parobolam
668 4308 812 4376 intellipit.
839 4307 964 4379 Respon·
991 4309 1034 4361 ita
1051 4309 1186 4376 majusque
1206 4306 1310 4360 crimen
1330 4316 1423 4361 notam
1448 4316 1488 4360 est
1511 4308 1637 4362 omnibus
1653 4316 1681 4361 ct
1700 4311 1826 4364 omnibus

128 4395 225 4450 demus
263 4400 286 4450 1.
310 4395 397 4451 rerba
434 4394 643 4466 pauisfamilias
670 4409 726 4447 non
752 4394 894 4450 continent
917 4394 966 4448 ali·
993 4393 1164 4448 cremabile
1183 4400 1319 4462 apparet,
1335 4401 1368 4445 ut
1383 4393 1428 4446 uei
1444 4410 1564 4462 prorsus
1582 4392 1692 4463 nallos,
1710 4395 1755 4447 vet
1772 4386 1833 4450 non¹

129 4497 213 4553 quam
235 4481 392 4536 futurorum
405 4483 633 4552 praedictionem,
652 4480 701 4536 sed
715 4497 873 4548 expressam
884 4496 964 4551 prae·
992 4480 1064 4534 tales
1090 4479 1192 4532 iubeat
1219 4480 1399 4542 defensores,
1423 4474 1479 4545 per
1503 4495 1572 4546 quos
1587 4479 1680 4547 possit
1706 4480 1828 4535 schisma

10 4589 55 4630 pv.
73 4587 115 4631 ιιι,
129 4568 214 4622 sentis
231 4567 348 4622 actionis
366 4567 588 4638 prohibitionem.
624 4568 688 4624 Nun
700 4567 773 4622 enim
792 4566 860 4620 dicit
875 4570 966 4637 pater·
992 4567 1158 4634 continpere,
1175 4584 1232 4618 non
1250 4565 1372 4620 dormiat
1384 4563 1519 4617 emerim
1531 4564 1709 4635 disciplinae,
1726 4566 1758 4621 in
1771 4584 1829 4637 qua

129 4653 266 4722 familias,
292 4655 407 4719 fmutro
435 4654 578 4709 tentabitis
596 4653 764 4708 zizaniorum
789 4651 967 4718 evulsionem,
993 4660 1072 4707 tonte
1103 4659 1144 4706 est
1171 4652 1317 4722 efficacior
1344 4651 1502 4706 emendatio
1521 4651 1692 4722 prauitatis,
1724 4660 1829 4721 quanto

130 4740 196 4809 quia
222 4756 278 4793 nou
305 4738 431 4809 poteritis
457 4739 550 4794 omnis
577 4739 732 4807 eradicare,
761 4737 810 4792 sed
837 4753 967 4809 expresse
994 4739 1158 4809 diligentior
1181 4737 1356 4792 censer-actio
1380 4736 1517 4792 σσιίιοιίι.
1564 4736 1642 4791 iuna
1668 4745 1759 4792 autem
1776 4739 1848 4810 hoo¹

129 4824 273 4895 prohibet,
300 4841 335 4879 ne
366 4824 475 4878 zizania
496 4826 655 4895 exstirpent.
693 4828 718 4879 2.
748 4823 782 4877 Iu
804 4839 906 4894 genere
931 4823 967 4877 de
993 4824 1054 4879 sine
1072 4824 1135 4878 labe
1151 4824 1234 4893 pacis
1250 4830 1278 4878 et
1294 4822 1414 4877 unitatis
1434 4827 1460 4876 et
1484 4821 1545 4876 sine
1563 4823 1687 4878 laesione
1702 4824 1829 4888 framen-

130 4910 243 4964 zizaniis
268 4910 350 4980 dicit,
384 4928 419 4963 ne
441 4911 599 4980 exstirpetis
625 4927 672 4975 ea,
698 4908 827 4980 prohibet
849 4925 916 4980 ergo
939 4916 968 4964 et
993 4918 1084 4965 torum
1114 4909 1181 4974 riori
1206 4917 1309 4977 potest,
1343 4924 1405 4961 cam
1438 4907 1665 4978 congregationis
1695 4902 1830 4964 ecclesiae

129 4995 199 5051 haec
224 5002 252 5051 et
268 4996 317 5051 illa
334 4996 442 5051 zizania
461 4995 630 5066 exstirpare,
654 4995 721 5066 quia
738 5011 827 5067 genus
845 4997 965 5066 comple·
978 4985 1142 5070 lmaititadc
1179 4994 1215 5047 ab
1246 5009 1278 5048 eo
1313 4992 1443 5062 crimine,
1478 5005 1532 5062 quo
1568 4994 1831 5064 matbematisatar,

129 5082 214 5136 ctitur
231 5099 297 5137 susa
317 5083 425 5153 species
443 5087 472 5137 et
492 5080 599 5151 species
617 5080 741 5136 continet
752 5097 804 5136 sua
814 5081 964 5137 individua
994 5082 1091 5136 cluna
1115 5087 1156 5135 est
1187 5085 1240 5134 etc.
1288 5077 1411 5132 ”Idem
1443 5085 1502 5132 tam
1529 5079 1638 5134 demam
1660 5080 1833 5136 eradicandi

131 5166 266 5239 Nuspiam
283 5185 350 5225 vero
368 5168 397 5222 in
415 5166 550 5238 parabola
567 5166 671 5237 legitur
689 5166 805 5234 dixisse,
830 5183 866 5221 ne
889 5182 967 5221 cone·
993 5168 1101 5221 sunnio
1125 5173 1212 5219 tutam
1236 5165 1373 5235 affulgere
1397 5172 1506 5234 tempas
1524 5172 1625 5236 censet,
1644 5183 1706 5222 cam
1717 5168 1783 5239 jam
1799 5168 1831 5223 in

129 5255 202 5308 mini
232 5255 324 5311 omnia
354 5254 463 5321 zizania
491 5252 596 5325 ubique
629 5253 783 5323 exstirpare
811 5259 840 5308 et
862 5254 969 5308 nullum
995 5256 1049 5321 fine
1069 5270 1126 5308 non
1144 5259 1234 5306 restat
1252 5260 1361 5321 tempas
1379 5251 1423 5305 vel
1441 5255 1654 5307 commutandae
1671 5255 1760 5321 uitae,
1786 5255 1831 5312 uel

128 5341 240 5396 omnino
257 5342 286 5395 in
303 5357 372 5413 agro
388 5339 555 5411 permittere.
592 5344 616 5395 ³.
636 5337 732 5394 Verba
748 5338 812 5407 illa,
834 5356 870 5394 ne
898 5340 970 5395 forte
990 5338 1165 5410 mandendi
1189 5338 1231 5391 cd
1251 5339 1397 5392 ouitotem
1422 5354 1456 5392 ee
1482 5340 1628 5393 arcemone
1653 5349 1736 5412 atque
1759 5338 1837 5399 oom-'

127 5427 275 5484 aedituis
290 5428 373 5484 etiam
390 5426 521 5495 mititem,
537 5442 593 5481 non
611 5424 754 5481 confluent
770 5426 970 5497 prohibitionis
981 5418 985 5487 i
992 5426 1146 5499 paratione
1166 5423 1257 5479 aliem
1275 5424 1431 5481 amora*
1465 5428 1487 5479 7.
1505 5422 1719 5495 chrysostomus
1736 5426 1766 5484 in
1784 5422 1832 5503 gs·

1435 5528 1496 5584 aa*
1741 5517 1749 5529 “
