4020 6014
211 314 271 370 teo
791 306 912 363 LOCUS
928 306 1133 364 vlcaemws
1148 306 1329 374 QUARTUS

209 460 254 512 rei
287 460 435 522 militaru;
472 461 520 514 ubi
556 460 745 529 spiritualibus
776 459 877 514 Christi
911 459 1046 514 militibus
1074 461 1117 514 sel
1136 464 1272 521 reddere.
1300 465 1376 530 ‹psod
1390 479 1447 531 per
1473 462 1596 528 injurias
1620 471 1660 514 est
1676 462 1813 516 allatum.
1852 463 1910 515 Hoc

210 544 367 615 exemplum
392 552 561 600 terrenorum
587 545 706 600 militum
730 545 766 600 ad
783 546 965 600 imitationem
983 563 1044 616 pro·
1073 549 1158 601 stiam
1176 549 1244 601 belli
1259 565 1345 614 penus
1367 550 1428 600 sins
1445 548 1619 602 dubitatione
1629 548 1740 616 justum
1758 555 1815 615 est,
1837 549 1910 616 quod

210 631 330 699 ponitur.
365 636 387 686 3.
400 630 452 684 Est
466 646 532 703 ergo
552 631 646 701 dispar
659 631 730 686 ratio
748 631 900 702 parabolae
917 635 953 685 ole
970 650 1047 687 oeco-
1074 635 1153 686 Deus
1175 634 1311 701 imperat,
1336 635 1417 702 apud
1438 649 1518 702 quem
1547 633 1630 686 nulla
1656 639 1697 685 est
1721 632 1863 700 iniquitas
1885 640 1909 684 et

210 733 291 769 nomo
318 717 425 783 injusto
449 724 475 769 et
504 719 540 769 de
566 734 629 782 repe
653 717 741 770 armis
765 725 908 771 occurents
926 735 977 771 suo
995 721 1046 771 ad·
1073 720 1162 784 nouit,
1184 720 1255 786 quid
1279 718 1376 786 cuique
1400 719 1464 780 deri
1480 718 1585 773 debeat.
1607 735 1686 773 sarm.
1712 722 1749 772 19.
1773 717 1811 771 de
1831 717 1905 771 verb.

124 810 126 814 ⁴
211 801 346 854 versario.
384 799 523 865 Telemus,
542 819 597 854 non
609 818 669 856 esse
682 803 774 856 omnia
786 802 910 873 ejusdem
929 803 1046 874 generis,
1073 800 1153 858 Dom.
1174 803 1327 858 secundum
1350 803 1447 858 Matth.
1472 803 1502 856 in
1524 803 1610 872 prino.
1631 803 1673 870 (in
1691 803 1835 858 Ambrosii
1852 819 1908 857 sar·

210 900 283 955 quae
305 886 332 939 in
356 887 496 956 parabolis
514 893 720 957 proponuntur,
738 905 802 942 cum
827 889 994 958 quandoque
1013 906 1046 943 ex
1072 889 1173 943 manib.
1191 894 1344 943 exstatser.
1357 891 1409 955 ll:
1431 888 1572 942 Nonnulli
1589 891 1707 953 fratres,
1726 890 1844 958 quiaut
1858 892 1905 942 mi·

210 969 273 1034 illis,
292 986 364 1040 quae
394 971 460 1025 facti
493 977 571 1037 sunt,
598 989 653 1027 non
676 973 763 1042 juris,
794 973 919 1042 exempla
943 973 970 1026 in
988 973 1046 1025 vita
1074 974 1152 1026 litiae
1171 975 1282 1040 cingulo
1303 973 1473 1033 detinentem,
1501 981 1552 1027 aut
1576 975 1606 1026 in
1630 982 1695 1027 actu
1708 974 1826 1045 publico
1847 992 1908 1027 con·

210 1055 347 1126 spirituali
365 1062 511 1126 patant-ur,
529 1056 578 1112 sed
599 1057 655 1111 alia
673 1061 716 1111 est
727 1058 843 1112 militiae
861 1059 941 1125 ratio,
962 1075 1045 1128 quam
1072 1057 1164 1111 stituti
1191 1066 1267 1125 sunt,
1295 1073 1358 1110 cum
1387 1059 1511 1123 praviter
1532 1067 1668 1128 peccant,
1693 1060 1747 1113 lac
1773 1060 1867 1113 solent
1889 1077 1909 1111 a

210 1142 240 1196 in
257 1159 288 1196 se
306 1148 335 1196 et
353 1159 403 1212 per
421 1159 450 1197 se
467 1143 592 1198 illicitam
612 1161 667 1199 non
686 1160 754 1210 esse,
768 1144 827 1213 jam
848 1151 914 1198 ante
932 1145 1043 1198 demon·
1068 1143 1193 1213 peccatis
1209 1144 1269 1196 suis
1280 1144 1379 1211 prima
1396 1160 1425 1195 se
1440 1159 1506 1196 soce
1523 1159 1672 1206 cannara,
1690 1146 1767 1212 quod
1784 1143 1909 1196 militant

211 1227 366 1282 stravimus.
1072 1239 1097 1283 et
1122 1245 1155 1281 ne
1180 1231 1246 1283 lene
1271 1229 1430 1296 aliqisando
1451 1229 1579 1296 fociant,
1603 1237 1753 1299 occupatos
1776 1246 1806 1283 ss
1823 1229 1908 1282 malis

84 1315 185 1356 consen·
247 1317 305 1367 382.
340 1312 622 1383 Adjungimusetiam
636 1313 791 1367 secundarii
808 1313 966 1384 argumenti
984 1313 1045 1367 loeo
1072 1314 1179 1368 actium
1191 1322 1406 1382 conqueruntur,
1420 1316 1543 1382 perinde
1556 1315 1641 1383 quasi
1650 1315 1753 1368 militia
1765 1315 1907 1367 horninum

84 1375 175 1458 1111110(
212 1414 376 1452 consensum
403 1398 559 1469 primitivae
578 1398 723 1466 ecclesiae,
747 1415 828 1470 quem
845 1399 1001 1469 colligimus
1023 1405 1044 1452 1.
1071 1418 1127 1454 non
1152 1401 1280 1454 uoluntas
1303 1400 1334 1452 in
1359 1400 1444 1467 erdpa
1466 1401 1515 1466 sit,
1548 1402 1590 1453 ita
1614 1402 1692 1469 quod
1713 1400 1773 1469 ipsi
1794 1407 1908 1466 perant,

83 1467 178 1559 22¹2*
211 1500 245 1538 eu
262 1484 348 1537 dictis
371 1492 501 1539 osterum.
540 1481 692 1538 Ostorodus
714 1484 743 1538 in
765 1485 827 1538 inst.
847 1483 939 1539 Germ.
960 1500 984 1540 c.
1003 1489 1044 1538 27.
1070 1486 1176 1553 officiis
1195 1485 1254 1537 suns
1273 1485 1436 1537 asscribunt.
1467 1486 1534 1538 Non
1546 1486 1618 1537 enim
1636 1485 1907 1538 militas-adelictae»

211 1587 256 1625 nu.
280 1576 304 1625 4.
324 1588 350 1639 p.
378 1575 436 1626 111.
465 1571 528 1633 sere
547 1587 641 1623 omnes
662 1579 778 1639 patres,
800 1572 927 1638 adeoque
952 1571 1046 1637 ipsum
1070 1578 1126 1631 cst.
1153 1573 1206 1624 sed
1225 1576 1344 1639 propter
1369 1571 1509 1637 praedam
1533 1570 1657 1623 militare
1676 1578 1826 1638 peccatum
1856 1578 1905 1625 est.

212 1654 295 1707 etiam
324 1656 510 1721 Anqustinum
539 1657 569 1707 in
600 1671 635 1709 ea
665 1656 794 1724 opinione
819 1656 910 1720 fuisse
937 1654 1043 1715 asserit,
1072 1656 1224 1726 Gregorius
1241 1655 1289 1709 lib.
1312 1661 1334 1710 1.
1353 1654 1432 1724 epist.
1451 1658 1483 1709 13
1509 1654 1553 1708 ad.
1571 1653 1711 1710 Genuam:
1741 1656 1851 1707 Sinon
1873 1672 1906 1708 sc

212 1741 289 1806 quod
312 1738 472 1794 Christiano
497 1741 598 1795 lellsnn
618 1758 715 1809 perere
734 1741 974 1809 supramodum,
995 1740 1044 1793 sed
1070 1743 1139 1806 ,sinlei
1158 1743 1269 1808 merito,
1294 1758 1327 1793 sn
1347 1740 1523 1796 Christianae
1541 1740 1689 1809 religionis
1708 1741 1805 1806 gratia
1824 1747 1907 1793 tanta

211 1827 379 1880 contrarium
397 1827 563 1897 intelligitur
581 1843 614 1880 er
635 1844 711 1897 seqq.
733 1826 822 1880 dictis.
858 1825 1045 1880 Tertullianus
1071 1829 1250 1883 excellentiae
1274 1834 1383 1880 vulsae
1410 1826 1571 1880 bellicorum
1594 1833 1705 1879 actuum
1723 1826 1906 1895 prosperitas

211 1911 240 1964 in
262 1911 372 1983 apolog.
395 1929 418 1967 e.
445 1918 491 1968 42:
529 1915 705 1980 Navigamus
730 1919 755 1965 et
785 1931 836 1965 nos
853 1914 991 1966 solumne
1022 1921 1046 1965 ct
1071 1916 1199 1982 evenerit,
1217 1931 1272 1965 non
1290 1928 1464 1980 summopere
1482 1912 1617 1964 miranda
1635 1912 1747 1980 riserat,
1771 1913 1824 1964 ssd
1842 1929 1904 1965 cum

209 1998 362 2051 militamus
378 2006 404 2052 et
419 1999 593 2052 trutinamus
611 2005 638 2051 et
656 2013 819 2052 mereamim.
854 1998 1046 2053 Nazianzenus
1067 2003 1182 2065 sutriras
1198 2000 1279 2063 (Deo
1298 1997 1456 2066 largiente)
1475 1997 1608 2050 victorias
1630 2014 1685 2050 non
1705 1995 1821 2049 carnali
1834 2014 1906 2066 pro·

211 2089 279 2137 orat.
300 2090 324 2138 3.
344 2084 380 2138 de
397 2100 480 2154 pace:
508 2085 585 2137 Licet
600 2085 746 2153 utriusque
763 2085 896 2153 temporis
913 2085 1044 2137 habenda
1070 2088 1208 2143 videntia.
1234 2087 1286 2138 sed
1309 2087 1400 2151 mapis
1419 2084 1594 2138 orationibus
1609 2082 1798 2152 promendis,
1825 2084 1855 2146 fit
1875 2092 1906 2136 ut

210 2170 246 2221 sit
269 2169 357 2238 ratio,
387 2171 614 2238 qsmndoquidem
634 2170 722 2239 juata
750 2170 829 2223 illius
848 2171 936 2237 legem
960 2178 1043 2238 atqsse
1070 2174 1120 2226 loc
1148 2174 1178 2224 in
1204 2179 1344 2239 stuporem
1368 2171 1475 2228 mnino.
1502 2171 1579 2237 qnod
1602 2169 1697 2238 qloria
1723 2176 1820 2222 vestra
1848 2188 1906 2223 non

211 2256 406 2310 auctoritatem
420 2257 573 2324 praeclare
596 2256 736 2309 interdum
763 2256 864 2308 bellum
880 2257 1042 2324 suscepitur,
1068 2267 1178 2311 emeno
1197 2256 1324 2323 consilio,
1340 2258 1392 2308 sed
1409 2257 1472 2308 Deo
1497 2257 1619 2323 desuper
1636 2254 1772 2322 largiente
1790 2256 1905 2308 descen

210 2341 347 2407 qssomdiu
365 2349 456 2394 tamen
474 2341 554 2410 licet,
574 2343 773 2411 propensiores
799 2344 841 2395 ad
859 2357 961 2410 pacem
985 2360 1042 2394 asse
1069 2345 1125 2397 dat.
1167 2340 1344 2396 Bernhardus
1367 2357 1419 2394 ser.
1443 2341 1481 2394 ad
1506 2340 1607 2395 milites
1632 2355 1656 2393 o.
1679 2343 1716 2395 31
1734 2342 1774 2392 Ae
1797 2338 1907 2392 Clu-isti

210 2426 355 2487 eiciemus,
392 2426 443 2485 hoc
479 2427 552 2480 enim
587 2427 735 2480 molimine
771 2434 812 2480 cst
845 2435 873 2479 st
910 2427 1040 2483 divinius.
1069 2427 1171 2480 milites
1189 2428 1286 2481 securi
1301 2426 1483 2496 proeliantur
1505 2425 1617 2493 proclia
1641 2423 1760 2478 Domini
1776 2425 1837 2493 sui,
1858 2443 1905 2478 ns-

209 2508 373 2564 ΗΒ11111111
392 2513 471 2580 epist.
491 2518 553 2566 123:
574 2513 636 2566 Hac
651 2513 721 2566 mebi
738 2513 848 2566 uidetur
865 2530 965 2566 munus
984 2531 1042 2567 esse
1068 2530 1207 2582 qscaqssans
1224 2519 1373 2564 metuentes
1390 2518 1440 2562 aut
1458 2512 1493 2562 de
1515 2510 1634 2563 hostium
1648 2511 1734 2563 caede
1744 2519 1904 2577 peccatum,

205 2596 362 2663 principis,
382 2604 412 2647 ut
432 2614 510 2664 opem
528 2598 608 2662 ferat
625 2599 736 2664 instuli,
754 2599 891 2651 malitiam
908 2615 973 2652 uero
992 2600 1041 2651 im·
1067 2606 1116 2651 aut
1158 2601 1194 2651 ds
1229 2615 1282 2650 sua
1322 2613 1386 2651 nece
1422 2596 1598 2665 perieulum,
1640 2597 1753 2665 quando
1789 2597 1905 2663 quidem

205 2689 321 2752 pugnet,
336 2683 393 2735 siue
413 2684 446 2735 id
460 2683 490 2735 in
510 2691 623 2736 amento
636 2685 812 2752 principatu,
829 2685 887 2736 sive
906 2700 968 2736 cum
980 2685 1040 2752 pla·
1067 2700 1142 2736 mors
1175 2700 1232 2751 pro
1269 2681 1379 2736 aarum
1414 2683 1457 2735 uel
1487 2683 1634 2748 serenda,
1671 2681 1714 2735 uel
1747 2681 1904 2745 inferenda

209 2767 258 2819 dio
285 2774 333 2819 aut
355 2768 475 2820 uinculis
500 2769 602 2832 saciat.
645 2768 766 2840 Cyrillus
783 2773 849 2824 tom.
869 2774 892 2823 3.
910 2768 946 2822 de
965 2774 1042 2823 recta
1067 2778 1092 2822 et
1128 2768 1200 2822 nibil
1234 2769 1335 2822 haheat
1372 2768 1506 2832 criminis,
1546 2775 1572 2821 et
1603 2767 1757 2836 plurimum
1789 2767 1902 2834 glorios

208 2851 253 2905 fid.
273 2852 464 2923 magistratum
482 2853 577 2908 multis
590 2855 766 2910 commendat
782 2861 810 2910 et
829 2855 869 2909 ita
880 2854 1040 2925 compellat:
1066 2863 1215 2909 mereatur.

210 2939 336 2993 Militum
354 2948 506 2992 uestrorum
520 2942 707 2994 multitudoet
725 2941 859 2995 militaris
870 2941 1040 3009 disciplinas
1102 2946 1161 2998 383.
1202 2941 1229 2993 2.
1245 2939 1292 2994 Ea
1306 2940 1438 3007 prolatis
1456 2937 1590 3007 exemplis
1604 2938 1727 3006 piorum.
1764 2936 1901 2991 Constan-

207 3025 314 3093 peritia
345 3025 455 3078 uincere
485 3042 592 3094 semper
619 3026 719 3094 sols'ta,
752 3028 886 3078 mundum
914 3026 1040 3093 subjecit.
1066 3029 1154 3095 tinus,
1182 3025 1371 3085 Tleodoss'us,
1404 3024 1628 3086 Valentinianus,
1660 3021 1781 3077 Carolus
1805 3024 1848 3077 M.
1874 3028 1904 3075 at

209 3108 342 3179 Synesius
360 3110 408 3164 lib.
426 3110 461 3164 da
479 3126 580 3181 regno:
602 3112 637 3164 Ut
654 3112 728 3164 bono
746 3112 869 3164 ciuitatis
885 3120 912 3164 et
930 3112 1041 3165 telluris
1066 3114 1112 3168 alii
1130 3115 1322 3180 imperotores,
1341 3126 1420 3177 repes
1438 3127 1472 3162 ac
1488 3109 1633 3178 principes
1654 3109 1810 3163 Christiani
1825 3108 1902 3162 bella

207 3203 365 3263 serventur,
393 3213 444 3248 ren
459 3205 622 3265 propugnat
649 3205 674 3248 et
700 3197 814 3266 deligit,
839 3198 889 3264 qni
911 3215 1041 3266 pupnare
1067 3204 1223 3271 gesserunt,
1243 3213 1294 3251 nee
1323 3197 1359 3250 ab
1382 3195 1518 3265 episcopis
1541 3195 1593 3248 hoo
1610 3195 1721 3248 nomine
1738 3194 1900 3263 reprehensi

208 3282 334 3336 debeant.
367 3282 542 3354 Augustinus
560 3282 608 3338 lib.
632 3291 653 3338 1.
672 3284 707 3336 de
727 3283 779 3337 civ.
796 3282 850 3337 Dei
870 3301 893 3338 c.
912 3289 960 3338 tl:
984 3285 1040 3337 Ne·
1067 3286 1212 3355 leguntur,
1237 3282 1360 3350 quinimo
1381 3280 1543 3335 Ambrosius
1568 3279 1756 3334 Theodosium
1780 3297 1798 3333 a
1816 3280 1900 3334 laude

209 3370 517 3436 piaquamcontrahoa
526 3377 708 3439 praeceptum
716 3370 854 3430 fecerunt,
868 3386 922 3438 quo
935 3369 1041 3422 dictum
1066 3369 1169 3423 bellica
1193 3367 1369 3420 commendat
1387 3368 1415 3419 iu
1440 3367 1512 3419 orat?
1530 3366 1566 3420 de
1585 3366 1671 3433 ipsius
1691 3366 1775 3419 obitu.
1814 3365 1900 3418 Euse-

209 3463 256 3519 est,
274 3472 331 3506 non
348 3456 467 3520 occides,
488 3454 537 3523 qui
551 3457 614 3507 Deo
634 3461 747 3507 auctore
764 3454 1040 3524 hellu'pesserunt.”
1069 3455 1129 3508 bins
1148 3453 1195 3509 lib.
1212 3457 1236 3508 8.
1255 3453 1318 3504 hist.
1336 3452 1403 3507 ecel.
1427 3468 1450 3506 c.
1471 3457 1494 3505 t.
1512 3451 1677 3504 mentionem
1697 3449 1767 3503 facit
1782 3467 1901 3520 quorun·

208 3537 420 3608 chrysostomus
446 3539 538 3593 homil.
564 3540 593 3592 in
618 3554 716 3610 evang.
743 3539 777 3592 de
794 3539 906 3608 <nuptiis
926 3540 989 3596 Joh.
1010 3546 1038 3597 2:
1067 3541 1130 3593 dam
1149 3537 1367 3592 Christianorum
1386 3536 1414 3588 in
1434 3537 1556 3590 exercitu
1575 3536 1692 3599 Veturii,
1712 3535 1760 3604 qui
1779 3535 1815 3587 ob
1836 3553 1900 3589 eon-

210 3625 346 3677 Militiam
365 3627 507 3693 peractoris
526 3633 552 3676 et
570 3625 657 3690 dicis,
676 3643 731 3677 non
747 3643 863 3693 possunt
887 3643 946 3679 esse
964 3627 1039 3695 pius.
1065 3625 1197 3679 stantiam
1224 3623 1253 3676 in
1277 3621 1332 3676 fide
1354 3621 1511 3675 Christiana
1528 3622 1666 3691 jacturam
1691 3622 1801 3674 honoris
1826 3621 1898 3675 fese-

209 3708 342 3762 Centusio
368 3727 459 3762 nonne
483 3710 563 3762 miles
585 3717 646 3761 erat
669 3710 794 3778 nihilque
812 3712 907 3764 ssocuit
924 3711 972 3765 illi
987 3729 1041 3765 sua
1066 3715 1146 3777 runt,
1169 3708 1282 3779 quidam
1307 3707 1389 3761 etiam
1415 3705 1579 3776 sanguinem
1603 3723 1682 3759 suum
1707 3705 1824 3759 fundere
1843 3722 1899 3759 uon

209 3794 333 3847 militiai
370 3795 534 3848 Ambrosius
552 3795 598 3849 lib.
622 3802 642 3848 1.
664 3795 698 3849 de
718 3794 850 3850 officiisc
879 3797 1040 3852 271111111-
1067 3794 1237 3849 dubitarunt.
1263 3792 1384 3847 Basilina
1398 3791 1426 3844 in
1443 3798 1502 3844 orat
1523 3792 1558 3848 de
1570 3790 1675 3844 laudib.
1690 3796 1732 3845 111.
1746 3798 1899 3859 martyrum

208 3883 290 3949 tudo,
312 3880 445 3947 quacocl
464 3881 583 3935 inbelle
602 3887 693 3934 tuetur
717 3900 737 3934 o
756 3882 886 3935 barbaris
901 3883 1039 3949 patriam,
1066 3881 1158 3948 refert,
1177 3881 1279 3932 multos
1296 3887 1459 3932 sanctorum
1470 3878 1566 3943 secuse
1585 3877 1615 3928 in
1636 3877 1737 3929 castris
1755 3879 1900 3943 pentilium

209 3965 252 4017 uel
270 3966 349 4018 domi
367 3966 498 4028 defendit
516 3968 651 4035 infirmos,
668 3966 712 4019 ool
729 3984 748 4019 a
766 3967 923 4020 latronibus
940 3968 1040 4034 socios,
1067 3969 1277 4035 imperatorum.
1312 3963 1421 4018 ”Tota
1444 3962 1518 4033 legio
1537 3979 1569 4016 ex
1591 3960 1730 4016 Thebaeis
1751 3961 1901 4032 Aegyptiis

205 4050 294 4118 plena
311 4057 350 4104 est
362 4051 502 4118 justitiae.
530 4061 565 4106 c.'
581 4058 623 4107 411.
648 4052 775 4122 exempla
796 4052 905 4106 virtutis
925 4051 1040 4106 bellicae
1067 4052 1230 4108 Christianis
1248 4049 1401 4120 composita
1427 4048 1556 4102 militavit
1572 4047 1624 4100 sub
1641 4047 1771 4101 Mauritio
1788 4048 1900 4101 tribuno

208 4135 325 4190 adducit
344 4142 372 4191 et
387 4137 569 4192 commendat.
607 4136 685 4192 Conf.
704 4154 755 4192 ser.
776 4143 800 4190 7.
823 4145 851 4192 et
869 4137 899 4191 in
918 4144 986 4192 orat.
1007 4138 1041 4192 de
1067 4139 1199 4204 militum,
1225 4153 1297 4207 quae
1320 4136 1348 4188 in
1372 4133 1534 4204 Segusianis
1560 4138 1674 4203 propter
1693 4131 1795 4186 Christi
1817 4132 1900 4186 fidem

207 4220 272 4276 obit
292 4221 398 4276 Theod.
430 4221 605 4294 Augustinus
623 4223 703 4292 epist.
719 4221 825 4278 205.ad
844 4222 951 4279 Ennii:
971 4225 1042 4277 Noli
1067 4240 1085 4276 a
1112 4221 1263 4275 Maximino
1293 4220 1459 4289 imperatore
1488 4217 1543 4271 fuit
1573 4217 1672 4271 occisa.
1724 4217 1782 4272 Sub
1811 4217 1901 4271 Decio

201 4316 315 4375 putare,
333 4309 467 4362 neminem
486 4311 549 4363 Deo
563 4309 680 4378 placere
699 4324 792 4377 posse,
812 4308 861 4376 qui
880 4309 1040 4362 1111111111-
1067 4306 1238 4362 Christianos
1260 4305 1346 4359 fuisse
1372 4303 1474 4358 milites
1499 4308 1618 4358 testatur
1639 4302 1777 4357 Eusebius
1802 4303 1850 4357 lib.
1877 4310 1901 4359 6.

206 4394 271 4447 licis
297 4395 447 4450 nsinistrat.
490 4397 527 4449 In
556 4397 599 4447 hes
626 4402 687 4448 mat
713 4401 828 4446 sanctiss
855 4395 969 4456 Dauid,
996 4396 1042 4447 cui
1067 4410 1091 4448 o.
1116 4400 1158 4447 41.
1185 4399 1214 4446 et
1241 4390 1444 4446 lucernariae
1468 4393 1493 4445 3.
1517 4388 1613 4460 Magds
1639 4405 1661 4443 c.
1681 4394 1704 4444 3.
1724 4389 1773 4443 eol.
1797 4395 1836 4444 18.
1866 4390 1899 4443 In

207 4481 347 4533 Dominus
368 4489 425 4533 tom
448 4498 579 4548 mopnum
602 4479 743 4548 perhibuit
767 4479 967 4546 testimonium,
993 4481 1042 4546 qui
1067 4481 1166 4550 quarto
1183 4476 1277 4531 seculo
1295 4475 1422 4529 militiam
1450 4475 1606 4529 exercuisse
1625 4472 1797 4528 Christianos
1822 4482 1901 4543 patet

206 4565 311 4633 inquit.-
337 4568 508 4619 Benedictus
526 4566 667 4619 Dominus
684 4567 763 4618 unu
781 4581 870 4630 meus,
896 4566 944 4632 qui
961 4567 1040 4618 docet
1066 4564 1144 4630 inde,
1167 4562 1233 4634 quia
1258 4561 1442 4632 dignitatibus
1466 4560 1524 4614 suis
1549 4576 1566 4612 a
1589 4558 1766 4614 Diocletiano
1788 4561 1922 4629 spoliari.

81 4655 305 4704 resumamus
322 4668 400 4704 meas
419 4653 460 4704 ad
472 4652 631 4719 proelium
656 4650 686 4703 in
710 4651 754 4703 his
774 4658 854 4704 eram
877 4650 957 4702 illiue
975 4658 1040 4702 tem·
1067 4650 1199 4719 leguntur
1223 4647 1324 4701 milites
1349 4645 1497 4702 Christiani
1522 4645 1598 4714 apud
1622 4644 1774 4699 Eusebium
1800 4645 1848 4701 1111,
1876 4653 1899 4700 s.

203 4739 287 4804 posis
304 4737 425 4805 plurimi
438 4737 512 4806 justi
516 4757 528 4801 ,·
545 4737 576 4788 in
594 4736 638 4789 lu
657 4737 740 4789 eliam
759 4743 821 4788 erat
838 4735 888 4788 ille
906 4737 1041 4799 centurio,
1067 4752 1091 4789 a.
1113 4741 1137 4788 3.
1169 4733 1228 4789 Sub
1240 4732 1347 4786 Licinio
1361 4730 1548 4801 quadraginta
1560 4729 1732 4784 Christianos
1751 4730 1852 4785 milites
1871 4732 1899 4784 in

207 4825 241 4876 dc
258 4841 314 4892 ¹quo
344 4825 435 4892 inquit
455 4822 599 4876 Christus:
622 4823 658 4875 ln
680 4822 774 4874 lucil
796 4840 852 4876 non
868 4822 963 4876 inueni
980 4830 1041 4874 ton·
1067 4827 1165 4891 stagno
1185 4818 1314 4874 Sibastae
1331 4816 1463 4886 martyrio
1481 4815 1597 4869 affectos
1617 4831 1685 4882 mse,
1708 4820 1826 4870 testatur
1852 4816 1898 4870 Ni-

206 4917 262 4961 tam
283 4912 372 4970 tidem.
389 4908 462 4961 adda
481 4908 560 4978 epist.
581 4914 606 4962 5.
634 4907 671 4960 ad
688 4907 799 4962 Marcel.
817 4907 865 4962 lib.
886 4913 928 4963 22.
944 4914 1042 4962 contra
1068 4906 1204 4976 sephorus
1230 4904 1277 4958 lib.
1305 4910 1345 4960 11.
1371 4921 1393 4958 c.
1415 4909 1453 4958 111.
1480 4903 1648 4956 sozomenus
1666 4902 1713 4956 lib.
1740 4909 1764 4958 9.
1790 4919 1814 4958 s.
1837 4903 1897 4955 2²⁸*

205 4994 300 5048 Faust.
319 5011 342 5047 c.
365 5000 413 5047 lt:
435 4992 510 5054 Quid
527 4994 557 5045 in
574 4993 646 5046 bello
664 4994 871 5061 calpurnius
890 4994 968 5061 quod
985 5012 1040 5046 nso·
1067 4989 1223 5046 Reseranda
1238 4989 1294 5043 huc
1312 4994 1378 5042 sunt
1396 4988 1530 5042 miracula
1548 5005 1566 5042 a
1584 4986 1749 5041 Christianis
1766 4987 1900 5041 militibus

204 5082 317 5133 riantur
331 5080 465 5147 homines,
482 5081 648 5148 qrmndoque
662 5079 798 5145 morituri,
820 5086 850 5129 nt
862 5079 1040 5132 dominentur
1051 5061 1055 5142 i
1067 5075 1144 5129 iacta
1164 5083 1192 5135 et
1210 5075 1342 5128 victoriae
1360 5072 1541 5127 miraculosae
1553 5070 1717 5126 Christianis
1730 5072 1899 5142 imperatori·
1916 5087 1971 5128 xiv.

206 5168 235 5218 in
257 5183 330 5236 pace
352 5165 475 5218 moturi!
499 5168 550 5219 hoc
572 5165 776 5234 reprebendens
802 5164 968 5216 timidorum
993 5171 1041 5226 est,
1067 5160 1119 5215 bus
1137 5160 1270 5215 divinitus
1288 5176 1444 5215 concessae.
1480 5157 1619 5212 Eusebius
1637 5157 1685 5213 lib.
1704 5165 1728 5212 5.
1747 5157 1811 5211 hist.
1828 5170 1850 5210 c.
1872 5164 1902 5210 5:

205 5268 260 5305 non
271 5252 469 5318 religiosorum
487 5257 539 5306 etc.
559 5249 608 5304 lib.
621 5255 646 5305 6.
659 5255 763 5319 quaest
783 5249 813 5301 in
821 5248 938 5304 Josuam
952 5265 978 5318 q.
995 5254 1039 5303 10:
1051 5278 1055 5345 Ι
1067 5248 1200 5300 Marcum
1213 5246 1362 5299 Aurelium
1379 5245 1514 5299 Antonini
1523 5246 1646 5309 fratrem
1663 5251 1821 5307 rumorosi,
1839 5261 1900 5296 enni

205 5337 292 5389 Justa
304 5337 380 5390 bella
392 5337 507 5398 definiri
519 5336 617 5403 solent,
634 5351 707 5403 quae
721 5335 894 5387 ulciscuntur
907 5333 1054 5401 inimus„
1068 5335 1097 5385 in
1119 5332 1276 5387 Germanos
1296 5339 1321 5384 et
1343 5330 1492 5384 Sarmatas
1511 5331 1712 5398 expeditionem
1728 5330 1856 5383 mouisset
1875 5339 1901 5383 et

206 5425 233 5476 si
250 5440 307 5492 qim
325 5440 392 5492 pens
410 5421 453 5473 nel
470 5423 577 5486 ciuitas,
596 5437 667 5489 quae
687 5421 759 5474 bello
773 5422 900 5489 petenda
922 5427 976 5486 set,
997 5419 1041 5472 nel
1066 5419 1204 5471 exercitus
1230 5418 1292 5484 ejus
1315 5416 1364 5468 sili
1380 5416 1585 5485 afflictaretur,
1611 5416 1642 5468 in
1658 5432 1751 5469 rorum
1770 5418 1901 5486 despera·

205 5507 539 5574 concessissemus,
563 5508 642 5575 quod
660 5523 680 5559 a
695 5507 756 5559 suis
776 5506 901 5574 improbe
919 5506 1054 5573 fusum„
1068 5503 1242 5567 tionefuicse
1255 5501 1441 5557 conslimtum.
1472 5501 1584 5555 Milites
1595 5517 1661 5556 uero
1673 5502 1800 5570 legiones,
1818 5518 1903 5570 quam
