4020 6014
216 375 276 434 348
773 368 895 427 LOCUS
914 365 1119 426 vrcnsluus
1137 366 1317 432 QUARTUS

213 522 260 576 tia.
296 521 352 577 Sed
384 523 560 594 magistratui
588 524 782 579 commendata
808 530 850 578 est
876 521 1185 594 reipublicaeiscopum
1206 522 1283 592 apud
1308 520 1520 578 Constantinum
1542 523 1749 592 imperatorem,
1773 525 1821 594 qui
1853 541 1916 578 cau·

215 609 297 663 salus.
332 608 408 680 Ergo
427 610 511 665 etiam
525 610 577 681 ipsi
587 611 779 665 commendata
797 613 863 663 sunt
881 627 921 679 ea,
940 610 1046 680 absque
1072 623 1131 661 sam
1168 608 1288 680 primum
1319 608 1426 662 remisit
1465 609 1502 662 ad
1533 608 1717 663 Melchiadem
1749 609 1914 680 episcopum

116 706 118 710 “
213 693 314 765 quibus
333 693 492 764 respublica
509 697 586 749 salva
603 695 752 750 consistere
776 695 881 766 nequit.
917 697 992 751 Inter
1012 712 1047 750 ca
1072 693 1242 756 Romanum,
1278 695 1354 764 apud
1388 711 1469 764 quem
1499 694 1565 749 victi
1603 711 1698 748 rursus
1729 695 1765 749 ad
1796 696 1915 765 impera·

214 796 280 834 vero
298 780 400 834 eminet
416 779 558 851 religionis
577 787 606 835 et
625 797 765 835 sacrorum
786 770 869 851 cura,
888 782 961 836 unde
980 781 1046 834 Phi·
1073 785 1160 834 torem
1186 786 1384 850 provocarunt,
1421 796 1473 834 nec
1499 779 1547 834 ille
1570 780 1795 850 provocationem
1819 797 1915 835 eorum

213 865 344 936 Iosephus
361 865 409 920 lib.
430 873 451 919 7.
470 866 524 936 pol.
545 883 606 936 cap.
624 873 648 923 8.
670 867 742 922 inter
762 885 802 937 ea,
825 860 864 922 air
883 863 950 922 irae
966 867 1046 927 πόλις
1073 881 1139 919 ase
1157 866 1268 936 rejecit,
1288 865 1337 920 sed
1357 865 1498 936 negotium
1518 865 1674 921 Arelatensi
1692 866 1823 938 episeopo
1842 883 1914 920 com·

213 950 264 1005 οὐκ
287 950 323 1004 ἄν
343 955 384 1017 εἴη
401 967 484 1006 curae
512 952 670 1022 religionis,
694 971 777 1025 quam
794 954 855 1024 ipse
878 959 959 1008 vocat
984 956 1047 1025 napi
1074 950 1164 1019 misit,
1183 968 1200 1004 a
1220 968 1275 1021 quo
1296 951 1387 1006 denno
1407 957 1472 1006 sunt
1492 952 1685 1019 condemnati,
1707 969 1759 1006 nec
1780 953 1819 1007 ibi
1838 953 1915 1025 quie-

213 1038 268 1089 τῶν
294 1041 379 1089 estur
406 1036 579 1109 ἐπιμέλειαν,
609 1038 762 1109 principem
796 1037 888 1094 locum
917 1038 1047 1109 assignat.
1073 1042 1180 1098 verunt,
1197 1037 1248 1090 sed
1266 1036 1302 1090 ad
1319 1037 1513 1106 imperatorem
1532 1037 1632 1092 iterum
1650 1045 1847 1108 provocarunt,
1865 1039 1914 1109 qui
1961 1091 1964 1097 .

214 1121 295 1176 Plato
324 1121 407 1177 etiam
435 1122 481 1177 lib.
510 1128 533 1176 2.
561 1123 596 1177 de
615 1141 673 1194 rep.
697 1125 886 1194 praecipuam
904 1142 1001 1177 curam
1018 1125 1048 1177 in
1074 1137 1121 1175 cos
1140 1121 1256 1187 audivit,
1275 1138 1389 1176 causam
1409 1123 1548 1193 cognovit,
1567 1122 1628 1178 illos
1645 1123 1790 1179 damnarit
1805 1130 1835 1178 et
1852 1141 1914 1179 sen·

213 1207 358 1276 republica
384 1209 419 1261 de
445 1208 583 1276 religione
602 1211 811 1278 accipiendam
830 1227 889 1263 erse
902 1210 979 1264 dicit.
1004 1211 1048 1264 Ac
1073 1206 1162 1261 tentia
1178 1213 1229 1262 sua
1245 1207 1433 1263 Caecilianum
1447 1209 1575 1263 absolvit
1610 1207 1716 1273 Quodsi
1743 1226 1809 1280 ergo
1830 1227 1916 1265 musa

213 1293 312 1347 nititur
328 1292 397 1348 haec
415 1293 573 1364 philosophi
592 1296 730 1350 sententia
751 1295 863 1365 optimis
883 1295 1046 1350 rationibus.
1075 1292 1220 1364 religionis
1238 1311 1293 1349 non
1312 1295 1432 1364 pertinet
1450 1294 1486 1348 ad
1506 1294 1715 1366 magistratum,
1745 1312 1795 1350 cur
1820 1295 1913 1352 ortho-

213 1378 322 1450 Religio
340 1385 382 1434 est
398 1380 541 1434 sanctatis
561 1381 698 1435 humanae
716 1381 932 1446 fundamentum
954 1380 1048 1437 Cicero
1076 1379 1139 1434 doxi
1169 1396 1230 1433 eam
1259 1379 1418 1450 imperatori
1448 1380 1662 1435 commiserunt?
1691 1398 1740 1436 cur
1764 1382 1914 1452 imperator

213 1465 260 1518 lib.
280 1471 304 1519 2.
324 1465 360 1518 de
372 1472 427 1519 nat.
447 1466 530 1523 Deor.
546 1472 589 1520 est
606 1467 789 1536 mupistratus
799 1469 1047 1537 propugnaculum
1076 1465 1136 1535 ejus
1153 1465 1341 1536 cognitionem
1359 1466 1503 1535 suscepit?
1521 1466 1697 1536 Augustinus
1716 1467 1797 1536 epist.
1816 1472 1858 1522 48.
1876 1469 1912 1521 ad

96 1550 199 1596 ¹1V·³¹·
213 1550 293 1605 Pluto
312 1550 358 1604 lib.
378 1556 403 1606 4.
423 1551 457 1605 de
476 1567 534 1621 rep.
553 1559 594 1605 est
613 1552 856 1621 uinculumlepum
875 1561 901 1606 et
919 1555 1049 1608 haustae
1076 1548 1254 1605 Vincentium
1285 1568 1339 1605 non
1373 1551 1454 1622 longe
1484 1567 1502 1606 a
1532 1542 1633 1622 princ:
1674 1554 1739 1607 Non
1772 1555 1911 1607 irruenitur

213 1637 385 1704 disciplinae
408 1635 445 1692 id.
471 1636 518 1690 lib.
542 1642 566 1692 8.
592 1637 628 1692 de
651 1635 740 1709 legib.
761 1655 811 1693 nec
834 1638 892 1693 ulla
909 1656 939 1693 re
959 1641 1048 1711 magis
1075 1636 1226 1705 exemplum
1249 1637 1279 1688 in
1301 1637 1471 1705 euangelicis
1489 1645 1517 1689 et
1539 1639 1707 1706 apostolicis
1733 1639 1838 1702 literis,
1858 1640 1912 1693 ali-

211 1728 269 1776 tam
288 1722 336 1793 qui
355 1726 462 1792 parent,
481 1739 565 1792 quam
583 1723 631 1793 qui
644 1724 783 1794 imperant
801 1724 892 1779 insuo
913 1725 1047 1780 contineri
1076 1723 1146 1791 quid
1157 1721 1280 1791 petitum
1299 1740 1318 1776 a
1335 1723 1448 1792 regibus
1469 1730 1564 1776 terrae
1578 1740 1636 1791 pro
1657 1725 1777 1778 ccclesia
1803 1733 1830 1777 ct
1849 1743 1912 1779 con·

153 1858 156 1868 ,
211 1814 329 1878 possunt
350 1807 443 1863 officio
462 1824 545 1879 quam
563 1808 697 1879 religione
722 1817 751 1864 et
769 1809 822 1865 Dei
841 1816 924 1865 metu.
963 1810 1047 1865 Caro·
1075 1815 1120 1860 tra
1137 1808 1265 1861 inimicos
1285 1809 1428 1872 secturae,
1448 1809 1511 1877 quis
1526 1817 1609 1878 nepai
1627 1826 1684 1862 non
1701 1809 1824 1862 inueniri
1831 1812 1844 1863 1
1860 1814 1913 1864 sed

211 1895 256 1949 lus
283 1894 318 1949 de
350 1893 451 1949 Marill.
483 1895 629 1965 episcopus
656 1895 822 1950 Viennensis
851 1896 880 1950 in
909 1905 1048 1952 conventu
1076 1895 1197 1948 nondum
1217 1895 1387 1963 implebatur
1406 1894 1460 1948 illa
1474 1894 1636 1964 prophetia.
1672 1897 1712 1948 Et
1737 1914 1812 1950 nunc
1832 1913 1911 1964 repes

213 1979 448 2036 Fonteneblicano
469 1980 552 2048 dixit,
576 1997 665 2048 regna
694 1982 802 2034 duahrrs
818 1983 974 2053 praecipue
994 1984 1049 2036 niti
1073 1979 1231 2049 intelligite,
1251 1981 1405 2033 erudimini
1422 1981 1472 2048 qui
1482 1981 1626 2049 judicatis
1651 1988 1773 2049 turam,
1810 1982 1909 2035 seruile

132 2071 135 2076 ’
212 2066 362 2130 colunrnis,
390 2083 474 2119 uerae
498 2068 647 2136 religionis
674 2069 804 2121 musitio
829 2077 855 2122 et
873 2070 1047 2124 subditorum
1076 2066 1199 2119 Domino
1219 2066 1248 2118 tn
1267 2065 1376 2118 timere·
1418 2066 1516 2119 Adhuc
1542 2067 1615 2120 enim
1632 2067 1816 2135 implebatur,
1835 2069 1912 2135 quod

213 2153 413 2220 benevolentia,
445 2170 516 2221 puae
544 2169 577 2206 ee
604 2169 689 2207 uerae
716 2153 864 2223 religionis
890 2156 1046 2223 cognitione
1074 2151 1104 2203 in
1123 2153 1221 2204 eodem
1234 2152 1349 2219 psalmo
1369 2152 1489 2220 lepitur:
1510 2151 1604 2214 Quare
1623 2153 1800 2215 fremuerunt
1817 2161 1911 2221 pentes

213 2239 322 2292 orr'utur
343 2245 368 2290 et
388 2238 517 2290 clementi
527 2238 727 2305 pubernatione
741 2247 929 2307 comparetur,
949 2240 1045 2295 Osian·
1074 2243 1100 2289 et
1120 2237 1225 2304 porculi
1246 2237 1374 2290 meditati
1395 2245 1458 2290 sunt
1478 2237 1600 2290 inaniat
1644 2239 1816 2291 adstiterunt
1831 2255 1911 2306 repes

214 2324 263 2379 der
279 2323 307 2377 in
320 2322 383 2377 hist.
403 2338 467 2376 ann.
491 2328 563 2378 1666.
583 2322 687 2377 Contra
704 2341 769 2379 vero
782 2323 894 2380 sublata
913 2325 1046 2398 religione
1074 2329 1167 2375 terrae
1194 2330 1219 2375 et
1239 2322 1385 2391 principes
1410 2331 1593 2377 convenerunt
1618 2324 1649 2376 in
1666 2341 1752 2376 unum
1772 2325 1909 2377 adverus

215 2409 323 2464 tollitur
343 2424 411 2478 erga
428 2408 519 2461 Deum
537 2407 643 2476 pietas,
670 2407 781 2463 sublata
803 2409 908 2480 pietate
925 2411 995 2465 fides
1014 2428 1047 2466 ac
1076 2408 1227 2461 Dominum
1245 2416 1271 2461 et
1290 2411 1425 2462 adverus
1445 2408 1587 2462 Christum
1615 2409 1684 2478 ejru.
1725 2411 1911 2464 Veruntamen

210 2495 321 2566 justitia
338 2512 371 2550 ex
390 2494 523 2549 societate
540 2493 663 2549 humana
683 2495 826 2563 tolluntur,
843 2495 941 2552 Cicero
952 2496 1000 2551 lib.
1024 2504 1046 2552 1.
1073 2495 1101 2546 si
1116 2496 1199 2555 sacta
1214 2493 1375 2566 praeterita
1387 2493 1417 2547 in
1432 2493 1607 2563 propheticis
1618 2495 1700 2548 libris
1712 2497 1828 2565 figurae
1845 2497 1909 2562 sue-

217 2581 252 2637 de
264 2584 320 2634 nat
331 2580 414 2636 Deor.
438 2579 562 2635 Excusso
576 2595 610 2633 ex
628 2580 727 2634 animis
738 2580 880 2636 hominum
894 2583 948 2637 Dei
962 2590 1045 2648 metu,
1072 2587 1139 2632 rrurt
1155 2580 1186 2632 in
1204 2596 1269 2647 repe
1282 2580 1343 2648 illo,
1363 2581 1412 2649 qui
1425 2580 1627 2649 appellabatur
1639 2580 1910 2647 Nabuchodonosor,

212 2667 383 2722 immanitate
407 2683 441 2721 ac
465 2665 570 2720 scelere
597 2667 690 2721 omnia
714 2668 896 2738 complentur.
946 2674 969 2723 2.
993 2669 1046 2724 Cui
1073 2673 1217 2734 rursumque
1237 2674 1344 2734 tempus
1356 2667 1512 2735 fipuratum
1523 2673 1570 2733 est,
1590 2672 1616 2718 et
1635 2668 1713 2733 quod
1728 2668 1780 2719 sub
1797 2676 1909 2737 aposta

213 2770 281 2808 cura
298 2759 326 2808 et
344 2752 432 2809 tutela
450 2751 621 2822 reipublicae
640 2758 682 2806 est
702 2753 862 2819 commissa,
880 2753 904 2808 is
922 2761 1046 2811 avertere
1071 2753 1109 2806 iis
1126 2752 1231 2820 habuit,
1251 2760 1276 2806 et
1295 2755 1373 2821 pund
1396 2768 1470 2806 nunc
1489 2752 1571 2804 habet
1596 2751 1723 2806 ecclesia.
1766 2752 1909 2823 Tempori-

209 2838 294 2894 debet
330 2841 379 2906 da,
415 2854 487 2909 quae
517 2838 718 2909 rempublicam
743 2847 859 2910 possunt
890 2857 924 2895 ac
956 2843 1046 2897 solent
1072 2840 1122 2892 bru
1141 2839 1445 2907 rememoraturum
1466 2845 1491 2890 et
1509 2845 1663 2905 martyrum
1681 2837 1759 2891 illud
1776 2839 1908 2908 impleba-

213 2929 344 2979 erertere.
381 2924 420 2978 At
440 2923 616 2994 magistratui
634 2940 702 2979 cura
726 2929 755 2980 et
770 2925 860 2981 tutela
876 2926 1046 2997 reipublicae
1072 2933 1130 2994 tru,
1142 2927 1218 2994 quod
1227 2927 1384 2994 figuratum
1398 2933 1446 2994 est,
1465 2925 1579 2994 quando
1598 2940 1648 2976 rea
1665 2933 1834 2978 memoratus
1843 2926 1909 2995 pios

213 3014 256 3066 est
273 3010 426 3064 commissa
447 3009 523 3080 ffigo
541 3014 666 3065 avertere
685 3009 768 3066 debet
785 3026 827 3076 ea,
845 3029 916 3083 quae
936 3029 1045 3083 rempn-
1073 3019 1099 3065 et
1119 3012 1214 3081 juratos
1238 3011 1353 3078 copsbat
1371 3013 1496 3065 adorare
1520 3009 1676 3064 simulacra
1701 3018 1728 3064 et
1745 3020 1907 3064 recreantes

213 3095 314 3150 blicam
334 3093 423 3150 solent
443 3100 575 3163 eredere,
594 3095 667 3149 inter
685 3113 756 3166 quae
775 3113 838 3151 cum
856 3097 929 3153 falsa
947 3098 1045 3169 religio
1072 3100 1101 3152 in
1115 3099 1250 3167 flammas
1275 3098 1408 3153 mittebat.
1445 3098 1527 3150 Nunc
1550 3103 1643 3149 autem
1667 3095 1744 3149 illud
1768 3097 1908 3165 impletur,

212 3188 241 3236 et
260 3181 351 3236 cultus
370 3180 557 3236 idololatricns
579 3180 670 3236 locum
695 3181 777 3238 facile
803 3183 957 3255 principem
975 3184 1046 3240 obti-
1072 3186 1150 3254 quod
1162 3183 1253 3254 paulo
1268 3191 1336 3252 post
1353 3184 1382 3236 in
1400 3185 1496 3236 eodem
1515 3198 1579 3249 repe
1596 3183 1748 3250 tparatum
1767 3190 1826 3250 ert,
1847 3200 1908 3235 eum
1920 3195 2002 3238 xm

149 3312 154 3317 .
212 3273 312 3332 noant,
342 3267 376 3323 de
403 3283 496 3322 sorum
520 3267 670 3323 abolitione
698 3268 891 3340 magistratum
917 3271 994 3341 pium
1013 3287 1046 3325 ac
1072 3286 1220 3323 conrasas
1238 3271 1280 3322 ad
1296 3269 1492 3323 honorandum
1510 3269 1604 3320 Deum
1621 3283 1716 3320 uerum
1735 3268 1859 3321 denuit
1877 3269 1907 3321 in

214 3352 402 3408 Christianum
428 3353 472 3407 vel
503 3353 621 3408 maxime
649 3355 779 3409 convenit
811 3371 872 3410 esse
899 3356 1046 3412 solicitum.
1071 3373 1157 3423 regno
1177 3373 1236 3423 suo,
1254 3362 1284 3407 ut
1303 3355 1456 3422 quicunque
1475 3354 1682 3423 blasphemaret
1702 3353 1733 3405 in
1751 3369 1839 3421 repno
1856 3372 1907 3408 esto

218 3439 286 3492 Veri
303 3439 362 3491 Dei
381 3440 523 3507 ignoratio
535 3447 575 3492 est
592 3440 825 3508 praesentissima
837 3443 1045 3510 pestisrerum·
1072 3443 1154 3494 deum
1175 3441 1315 3506 Sadrach,
1336 3432 1452 3497 Macci
1470 3447 1495 3493 et
1514 3440 1671 3506 Abednepo,
1687 3439 1788 3507 poenis
1805 3441 1907 3493 debias

208 3524 397 3593 publicarum,
417 3525 509 3595 inquit
525 3524 607 3580 Plato
628 3525 676 3580 lib.
700 3532 738 3581 10.
757 3526 792 3579 de
813 3527 897 3599 legib.
922 3529 1045 3584 611611-
1071 3529 1234 3596 subjaceret.
1272 3528 1359 3581 Prius
1379 3543 1446 3596 erpo
1466 3535 1572 3595 tempus
1596 3525 1676 3578 illius
1702 3526 1778 3593 repis
1801 3526 1906 3594 signfi-

212 3627 288 3664 mum
306 3611 477 3682 reipublicae
496 3617 664 3666 momentum
682 3628 715 3665 ac
735 3611 855 3666 tnlcrum
872 3614 999 3670 consistit
1017 3616 1045 3668 in
1071 3614 1154 3668 cubat
1169 3614 1272 3682 priora
1291 3620 1417 3682 tempora
1435 3628 1533 3679 repam
1550 3611 1722 3677 infidelium,
1741 3628 1811 3679 quoa
1825 3611 1909 3679 passi

212 3696 334 3752 honestis
359 3696 476 3766 legibus.
513 3697 600 3768 Atqui
619 3697 717 3769 religio
737 3705 779 3753 est
797 3698 933 3755 bonarum
952 3701 1045 3772 legum
1071 3709 1135 3754 sunt
1154 3698 1311 3753 Christiani
1333 3717 1387 3771 pro
1412 3699 1524 3771 impiis;
1546 3697 1689 3767 posterius
1710 3713 1776 3750 uero
1802 3704 1908 3764 tempus

214 3782 275 3835 fons
296 3789 324 3836 et
341 3781 428 3852 origo,
459 3782 538 3837 Plato
557 3782 605 3837 lib.
626 3789 650 3840 b.
669 3784 703 3838 de
723 3784 807 3856 legib.
827 3792 869 3841 est
888 3785 1047 3842 συνεκτικὸν
1072 3786 1155 3839 illius
1172 3786 1248 3853 repis
1267 3786 1436 3853 significauit
1460 3792 1584 3853 tempora
1601 3783 1787 3852 pontenurum
1813 3800 1908 3851 rapum

213 3866 303 3934 πάσης
320 3872 466 3928 κοινωνίας
483 3871 529 3920 καὶ
554 3875 730 3940 repausatur
751 3871 880 3942 ἔρεισμα,
906 3874 1046 3927 einardum
1066 3872 1132 3940 jam
1148 3870 1285 3935 fidelium,
1303 3887 1372 3938 quos
1387 3871 1536 3938 patiuntur
1553 3868 1637 3937 impii
1652 3885 1707 3937 pro
1727 3866 1907 3921 Christianis.

213 3954 303 4005 omncs
321 3953 464 4006 societatis
484 3962 510 4006 et
528 3954 655 4018 fulcrum
673 3956 766 4024 ispum
785 3964 861 4009 reete
877 3957 1045 4011 sancr'enda-
1072 3956 1110 4009 Et
1139 3963 1236 4026 postea
1269 3956 1343 4009 circa
1372 3954 1496 4009 medium
1525 3952 1623 4023 epist:
1664 3953 1796 4006 Serviunt
1828 3971 1907 4022 repes

213 4056 281 4092 mm.
316 4037 392 4108 Ergo
411 4039 446 4093 de
463 4039 597 4110 religione
616 4041 755 4096 solicitum
773 4047 883 4112 oportet
910 4058 970 4096 esse
991 4059 1046 4096 ma·
1072 4049 1165 4095 terrae
1199 4042 1310 4097 Christo
1335 4041 1420 4094 etiam
1450 4041 1525 4107 tepea
1554 4039 1675 4100 ferenda
1700 4054 1758 4106 pro
1790 4037 1906 4092 Christe.

212 4123 368 4193 gistratum,
386 4123 411 4176 si
430 4124 535 4178 salvam
554 4126 621 4179 velit
639 4142 698 4182 esse
716 4126 921 4197 rempublicam.
955 4133 978 4182 4.
993 4128 1046 4192 Qni
1075 4129 1180 4182 Terror
1199 4127 1396 4197 temporalium
1413 4133 1595 4195 potestatum,
1626 4125 1741 4192 pando
1760 4125 1905 4178 vadatum

212 4209 386 4280 magistratui
404 4210 545 4282 religionis
563 4228 656 4265 curam
676 4211 836 4267 incumbere
855 4221 966 4283 negant,
985 4230 1045 4283 pes·
1072 4220 1225 4283 oppugnat,
1238 4214 1327 4281 justis
1342 4212 1501 4278 etsortibus
1513 4211 1639 4279 pluriora
1649 4209 1782 4281 probatio
1795 4218 1846 4278 est,
1867 4211 1905 4263 in·

213 4294 282 4349 sime
301 4295 436 4350 ecclesiae
455 4296 537 4351 saluti
555 4297 709 4351 consulunt
735 4296 808 4362 Quid
829 4298 937 4352 enimsi
952 4259 1160 4369 pretorianae
1175 4299 1339 4368 periculosa
1362 4299 1493 4364 temati05
1519 4296 1632 4366 meando
1652 4302 1744 4364 autem
1763 4296 1909 4349 verdatm

213 4381 362 4452 degeneret
379 4381 409 4435 in
426 4382 532 4452 lupum,
551 4399 587 4436 an
603 4382 776 4437 Christianus
797 4383 973 4455 magistratus
990 4356 1220 4457 nonlpraedicat
1252 4385 1411 4438 errantibus
1441 4392 1467 4436 et
1503 4381 1748 4442 discordantibus,
1780 4381 1906 4434 cordatis

213 4465 328 4522 habebit
347 4473 512 4537 potestatem
532 4485 594 4522 eum
607 4468 775 4523 cobrcendi?
793 4469 862 4540 quid
883 4470 906 4524 si
923 4464 1151 4543 episeopisutilis
1183 4471 1340 4524 admonitio
1371 4478 1410 4523 est
1443 4476 1469 4522 et
1494 4467 1646 4521 insensatis
1670 4465 1749 4519 utilis
1776 4465 1906 4533 afflictio.

213 4551 282 4606 fiant
302 4552 477 4623 negligentes
496 4568 547 4607 nec
564 4554 687 4623 praesint
708 4554 841 4610 ecclesiae
864 4555 946 4624 juxta
967 4546 1138 4625 prae-*Non
1156 4565 1196 4610 est
1215 4563 1308 4611 tamen
1323 4564 1448 4626 potestas
1466 4556 1559 4608 nicia
1576 4555 1640 4607 Deo
1659 4556 1712 4606 etc.
1750 4551 1814 4605 Siue
1836 4553 1907 4605 enim

212 4638 346 4709 scriptum
359 4638 454 4705 verbi,
480 4655 547 4692 num
565 4639 743 4709 magistratus
761 4656 817 4693 non
835 4639 951 4696 habebit
968 4602 1194 4713 pote-lpotauu
1220 4642 1335 4696 ueremi
1358 4643 1460 4705 fauens
1485 4641 1607 4707 aliquem
1627 4637 1767 4705 corrigat,
1794 4636 1907 4690 lauduna

212 4731 311 4780 statem
338 4740 384 4778 eos
407 4724 584 4795 corrigendi?
622 4723 675 4778 hnc
706 4725 813 4781 rabone
843 4726 1152 4797 pencnnbiturzhatu
1172 4746 1204 4782 ec
1220 4728 1289 4796 illa,
1318 4729 1368 4796 qui
1387 4728 1478 4792 srsaru
1502 4725 1681 4790 emendatus,-
1709 4723 1766 4776 siue
1792 4724 1908 4776 inimica

211 4811 345 4866 ecclesiae
361 4810 443 4865 salus.
481 4810 546 4864 Huc
564 4809 708 4866 referimus
726 4813 810 4866 etiam
831 4819 854 4868 5.
873 4830 1045 4869 communem
1072 4815 1187 4868 ueritati
1205 4815 1235 4867 in
1253 4813 1376 4881 aliquem
1393 4813 1516 4874 saeviat,
1541 4811 1656 4864 laudem
1680 4808 1762 4862 habet
1786 4825 1819 4859 ec
1847 4809 1908 4874 illa,

211 4896 337 4968 gentium
357 4912 521 4951 consensum
540 4913 572 4950 ex
590 4897 695 4952 lumine
712 4905 829 4953 naturae
847 4904 947 4954 ortum.
972 4899 1045 4954 Nam
1073 4902 1122 4969 qui
1145 4900 1233 4953 uictor
1257 4898 1347 4963 fucrit
1371 4904 1529 4953 emendus.
1574 4893 1662 4964 Epist.
1687 4899 1728 4948 bb·
1752 4892 1790 4947 ad
1818 4892 1907 4948 Bonis.

212 4988 241 5036 et
258 4981 404 5054 gentilium
422 4982 596 5047 nomothotae
623 4983 696 5037 inter
715 4983 793 5055 leges
818 4984 945 5054 politicas
962 4985 1046 5040 etiam
1073 4985 1200 5040 comitem
1219 4984 1292 5037 circa
1311 4983 1405 5039 med.:.
1424 4983 1506 5046 Quod
1525 4982 1639 5044 dicunt,
1656 4980 1707 5048 qui
1724 4979 1825 5031 contra
1842 4997 1909 5032 suas

212 5069 320 5138 aliquae
339 5067 373 5120 dc
392 5067 526 5139 religione
543 5068 680 5135 tulerunt,
698 5069 828 5123 nimirum
847 5070 913 5140 quia
932 5086 1045 5140 persua
1073 5071 1229 5139 impietates
1247 5069 1321 5136 tepea
1333 5069 1430 5137 justas
1450 5068 1581 5122 constitui
1599 5065 1704 5132 nolunt,
1724 5082 1780 5117 non
1797 5063 1910 5133 petiisse

212 5170 273 5208 snm
300 5153 368 5224 ipsis
391 5152 462 5220 fuit,
490 5151 527 5206 ad
545 5152 737 5223 magistratum
763 5161 900 5224 potestate
920 5155 1046 5209 ferenda·
1075 5174 1093 5209 a
1110 5155 1222 5222 rupibus
1238 5161 1332 5207 terrae
1351 5156 1495 5223 apostolos
1520 5153 1611 5220 terlio,
1638 5169 1694 5205 non
1721 5150 1909 5215 considerant,

212 5256 274 5293 rum
291 5239 386 5311 legum
405 5239 571 5292 instructum
589 5254 684 5293 curam
695 5240 836 5310 religionis
848 5239 986 5310 pertinere
1004 5239 1048 5296 vel
1076 5242 1160 5295 alircd
1176 5241 1267 5304 fuisse
1282 5248 1346 5294 tunc
1365 5249 1471 5311 tempus
1491 5248 1515 5293 et
1535 5240 1629 5291 onrrtia
1658 5238 1719 5290 suis
1740 5236 1909 5304 temporibus

213 5326 337 5380 maxime.
1060 5310 1131 5405 :api
1169 5325 1237 5388 Quis
1257 5327 1330 5379 enim
1349 5335 1414 5380 trane
1434 5328 1464 5379 in
1483 5325 1622 5379 Christum
1645 5324 1808 5376 crediderat
1825 5322 1910 5389 impe-

31 5404 36 5408 ’
84 5417 104 5458 t·
119 5418 151 5457 ³1
251 5418 307 5467 176.
342 5419 367 5466 6.
393 5411 436 5465 Ex
460 5417 584 5466 veterum
609 5411 743 5468 ecclesiae
768 5413 912 5468 doctorum
930 5411 1000 5467 actis
1021 5410 1168 5480 strator,
1201 5413 1251 5481 qui
1277 5430 1332 5481 pro
1363 5413 1472 5484 pietate
1508 5418 1607 5464 centra
1639 5408 1808 5476 impietatem
1836 5407 1911 5472 tepea

85 5473 171 5561 mn·
212 5497 405 5568 pronuntiatis.
450 5497 567 5553 Constat
596 5514 632 5552 ex
669 5498 731 5555 libr.
765 5498 916 5571 Augustini
951 5481 1194 5563 contrairemus
1212 5499 1343 5562 serviret,
1369 5499 1484 5567 prande
1502 5498 1595 5549 adhuc
1622 5495 1698 5547 illud
1712 5490 1912 5561 propheticum

212 5582 382 5638 Petilianum
399 5588 429 5638 et
445 5582 661 5638 Parmenianum
680 5590 709 5639 ot
726 5599 760 5638 ax
771 5583 851 5655 epist.
874 5589 931 5641 161.
954 5584 1048 5640 Dona-
1073 5585 1277 5657 complebatur:
1297 5583 1389 5646 Quare
1394 5584 1578 5652 fraenarunt
1589 5588 1683 5649 penus
1696 5575 1771 5632 otc?
1787 5579 1912 5631 madum

205 5668 289 5722 mrsu
304 5683 455 5725 marasse
483 5667 674 5727 Uecellinum
699 5668 962 5744 Carthaginensium
990 5671 1047 5742 epi·
1060 5698 1061 5708 ι
1072 5680 1165 5727 amem
1182 5673 1335 5742 agebatur,
1353 5671 1430 5740 quod
1446 5669 1540 5737 paulo
1555 5677 1622 5739 post
1637 5671 1669 5723 in
1687 5665 1784 5724 aedem
1797 5663 1913 5734 psalmi
