4006 6022
670 315 721 369 DE
740 312 992 372 MAGISTRATU
1011 313 1201 372 POLI'I'ICO.
1733 329 1793 384 503

90 464 120 518 in
142 467 191 521 lib.
214 467 247 521 de
268 467 333 521 cler.
353 467 521 522 mulieribus.
560 467 642 523 Plato
654 468 816 522 mulieribus
834 473 867 522 ut
884 484 928 521 ex·
958 465 1043 534 Aner,
1064 466 1146 522 Escol
1167 476 1194 523 et
1211 469 1345 536 Mambre,
1364 470 1412 539 qui
1427 470 1478 523 viri
1497 469 1635 539 principes
1654 477 1682 523 et
1699 479 1794 540 poten·
1887 500 1895 517 ·-

91 553 191 606 ercitia
209 552 277 618 alia,
303 551 342 604 sic
367 552 442 607 bella
466 568 579 622 quoque
599 570 662 608 cum
679 553 744 607 viris
762 553 851 607 voluit
868 568 929 606 esse
955 557 997 604 tes
1022 552 1148 616 fuerunt,
1184 569 1300 624 quorum
1330 554 1462 624 auspiciis
1487 554 1570 610 etiam
1599 555 1699 610 milites
1726 574 1791 612 suos
1808 559 1856 603 ΧΠ
1874 560 1920 604 118·

88 638 256 703 communia,
276 637 325 692 sed
342 637 371 691 id
390 639 540 708 pudicitiae
560 655 654 694 earum
674 657 772 708 parum
791 636 928 692 convenit.
955 636 1131 692 Abrahamus
1157 638 1281 692 armavit
1327 639 1385 693 Nec
1410 638 1629 694 ecclesiasticum
1658 641 1795 697 duntaxat

91 729 117 777 4.
137 723 340 778 Auctoritatem
367 724 433 778 belli
460 724 602 779 indicendi
626 742 686 780 esse
713 741 798 794 penes
818 722 928 794 quosvis
955 727 983 776 et
1001 723 1218 792 oeconomicum,
1245 724 1396 778 sedetiam
1426 725 1569 793 politicum
1585 743 1686 780 munus
1706 726 1796 782 Abra·

91 808 286 877 magistratus,
315 809 484 879 superiorem
509 826 564 864 non
583 817 789 881 cognoscentes,
807 809 865 863 sive
889 808 928 862 illi
956 805 1067 862 hamum
1092 809 1209 878 gessisse
1238 809 1378 880 colligitur
1405 826 1438 863 51
1466 825 1513 877 11,
1541 811 1617 881 quod
1645 818 1734 866 armat
1760 830 1793 867 11

90 893 148 946 sint
165 894 342 959 monarchici,
366 895 423 951 sire
449 895 644 958 aristocratici,
672 896 730 951 sive
746 895 928 951 democratici.
956 891 1061 946 familia
1080 911 1130 947 sus
1149 901 1198 950 318
1221 894 1399 957 vernaculos,
1417 894 1464 966 qui
1484 910 1516 948 ex
1535 912 1677 950 servorum
1695 899 1792 966 conju·

90 977 167 1047 Ergo
190 979 271 1033 etiam
297 995 383 1049 penes
407 980 510 1035 liberas
534 981 713 1050 respublicas.
750 988 774 1035 5.
794 980 928 1035 Subditos
956 978 1002 1049 gio
1023 978 1118 1032 divina
1136 981 1329 1035 benedictione
1341 980 1394 1050 ipsi
1406 979 1464 1033 nati
1478 987 1565 1045 erant,
1583 998 1665 1051 quem
1684 989 1794 1038 1111111

90 1061 168 1130 11111,
198 1064 245 1133 qui
271 1081 348 1119 arma
369 1064 487 1133 jubente
511 1065 676 1136 magistratu
700 1083 750 1120 suo
768 1067 884 1136 capiunt
901 1072 929 1120 51
956 1063 1061 1134 absque
1080 1065 1194 1133 politico
1218 1065 1339 1136 quodam
1365 1065 1480 1135 imperio
1505 1082 1601 1135 regere
1620 1085 1675 1121 non
1692 1067 1792 1137 potuit.

90 1147 207 1203 militiae
231 1166 316 1219 opera
338 1157 482 1216 51511111,
512 1150 667 1220 legitimum
692 1150 801 1205 bellom
822 1167 927 1222 gerere.
956 1148 1037 1204 Adde
1058 1152 1131 1220 quod
1153 1168 1206 1204 non
1226 1151 1341 1220 arripiat
1359 1167 1436 1204 arma
1456 1151 1660 1223 notropxpuxn',
1681 1155 1794 1208 adsim

87 1233 160 1286 Cum
179 1235 251 1288 enim
272 1236 449 1304 magistratus
466 1241 560 1305 portet
578 1236 702 1306 gladium
724 1237 855 1291 divinitus
875 1237 927 1291 sibi
955 1234 1150 1301 inferendam,
1181 1237 1230 1291 sed
1253 1234 1423 1308 ἀμυντήρια.
1457 1239 1498 1289 ad
1522 1238 1659 1306 injuriam
1672 1240 1795 1307 propal-

89 1320 188 1373 datum
206 1321 286 1374 Rom.
306 1327 342 1388 13,
361 1321 507 1376 1411151
525 1328 617 1391 potest
635 1340 696 1378 eum
715 1323 783 1378 dare
799 1323 927 1390 subditis,
954 1323 1091 1384 eandam,
1111 1322 1206 1391 qualia
1225 1322 1334 1393 absque
1353 1339 1483 1393 expresso
1502 1324 1681 1393 magistratus
1701 1324 1792 1379 edicto

91 1417 123 1456 ut
162 1406 293 1460 adversus
333 1405 426 1460 hostes
462 1406 633 1476 reipublicae
672 1408 768 1463 eodem
805 1415 927 1477 utantur,
954 1407 1122 1478 quandoque
1149 1408 1252 1477 suscipi
1272 1425 1353 1479 posse
1371 1409 1455 1478 paulo
1475 1415 1538 1479 post
1550 1409 1792 1464 demonstrabitur.

94 1491 211 1558 perinde
229 1497 260 1543 ut
278 1490 401 1545 carnifici
409 1492 537 1561 justitiae
553 1492 677 1546 ministro
697 1495 819 1564 gladium
834 1495 928 1561 tradit,
954 1492 1082 1562 Denique
1102 1494 1125 1546 si
1144 1494 1358 1563 consideremus,
1378 1511 1460 1565 quam
1480 1495 1581 1565 pavido
1599 1495 1684 1550 suerit
1700 1495 1792 1549 Abra-

90 1593 148 1644 quo
176 1575 361 1630 facinorosum
388 1577 502 1646 plectat.
542 1578 669 1647 Cumque
696 1580 823 1648 princeps
853 1580 926 1632 solus
953 1578 1051 1632 hamus
1071 1580 1164 1633 animo
1182 1580 1258 1649 apud
1277 1580 1435 1652 Aegyptios
1459 1580 1542 1635 rebus
1566 1581 1658 1634 adhuc
1681 1580 1791 1651 pacatis

87 1677 145 1713 non
171 1661 259 1729 possit
283 1660 482 1731 rempublicam
504 1663 698 1719 administrare
722 1671 750 1719 et
774 1661 925 1720 ‘vindictam
954 1671 982 1716 ct
996 1664 1161 1734 tranquillis,
1183 1682 1237 1718 uon
1251 1666 1354 1734 poterit
1369 1666 1448 1720 aliter
1461 1666 1590 1734 judicari,
1603 1682 1686 1735 quam
1700 1665 1792 1735 ipsum

86 1746 230 1814 publicam
249 1765 315 1818 erga
332 1765 436 1817 paucos
455 1766 596 1814 exercere,
621 1752 707 1805 multo
728 1752 927 1821 minuspotest
952 1748 1085 1818 peculiari
1112 1750 1165 1804 Dei
1195 1750 1327 1804 mandato
1359 1768 1392 1805 ac
1423 1750 1603 1820 promissione
1639 1750 1790 1805 excitatum

86 1833 165 1885 solus
189 1832 292 1886 bellum
314 1850 427 1903 gerere,
455 1833 517 1887 idco
541 1834 668 1890 subditos
695 1853 760 1891 suos
786 1836 822 1890 ad
851 1853 925 1890 5111-
951 1834 1051 1902 fuisse,
1080 1843 1111 1890 ut
1134 1836 1235 1905 exigua
1259 1853 1343 1889 manu
1369 1841 1487 1905 quatuor
1513 1842 1639 1905 potentes
1663 1852 1743 1906 reges
1764 1842 1793 1891 et

87 1919 180 1970 nenda
198 1918 312 1973 militiae
330 1933 415 1987 opera
435 1919 562 1990 exigente
585 1920 755 1990 reipublicae
779 1921 867 1976 salute
891 1938 925 1976 ac
953 1921 1065 1989 quidem
1088 1922 1206 1976 victores
1234 1921 1449 1992 aggrederetur,
1476 1920 1581 1991 absque
1605 1921 1679 1975 euim
1706 1921 1791 1975 verbo

85 2003 252 2056 necessitate
271 2011 345 2058 recte
367 2010 462 2070 vocat,
489 2010 573 2074 atque
602 2004 655 2073 ipsi
679 2004 757 2059 salva
783 2013 811 2060 et
829 2006 926 2059 illaesa
952 2013 980 2061 et
1004 2007 1186 2078 promissione
1211 2007 1265 2061 Dei
1292 2013 1400 2061 tantum
1426 2007 1510 2060 animi
1543 2007 1627 2060 robur
1649 2012 1678 2060 et
1702 2006 1791 2059 virtus

86 2088 259 2142 conscientia
271 2090 366 2159 gladio
378 2089 511 2143 adversus
524 2089 617 2144 hostes
638 2097 760 2146 utuntur.
781 2090 869 2147 Exod.
883 2098 924 2159 32,
953 2098 1011 2147 tam
1042 2092 1152 2147 heroica
1183 2093 1293 2161 inipso
1320 2110 1374 2146 uon
1404 2091 1503 2145 fuisset
1530 2107 1657 2145 accensa.
1701 2096 1725 2144 2.
1747 2090 1791 2146 De

84 2194 111 2227 v.
133 2179 173 2229 21.
192 2192 255 2228 cum
275 2175 387 2246 Moyses
407 2175 513 2230 Levitis
531 2176 655 2246 gladium
676 2176 769 2244 1111111,
791 2184 823 2230 11
840 2194 924 2230 1111-
952 2179 1052 2246 Mopse
1070 2177 1219 2246 respondet
1230 2177 1406 2247 Augutinus
1425 2177 1473 2231 lib.
1488 2183 1527 2231 22.
1542 2182 1638 2230 contra
1656 2176 1791 2230 Faustum

84 2263 206 2331 quisque
226 2261 379 2330 proximum
399 2278 479 2314 suum
497 2260 660 2324 interficiat,
687 2280 712 2315 v.
733 2267 773 2316 29.
794 2262 842 2314 itti
867 2281 923 2315 ma·
951 2282 974 2317 e.
997 2270 1043 2319 70:
1072 2264 1192 2318 Animae
1210 2263 1323 2316 cirtatis
1343 2279 1462 2331 capaces
1481 2269 1508 2315 et
1525 2262 1638 2326 fertiles
1653 2262 1790 2331 praemit-

85 2368 137 2399 nea
157 2366 225 2399 sares
244 2350 367 2401 Domino
391 2365 569 2402 cmssecrasse
587 2350 728 2404 dicantar.
759 2356 780 2404 1.
803 2348 880 2403 Petri
901 2354 924 2412 2,
952 2358 1012 2403 tant
1032 2366 1117 2418 saepe
1135 2350 1219 2412 uitia,
1240 2351 1338 2418 quibas
1357 2350 1498 2412 indicent,
1525 2350 1571 2401 cai
1586 2349 1687 2401 virtuti
1699 2349 1790 2415 potis·

84 2451 109 2484 v.
143 2439 181 2488 13.
209 2436 416 2505 conjunguntur
440 2451 490 2488 rec
514 2443 540 2489 et
565 2438 650 2488 disces
677 2437 714 2488 ab
737 2454 768 2487 eo
789 2435 870 2487 missi
886 2437 927 2488 ad
951 2437 1052 2488 simum
1068 2436 1124 2488 sint
1145 2437 1380 2501 accommodatae,
1398 2435 1424 2487 si
1440 2435 1550 2498 suerint
1564 2435 1725 2503 praeceptis
1746 2450 1790 2486 ea·
1822 2470 1831 2500 ¹.

85 2519 251 2586 viristictem,
271 2520 334 2574 inde
350 2527 425 2575 recte
446 2525 539 2574 mouet
556 2520 745 2590 Augustinus,
774 2520 924 2574 51111111-
951 2521 1050 2574 111111.
1091 2521 1171 2575 Sient
1195 2521 1268 2573 enim
1295 2520 1454 2587 apricolae,
1483 2537 1566 2588 qaam
1590 2528 1696 2572 terram
1714 2518 1790 2570 eide-

84 2621 154 2673 pere
174 2604 297 2675 gladium
317 2605 416 2660 Matth.
435 2611 482 2674 26,
508 2623 533 2660 v.
554 2611 594 2661 52.
614 2607 664 2675 qai
680 2607 761 2659 neila
779 2608 925 2675 superiore
950 2607 1007 2659 rint
1024 2607 1089 2660 ticet
1106 2607 1227 2667 inutiles,
1247 2613 1338 2659 tamen
1358 2607 1481 2673 inperstes
1500 2606 1599 2658 barbas
1612 2605 1790 2674 progignere,

88 2708 123 2740 er
144 2691 599 2760 1191111111111111111111111111
616 2693 927 2760 eoncedenteseriendi
943 2693 1101 2760 frumentis
1119 2700 1215 2760 aptam
1231 2708 1289 2745 esse
1304 2692 1492 2760 pronuntiant
1517 2700 1543 2745 et
1566 2707 1646 2760 quem
1669 2697 1789 2742 mentem

87 2794 176 2826 ranna
207 2777 336 2842 ptedium
362 2784 490 2844 amsspet.
536 2776 640 2831 Contra
664 2793 729 2831 vero
749 2779 829 2847 jussa
852 2777 925 2832 bella
952 2778 1086 2831 oleastris
1109 2778 1264 2846 spissescere
1288 2779 1491 2845 adspexerant,
1514 2775 1585 2829 oleis
1608 2791 1667 2828 esse
1691 2774 1790 2827 rstilem

88 2863 230 2928 dicuntur,
248 2879 318 2932 qnae
339 2879 356 2915 a
377 2878 483 2916 summo
503 2863 678 2933 magistratu,
697 2863 743 2918 cui
756 2862 924 2933 reipublicae
951 2865 1062 2917 11111111
1082 2865 1232 2917 accedente
1250 2881 1306 2916 nen
1326 2863 1474 2927 debitam,-
1498 2862 1540 2914 sie
1559 2861 1608 2913 itte
1627 2860 1717 2913 animi
1733 2877 1789 2913 mo-

86 2965 156 3000 cura
174 2947 318 3001 commissa
336 2955 389 3015 est,
415 2954 464 3001 aut
487 2948 524 3002 ab
543 2965 590 3016 eo,
616 2948 664 3021 qui
682 2965 819 3003 asummo
837 2950 924 3019 magi·
950 2958 994 3002 tas
1014 2950 1044 3001 in
1058 2949 1159 3016 Mopse
1177 2949 1280 3002 vitiosa
1299 2947 1419 3016 quidem,
1438 2949 1489 2999 sect
1507 2963 1611 3014 mapna
1627 2944 1788 3011 fertilitatis

86 3041 178 3087 stratu
192 3034 240 3101 jus
258 3033 393 3102 ejusmodi
413 3034 507 3102 habet,
525 3036 694 3090 indicuntur.
735 3038 923 3092 111111111-
949 3037 1033 3102 sipna
1050 3035 1199 3099 fundebat.
1236 3032 1291 3088 Sed
1316 3050 1379 3087 cum
1399 3031 1518 3102 Spiritus
1545 3035 1658 3084 sanctus
1680 3028 1743 3082 Act
1763 3035 1787 3097 7,

87 3121 144 3172 rios
163 3119 245 3172 ctiam
266 3118 381 3184 milites,
408 3119 460 3173 hoc
487 3128 528 3175 est
548 3137 594 3176 eos
614 3123 660 3192 qui
690 3129 766 3177 certo
786 3124 924 3193 stipendio
949 3139 974 3174 v.
995 3127 1037 3176 25.
1057 3120 1110 3176 hcc
1127 3119 1233 3189 Moysis
1251 3119 1356 3174 factum
1376 3118 1486 3181 laudet,
1518 3117 1581 3171 ideo
1606 3116 1681 3170 viriis
1701 3130 1788 3169 annu·

87 3223 105 3258 a
124 3205 288 3276 magistratu
314 3205 349 3258 ad
368 3205 493 3259 militiam
521 3208 650 3260 conducti
669 3215 746 3276 sunt,
771 3209 848 3278 jaste
864 3211 923 3280 gla-
951 3206 1050 3260 merari
1077 3206 1189 3260 minime
1212 3212 1311 3275 potest.
1350 3203 1477 3259 Clemens
1497 3202 1648 3258 Alexandr.
1672 3200 1736 3257 libr.
1764 3206 1786 3257 1.

87 3292 165 3344 dium
191 3291 323 3344 adversus
347 3290 440 3346 hostes
467 3294 617 3364 stringere,
647 3311 703 3364 qua
723 3294 807 3349 dere
829 3294 858 3347 in
877 3313 922 3366 qq.
950 3297 1074 3347 stromat.
1094 3292 1250 3362 respondet,
1272 3298 1376 3358 mystas
1393 3290 1510 3357 sentire,
1528 3289 1605 3356 qnod
1621 3288 1682 3341 soto
1702 3289 1785 3340 cerba

87 3376 205 3446 plenius.
951 3379 1118 3448 Aepppts'am
1136 3378 1317 3444 interfecerit,
1337 3371 1570 3444 quemadmodem
1590 3376 1690 3427 Petras
1709 3374 1786 3426 Ano·
1833 3429 1839 3438 ,

124 3467 182 3516 396.
221 3461 325 3515 Contra
343 3461 395 3513 hoc
409 3462 528 3532 primum
547 3461 612 3516 belli
625 3459 742 3534 legitimi
760 3465 924 3535 requisitum
949 3466 1027 3518 niam
1048 3472 1074 3517 et
1094 3463 1267 3532 Seppbiram
1285 3462 1348 3515 Act.
1368 3467 1392 3523 5,
1412 3478 1437 3516 v.
1460 3468 1483 3515 5.
1505 3459 1553 3514 sed
1579 3459 1643 3512 huic
1662 3457 1785 3528 opinioni

88 3547 268 3618 proferuntur
285 3548 423 3619 quaedam
441 3548 568 3617 exempla
596 3554 752 3604 sanctorum
771 3551 804 3606 V.
824 3550 857 3607 T.
876 3552 923 3620 qui
950 3551 1106 3621 refragatur
1131 3546 1342 3617 circumspectio
1368 3552 1433 3600 ante
1459 3546 1564 3600 sactum
1589 3551 1618 3599 11
1645 3542 1787 3598 cadaveris

88 3633 195 3704 absque
222 3635 400 3704 magistratus
426 3635 591 3689 auctoritate
620 3635 714 3706 gladio
737 3636 849 3691 fuerunt
872 3639 923 3703 usi,
949 3643 1014 3706 post
1031 3636 1136 3700 facturn
1160 3634 1189 3687 in
1218 3649 1304 3687 arena
1332 3633 1489 3687 occultatio.
1528 3632 1723 3684 ititPercntare
1746 3629 1785 3683 in·

29 3741 61 3758 ·-
89 3725 112 3772 1.
136 3721 314 3774 Abrabnnms
341 3728 400 3775 1111
428 3722 567 3791 privatus,
595 3723 713 3776 armavit
737 3729 830 3777 tamen
858 3741 922 3777 suos
950 3740 1033 3794 super
1052 3738 1107 3776 non
1125 3726 1167 3775 est
1185 3719 1288 3785 verbo,
1316 3719 1364 3773 sed
1393 3717 1488 3789 gladio
1516 3717 1612 3771 aliisve
1639 3715 1722 3768 armis
1747 3715 1786 3769 fe·

29 3794 39 3820 ²
65 3806 254 3860 'domesticos
283 3824 315 3862 ac
340 3806 461 3861 Lothum
492 3807 622 3862 liberavit
650 3807 719 3863 Gen.
755 3814 798 3876 11,
829 3826 854 3862 v.
884 3816 922 3864 14.
950 3809 1011 3863 rire.
1021 3809 1056 3846 *i*
1093 3805 1215 3862 Hilarius
1234 3805 1253 3858 1.
1276 3812 1301 3860 5.
1325 3804 1359 3858 de
1378 3803 1476 3858 Trinit
1502 3802 1584 3870 dicit,
1613 3803 1729 3868 Moysen
1754 3817 1787 3852 ec

89 3894 115 3948 2,
133 3893 248 3961 Moyses
268 3910 329 3946 cum
351 3893 443 3948 adhuc
461 3893 584 3964 privatus
599 3901 685 3962 esset,
710 3895 812 3950 occidit
828 3894 922 3966 Aegy·
950 3903 1068 3947 naturae
1095 3894 1194 3962 affecte
1220 3891 1347 3943 Hebraei
1377 3890 1513 3958 injuriam
1544 3895 1631 3950 morit
1656 3884 1788 3954 Aappptii

87 3980 193 4050 ptium,
220 3978 267 4049 qui
282 3979 386 4049 injusta
403 3979 534 4034 violentia
557 3980 731 4051 opprimebat
759 3983 849 4034 virum
866 3981 923 4036 He·
950 3981 1037 4033 altam
1064 3995 1131 4032 esse.
1172 3976 1279 4032 triton
1303 3982 1362 4031 erat
1386 3982 1454 4029 tunc
1473 3980 1584 4044 praesto
1601 3973 1707 4043 juder,
1738 3968 1786 4041 qui

87 4065 308 4120 11115111111111Ι
330 4070 355 4133 2,
372 4083 396 4118 v.
419 4071 457 4119 12.
476 4082 509 4118 11
522 4071 634 4135 propter
651 4065 720 4119 illud
739 4065 843 4120 factum
863 4066 921 4121 lau·
950 4064 1086 4135 potuisset
1105 4061 1235 4133 injuriam
1254 4068 1386 4126 avertere,
1416 4065 1445 4131 ct
1462 4059 1566 4129 injuria
1579 4063 1639 4112 erat
1655 4073 1787 4132 praesens

87 4152 171 4204 datur
192 4155 253 4203 Aet.
274 4156 298 4212 1,
312 4168 336 4204 v.
356 4156 397 4205 21.
434 4155 457 4204 3.
478 4151 610 4212 Pinebas,
629 4167 692 4204 cum
710 4152 832 4206 nondum
851 4160 924 4208 esset
949 4169 1001 4206 nec
1021 4167 1124 4203 moram
1150 4148 1281 4218 temporis
1306 4146 1482 4218 patiebatur,
1510 4145 1583 4200 unde
1602 4143 1709 4214 Moysis
1727 4146 1787 4197 erat

86 4237 113 4288 in
136 4236 249 4304 publico
264 4234 358 4289 officio
378 4235 558 4304 constitutus,
587 4242 765 4291 scortatorem
785 4238 923 4293 confodie-
950 4236 1105 4292 subvenire.
1143 4232 1293 4304 Cajetanus
1311 4233 1363 4295 111,
1388 4232 1469 4284 besee
1482 4232 1647 4302 praefectos
1671 4245 1785 4298 operam

86 4322 136 4376 bat
154 4321 292 4390 1111125,
309 4339 334 4373 v.
356 4328 379 4375 7.
399 4329 426 4374 11
441 4327 599 4392 reputatum
617 4329 660 4376 est
677 4323 717 4376 illi
736 4323 770 4377 ad
786 4325 922 4394 justitiam
948 4324 1039 4388 fisisse
1059 4321 1192 4388 publicos
1215 4321 1306 4374 bostes
1331 4327 1355 4372 11
1377 4335 1559 4389 oppressores
1584 4316 1786 4380 Hebraeorum,

86 4408 375 4470 Psalm.106,v.31.
416 4412 440 4462 t.
462 4407 576 4461 Sarnnd
596 4425 688 4478 regem
706 4410 922 4465 Amalecitarum
950 4409 1069 4476 ideaque
1086 4407 1200 4460 licuisse
1219 4406 1359 4460 Hebraeis
1381 4422 1427 4458 eos
1454 4404 1595 4470 occidere,
1623 4402 1649 4453 si
1664 4405 1786 4468 possent,

88 4495 220 4563 Agagum
239 4493 349 4560 occidit,
368 4502 395 4548 et
415 4493 527 4565 quidem
546 4501 640 4548 contra
664 4495 835 4551 voluntatem
854 4497 921 4568 legi·
946 4494 1068 4562 perinde
1087 4499 1117 4544 at
1134 4492 1164 4544 in
1185 4491 1257 4545 betta
1269 4491 1349 4559 jaste
1369 4490 1434 4542 licet
1456 4489 1560 4541 bostem
1579 4495 1604 4539 et
1627 4487 1785 4539 invasorem

86 4578 147 4631 timi
167 4579 362 4649 magistratus,
392 4579 498 4633 scilicet
516 4578 607 4633 Saulis
632 4584 654 4634 1.
674 4579 747 4636 Sam.
769 4587 813 4648 15,
836 4600 861 4636 v.
882 4588 920 4637 33.
949 4578 1040 4632 ubivis
1066 4577 1244 4631 occidere.**
1283 4572 1504 4629 Ambrosiuslib.
1526 4571 1595 4628 1.de
1613 4570 1686 4626 otfic.
1704 4587 1727 4624 c.
1742 4573 1785 4624 36.

87 4668 114 4719 5,
136 4665 239 4716 Helias
257 4665 393 4719 interiecit
421 4664 545 4718 Baalitas
579 4682 645 4736 rege
663 4666 779 4720 Achabo
810 4684 861 4721 uec
878 4668 923 4736 ju·
950 4682 982 4718 er
1002 4662 1132 4717 caritatis
1149 4662 1241 4714 11111111
1259 4661 1292 4714 id
1308 4661 1418 4724 sectam
1436 4676 1495 4712 esse
1513 4659 1616 4711 statuit.
1658 4656 1714 4717 Qei
1730 4672 1786 4707 non

88 4751 181 4803 bentc.
193 4767 245 4804 nec
255 4751 433 4818 concedente,
443 4751 498 4804 imo
507 4750 600 4820 potius
610 4751 755 4806 resistente
771 4753 871 4823 arieg.
886 4760 923 4822 18,
951 4750 1065 4820 repellit
1085 4748 1197 4820 (inquit)
1218 4767 1237 4800 a
1254 4747 1330 4801 socio
1345 4746 1492 4816 injuriam,
1510 4745 1538 4796 si
1549 4751 1649 4812 potest,
1671 4750 1727 4794 tam
1746 4746 1786 4793 est

86 4855 113 4892 v.
134 4842 176 4891 411.
217 4835 440 4907 Respondemus:
468 4837 555 4903 primo
580 4836 609 4890 iu
632 4854 734 4908 genere
759 4854 814 4892 111
834 4856 923 4894 exem·
951 4838 981 4890 in
1001 4835 1069 4889 citio
1090 4852 1173 4904 qaam
1191 4833 1258 4900 ille,
1276 4833 1325 4900 qai
1334 4831 1427 4899 sacit,
1446 4832 1519 4882 unde
1538 4836 1651 4881 sanctus
1672 4828 1786 4892 Moyses

86 4923 157 4992 plis,
186 4922 235 4976 sed
264 4922 373 4993 legibus
398 4939 457 4976 esse
478 4922 678 4992 judicandum,
711 4931 776 4977 suut
802 4924 873 4978 enim
896 4925 924 4978 in
951 4923 1015 4975 bine
1035 4921 1119 4993 prius
1143 4937 1225 4973 erssss
1251 4927 1290 4972 est
1310 4923 1476 4970 tentamento
1500 4914 1647 4967 imbecillis
1669 4913 1785 4978 sortita·

87 5007 192 5060 sanctis
218 5006 332 5078 quidam
355 5008 458 5063 heroici
485 5013 512 5062 et
536 5008 745 5063 extraordinarii
774 5017 879 5078 motus,
909 5026 926 5062 1
952 5009 1037 5062 dinis.
1075 5008 1151 5059 Nam
1176 5023 1238 5058 cam
1267 5004 1381 5056 vidisset
1406 5002 1565 5054 Hebraeum
1588 5001 1624 5053 ab
1648 4997 1786 5066 Aeppptio

86 5092 223 5163 peculiari
248 5092 367 5164 Spiritus
392 5093 480 5147 sancti
507 5093 638 5148 instinctu
664 5102 693 5148 et
710 5094 839 5149 familiari
860 5094 925 5148 allo·
952 5094 1090 5162 injuriam
1115 5091 1310 5159 accipientem,
1338 5088 1482 5156 defendit,
1512 5088 1553 5140 ita
1574 5094 1604 5138 at
1622 5083 1787 5152 Aeppptiam

87 5179 155 5250 quio
184 5179 318 5248 profecti,
351 5179 398 5251 qui
424 5196 479 5232 non
503 5178 611 5232 faciunt
635 5179 727 5250 legem
753 5196 925 5235 communem
948 5185 1148 5249 prosterneret,
1167 5176 1235 5245 qnia
1255 5176 1390 5229 8111111111
1408 5175 1457 5238 ait,
1475 5175 1567 5242 Eripe
1584 5190 1654 5240 earn,
1675 5172 1807 5239 quida·

85 5283 141 5320 nec
157 5265 337 5320 introducunt
355 5265 512 5336 generalem
532 5264 655 5335 aliquam
672 5265 810 5336 regulam,
840 5265 926 5319 multo
952 5268 990 5320 cit
1009 5267 1050 5319 ad
1067 5272 1189 5318 mortem.
1226 5263 1281 5316 Sed
1300 5279 1334 5316 ex
1351 5262 1414 5315 Act.
1435 5268 1464 5330 1,
1486 5254 1516 5316 ’1.
1539 5265 1578 5315 25.
1600 5257 1741 5314 verissima
1759 5259 1788 5309 et

86 5351 182 5405 minus
204 5359 355 5421 praecepta
374 5351 515 5421 generalia
527 5356 663 5405 evertunt.
694 5351 727 5404 In
747 5351 840 5421 specie
859 5351 925 5405 dici·
953 5351 1104 5406 certissima
1122 5349 1262 5418 responsio
1281 5349 1399 5418 petitur,
1423 5347 1538 5416 Moysen
1557 5345 1689 5399 divinitus
1707 5359 1787 5397 voca·

85 5455 151 5491 mus
174 5441 195 5489 l.
216 5438 396 5493 Abrabemas
422 5455 476 5491 uon
502 5437 556 5491 fuit
581 5454 655 5491 mere
684 5437 824 5507 privatus,
851 5438 925 5508 quod
954 5446 1012 5492 tum
1032 5444 1060 5491 et
1077 5435 1225 5491 excitatum
1244 5434 1345 5502 fuisse,
1376 5440 1407 5486 ut
1430 5432 1586 5488 tirocinium
1604 5432 1724 5485 muneris
1745 5428 1787 5483 sui

83 5525 188 5580 velex
211 5541 244 5578 eo
267 5523 421 5596 colligitur,
449 5524 516 5595 quia
540 5522 639 5578 foedus
664 5530 839 5593 percusserat
861 5540 926 5577 cum
964 5540 997 5577 ac
1014 5521 1131 5577 bellicae
1148 5518 1317 5589 tortitudinis
1337 5519 1441 5574 ederet.
1467 5518 1663 5586 Existimabat,
1682 5514 1787 5569 intelli·
