4020 6014
192 334 253 393 364
410 328 416 333 '
780 324 905 383 bouus
924 321 1128 381 uouemus
1148 321 1329 391 QUARTUS

191 479 345 550 postulatos
369 478 520 534 Clementis
546 480 678 535 articulos
695 479 745 533 tali
771 479 851 547 dato,
873 487 902 532 at
918 494 1024 548 paren·
1057 485 1079 534 1.
1100 495 1143 547 op.
1162 477 1246 533 theol.
1267 478 1320 532 col.
1339 482 1403 533 681:
1421 476 1490 529 166
1504 476 1573 548 plns
1591 476 1661 529 66116
1679 475 1709 527 in
1727 474 1893 529 61160161-

191 573 249 619 tum
282 565 390 620 deliria
411 569 542 634 serenda
568 576 645 634 sunt,
674 565 715 618 ita
748 565 779 617 in
809 565 966 619 ciuitatibus
994 582 1027 616 66
1054 564 1145 616 aliano
1166 564 1329 617 dimicatum
1348 570 1398 618 cst.
1438 564 1502 615 Pus
1521 562 1693 630 1666166116,
1712 560 1893 627 invenienda,

192 651 375 720 religionibus
400 651 471 705 61116
490 654 630 726 quaedam
647 667 707 706 esse
727 652 945 718 dissimulanda,
960 652 1027 714 sun·
1054 650 1251 719 amplectenda
1263 646 1695 703 etmedisomnibueretinendu.
1718 646 1891 702 Α1101602.

192 740 354 791 dementum
372 737 402 790 in
420 738 539 791 60616616
555 738 674 790 retineri
691 745 820 806 oportere
840 743 892 792 etc.
924 735 1028 790 Golda·
1054 735 1157 805 prodiit
1191 735 1326 804 scriptum
1344 730 1532 802 ψευδώνυμον
1550 731 1666 787 Antonii
1701 731 1892 787 Bsnbellouae

192 823 262 877 etius
281 828 345 877 tom.
364 828 388 877 3.
408 823 516 878 constit
536 822 599 892 imp.
625 821 745 879 101596.
770 821 902 877 Wolffius
919 828 983 875 tom.
1003 826 1026 877 ².
1055 819 1090 875 de
1114 818 1298 886 Gaudentiis3
1328 819 1501 897 quadrienno
1529 823 1593 888 post
1621 816 1726 888 prodiit
1750 817 1780 871 11
1800 816 1891 872 lucem

192 907 483 979 1161101611101331.
522 907 649 963 imitetur
674 923 741 977 ergo
765 906 794 960 in
815 906 869 961 hoc
886 923 954 960 casu
971 922 1026 960 ma·
1053 905 1163 960 libellus
1194 905 1372 960 ecclesiarum
1398 904 1589 959 Palatinarum
1618 902 1836 958 exhortationem
1855 902 1890 957 ad

192 991 326 1063 gistrmus
344 992 481 1053 medicos,
506 992 555 1063 qui
576 992 606 1045 in
624 991 726 1046 morbis
745 991 921 1063 gravioribus
940 1007 1026 1062 quan·
1054 988 1178 1046 mutuam
1194 1008 1293 1063 pacem
1305 991 1349 1045 ‘ab
1368 990 1544 1062 Evangelicis
1562 989 1708 1045 colendam
1728 989 1890 1055 contineam

192 1078 284 1148 doque
311 1079 374 1148 plus
401 1077 550 1148 proliciunt
580 1077 750 1148 quiescendo
780 1093 864 1148 quam
891 1076 1027 1130 movendo
1053 1083 1223 1134 61101611.
1247 1077 1350 1147 prodiit
1374 1076 1512 1133 Irenicum
1533 1076 1648 1144 Parad,
1674 1075 1704 1129 in
1723 1091 1780 1146 quo
1805 1075 1891 1130 talem

192 1169 221 1218 et
238 1164 355 1234 agendo,
370 1163 554 1233 Hippocrates
574 1168 599 1220 2.
618 1163 713 1233 apbor.
734 1168 775 1219 29.
815 1162 943 1217 Imitetur
959 1180 1026 1216 666-
1054 1163 1266 1234 syncrctismum
1289 1163 1360 1218 serio
1384 1169 1466 1260 urget
1489 1180 1515 1233 p.
1534 1163 1617 1217 66*1
1659 1159 1715 1216 Sed
1742 1159 1807 1214 talis
1824 1178 1890 1230 syn·

191 1250 295 1314 cleros,
319 1249 451 1320 quicum
471 1255 568 1303 exorta
585 1248 614 1302 in
639 1249 708 1302 mari
735 1252 900 1318 tempestate
919 1263 951 1301 60
972 1264 1027 1318 quo
1053 1248 1196 1304 cretismus
1225 1255 1364 1319 repugnat
1391 1248 1491 1302 divmis
1514 1247 1652 1302 mandatis
1677 1252 1736 1301 tum
1761 1247 1790 1300 11
1815 1247 1891 1316 typis

191 1334 321 1405 cupiunt,
346 1350 464 1405 pergere
482 1351 537 1387 non
557 1339 688 1404 possunt,
708 1351 741 1389 eo
759 1352 814 1405 quo
832 1337 949 1404 possunt
967 1350 1027 1386 cur·
1053 1335 1119 1389 1161.
1144 1340 1188 1398 19,
1215 1354 1240 1388 v.
1265 1341 1304 1391 19.
1331 1335 1417 1390 Deut.
1438 1340 1485 1398 22,
1510 1352 1535 1389 1.
1562 1340 1586 1390 9.
1607 1340 1665 1387 tum
1683 1349 1814 1403 expresso
1832 1350 1891 1388 ser·

191 1437 252 1475 sum
272 1419 396 1491 dirigunt
414 1436 447 1473 ac
468 1435 552 1488 saepe
571 1417 754 1474 velificatione
773 1424 881 1473 mutata
898 1417 1027 1489 procellis
1054 1438 1134 1476 mone
1153 1421 1303 1490 propositis
1324 1426 1346 1476 2.
1365 1420 1427 1475 Gor.
1448 1426 1479 1488 6,
1505 1438 1529 1474 v.
1553 1426 1592 1475 ll.
1612 1425 1641 1474 et
1658 1437 1736 1491 seqq.
1755 1419 1846 1490 11106.
1865 1425 1890 1485 3,

191 1523 225 1560 ac
243 1505 455 1576 tempestatibus
473 1506 681 1575 obtemperant,
704 1521 739 1560 ne
762 1504 785 1557 si
803 1521 915 1559 cursum
933 1511 1028 1558 161616
1052 1523 1078 1562 v.
1113 1512 1151 1563 15.
1190 1505 1342 1560 labefactat
1369 1505 1436 1560 fidei
1465 1506 1600 1560 unitatem
1635 1522 1669 1560 ac
1701 1504 1889 1561 sinceritatem

190 1590 286 1658 velint,
303 1589 483 1662 naufragium
500 1589 614 1645 faciant.
645 1590 772 1645 Praestat
786 1589 909 1660 aliquam
924 1589 1027 1644 habere
1057 1597 1078 1646 l.
1098 1592 1160 1647 Cor.
1181 1598 1205 1655 5,
1221 1609 1246 1646 v.
1259 1598 1283 1648 6.
1307 1590 1461 1661 11661.
1481 1590 1889 1647 6111166161111611611161116-

191 1675 391 1746 rempublicam
416 1674 482 1729 licet
506 1673 590 1728 variis
616 1675 650 1729 de
670 1674 804 1747 religione
830 1674 950 1729 dissidiis
969 1682 1027 1729 tur·
1054 1694 1128 1731 mum
1152 1677 1285 1732 divinitus
1316 1677 1485 1748 prohibitum
1514 1684 1538 1733 2.
1563 1677 1634 1748 Reg.
1665 1684 1711 1744 16,
1740 1695 1766 1731 v.
1791 1682 1833 1732 33.
1861 1682 1890 1732 61

192 1762 286 1818 batam
311 1777 395 1832 quam
424 1760 545 1826 nullam;
570 1767 695 1831 praestat
721 1760 847 1816 subditos
866 1760 928 1831 pios
945 1777 1027 1816 verae
1054 1779 1162 1818 omnem
1198 1764 1341 1834 roligionis
1376 1781 1409 1818 ac
1444 1764 1557 1833 pietatis
1601 1764 1690 1818 zelum
1728 1763 1888 1834 exstinguit

111 1882 114 1889 .
191 1847 318 1919 religioni
337 1846 465 1901 addictos
482 1862 516 1900 ac
534 1847 611 1902 velut
629 1846 717 1927 lilium
738 1848 809 1902 inter
826 1847 922 1917 spinas
940 1846 1027 1900 diver·
1053 1846 1688 1918 **0011.Ρ61166111611Ε1.1116111666
1707 1867 1765 1901 non
1782 1849 1890 1902 mistim

194 1949 242 1989 sse
258 1931 403 2004 religionis
428 1931 612 1988 sectatoribus
631 1932 801 1987 intermixtos
826 1932 1027 1988 1161161661-
1054 1937 1203 1988 serendum
1221 1934 1405 2001 allegoricum
1416 1935 1527 1987 01616161
1541 1950 1599 1986 esse
1615 1942 1714 1987 contra
1726 1934 1889 2004 hypocrisin

194 2035 317 2080 6611616.
350 2034 435 2089 quam
467 2033 519 2088 161
547 2017 706 2073 violentiam
736 2017 907 2089 reipublicae
934 2017 1027 2072 navim
1054 2019 1086 2073 in
1104 2019 1195 2073 661116
1215 2026 1241 2071 61
1255 2019 1345 2083 factis
1365 2027 1390 2072 61
1408 2019 1584 2088 iniquitatem
1596 2036 1796 2088 quamcunque,
1816 2020 1889 2073 sicat

194 2105 305 2174 penitus
324 2107 456 2173 61611616.
488 2103 651 2159 Ammianus
667 2102 716 2159 111).
730 2110 771 2159 29.
785 2104 820 2159 (16
832 2103 1028 2161 Valentiniano
1054 2105 1137 2157 etde
1152 2104 1495 2159 66666616166616616
1518 2121 1551 2156 en
1573 2105 1643 2157 lana
1660 2113 1686 2157 61
1703 2105 1764 2160 lino
1782 2105 1888 2159 doctri·

193 2189 361 2259 imperatore
377 2194 520 2257 memorat,
541 2188 631 2258 ipsum
650 2187 704 2242 hoc
721 2188 908 2247 moderamine
926 2189 1027 2259 princi·
1055 2207 1120 2243 nam
1138 2190 1247 2248 falsam
1264 2205 1348 2243 verae
1365 2207 1421 2243 non
1437 2190 1616 2254 miscmdam,
1634 2189 1721 2243 61166
1732 2190 1889 2245 secularem

192 2279 275 2345 patus
289 2272 458 2343 inclaruisse,
479 2275 557 2342 quod
569 2274 642 2328 inter
654 2275 824 2342 religionum
836 2273 1028 2328 diversitatem
1054 2274 1188 2342 relipioeo
1206 2274 1302 2328 161116
1314 2292 1369 2328 non
1381 2274 1630 2328 emanandum*
1659 2274 1827 2330 loviniauus
1839 2276 1888 2330 im·

192 2361 302 2414 6661166
348 2360 472 2427 steterit,
517 2376 567 2413 nec
615 2375 774 2428 quenquam
822 2360 1028 2428 inquietaverit,
1053 2365 1164 2429 perator
1192 2358 1358 2414 Antiochcni
1383 2359 1493 2415 concilii
1517 2359 1645 2430 patribus
1670 2361 1831 2431 respondit,
1858 2378 1888 2415 66

191 2460 243 2499 nec
268 2445 427 2499 interdictis
473 2445 630 2499 6116661666
677 2445 856 2500 subditorum
905 2445 1027 2499 ceruices
1053 2446 1159 2499 nemini
1182 2446 1401 2515 mmlemonnqne
1426 2448 1511 2511 fide-m
1534 2445 1717 2514 amplexanti
1733 2430 1889 2501 molestiam

159 2574 162 2579 .
191 2532 234 2585 ad
250 2530 290 2599 id,
308 2531 386 2600 meod
399 2530 461 2600 1166
479 2531 594 2598 colebat,
611 2531 773 2595 inclinaret,
795 2533 848 2585 sed
862 2532 914 2585 1166
928 2539 1027 2600 partes
1054 2531 1252 2599 aedilitiorum,
1278 2533 1331 2584 sed
1352 2547 1400 2586 666
1422 2539 1538 2600 praeter
1569 2539 1675 2587 ceterm
1699 2532 1890 2588 bmteoolentia

192 2617 372 2670 intemeratos
389 2616 544 2685 reliquerit.
581 2616 642 2672 lac.
654 2617 730 2689 Aug.
750 2616 884 2672 Thuanus
900 2616 930 2670 in
948 2633 1027 2686 prae·
1054 2624 1081 2671 61
1104 2617 1208 2671 nonore
1228 2624 1457 2687 prosecuturum,
1482 2618 1533 2686 qui
1555 2616 1689 2671 corkaiae
1709 2619 1753 2670 ad
1775 2636 1888 2674 concor-

191 2701 241 2757 fat
268 2716 336 2756 suae
362 2701 458 2759 histor.
484 2707 619 2770 testatur,
649 2701 803 2756 Hsnricum
832 2701 884 2756 IV.
915 2701 1027 2758 Galliae
1054 2703 1132 2756 diam
1151 2703 1337 2756 adducendae
1362 2708 1492 2756 auctores
1514 2710 1611 2756 essent.
1649 2701 1777 2761 Socrates
1795 2704 1843 2763 lib.
1864 2710 1889 2760 ³.

191 2803 286 2860 regem
303 2804 335 2841 eo
353 2787 430 2857 ipso,
459 2789 538 2856 quod
560 2788 786 2842 Protestantibns
809 2786 839 2840 in
863 2804 915 2841 666
940 2805 1026 2856 reone
1053 2786 1117 2842 11161.
1133 2787 1199 2843 eccl.
1218 2803 1241 2842 c
1260 2792 1302 2845 21.
1319 2786 1392 2842 idem
1410 2793 1503 2843 tamen
1522 2788 1653 2860 quoniam
1671 2797 1805 2859 perpetuo
1824 2789 1889 2846 fidei

192 2873 315 2945 61616166
338 2873 499 2942 promiserit
525 2875 632 2939 sedem,
661 2874 864 2943 rempublicam
888 2875 1027 2928 labentem
1053 2871 1297 2928 consubstantialis
1311 2871 1483 2936 adhaeserat
1500 2873 1613 2946 reliquis
1624 2875 1764 2946 episcopis
1777 2893 1888 2947 respon·

185 2957 329 3027 ]61611666.
355 2957 462 3013 .Plura
492 2958 618 3028 exempla
648 2958 823 3013 adducentur
852 2957 968 3014 inferlm
997 2959 1027 3013 in
1053 2958 1106 3027 dit,
1121 2973 1151 3013 se
1170 2975 1232 3013 eam
1245 2959 1336 3028 fidem
1353 2958 1570 3027 praelatarum,
1598 2962 1674 3013 66116
1698 2961 1889 3017 Athanasium

192 3043 362 3115 quaestione,
374 3059 411 3098 an
422 3043 555 3100 haeretici
567 3042 724 3115 capitaliter
734 3043 889 3114 puniendi?
907 3048 932 3100 1.
945 3045 1025 3098 Inter
1053 3044 1269 3098 Alexandrinae
1287 3044 1420 3098 molesios
1435 3044 1558 3098 restituit
1569 3053 1596 3098 et
1607 3047 1754 3112 96661166
1766 3047 1887 3103 deleme

193 3129 412 3200 6616666616
442 3130 590 3198 1611116616
621 3129 812 3183 diversitatem
843 3136 869 3183 et
893 3131 1026 3198 publicas
1054 3130 1165 3199 6166111,
1187 3128 1236 3184 lib.
1261 3128 1350 3200 ejusd.
1374 3146 1400 3184 c.
1418 3135 1459 3185 20.
1500 3130 1534 3184 11
1557 3131 1674 3202 imperio
1690 3133 1817 3189 Romano
1838 3152 1888 3205 per

193 3214 388 3286 blasphemias.
434 3215 567 3281 Quamvis
591 3215 665 3269 enim
689 3214 771 3270 certis
797 3214 968 3284 temporibus
986 3215 1026 3270 di·
1054 3214 1274 3286 pacificationem
1288 3213 1499 3269 Passaviensem
1519 3223 1680 3272 61101552.
1701 3217 1799 3273 initam
1819 3221 1887 3275 etin

193 3301 308 3357 versitas
321 3300 514 3373 religionuma
527 3301 692 3371 magistratu
705 3299 818 3355 tolerari
826 3301 923 3370 possit,
934 3307 1027 3357 tamen
1053 3299 1172 3355 comitiis
1208 3299 1317 3370 imperii
1353 3305 1451 3369 postea
1485 3299 1675 3356 confirmatam
1704 3303 1888 3375 Augustanus

194 3386 217 3441 61
236 3385 400 3441 manifestae
420 3385 557 3441 accedant
574 3385 779 3456 blasphemiae,
797 3402 845 3440 eas
863 3386 942 3441 nullo
960 3393 1028 3442 tem·
1055 3385 1234 3442 confessionis
1252 3391 1280 3441 et
1298 3385 1462 3441 Pontificius
1478 3384 1621 3457 religionis
1640 3389 1800 3444 exercitium
1819 3390 1886 3447 libe

194 3471 269 3541 poris
292 3471 337 3526 vel
363 3471 546 3540 periculorum
575 3477 702 3539 respectu
728 3469 824 3526 habito
849 3472 1028 3544 magistratus
1055 3490 1116 3527 rum
1132 3477 1176 3527 est
1192 3471 1370 3542 permissum,
1388 3471 1499 3527 interim
1517 3476 1611 3527 tamen
1628 3489 1805 3545 nequaquam
1823 3493 1887 3531 cum

194 3573 288 3614 661616
317 3554 484 3612 coercendas
515 3560 628 3610 statuat.
683 3561 709 3609 5.
739 3558 819 3610 Inter
849 3558 1028 3611 dioerearnm
1054 3556 1209 3612 Pontificiis
1227 3557 1366 3629 quendam
1389 3557 1532 3629 religionis
1558 3560 1771 3629 syncretismum
1789 3562 1886 3633 Augu·

193 3644 363 3713 religionum
381 3643 562 3696 tolerantiam
578 3649 713 3695 eteorum
726 3643 967 3711 approbationem.
998 3644 1028 3701 si
1055 3648 1152 3698 stanae
1169 3641 1348 3698 confessionis
1365 3642 1433 3698 socii
1460 3642 1653 3711 instituerunt,
1676 3646 1726 3700 aed
1744 3646 1887 3716 politicam

194 3729 239 3784 161
259 3727 376 3782 maxime
395 3727 504 3799 cogitur
522 3726 701 3798 magistratus
712 3728 748 3782 sd
762 3728 921 3783 evitandum
938 3731 1028 3800 majus
1055 3730 1190 3785 duntaxat
1208 3745 1306 3798 pacem
1319 3728 1447 3784 cumillis
1459 3728 1561 3786 colunt.
1595 3732 1615 3786 7.
1628 3730 1709 3783 [nter
1720 3739 1887 3799 potestatem

195 3814 298 3872 malum
327 3814 450 3870 diversas
477 3812 626 3885 religiones
653 3814 683 3868 in
713 3830 763 3868 suo
790 3832 877 3886 regno
903 3815 1028 3885 tolerare,
1054 3815 1236 3882 mapistratus
1261 3814 1379 3868 liberam
1406 3832 1440 3868 ao
1463 3816 1630 3869 restrictam.
1672 3815 1791 3881 Quando
1813 3819 1889 3888 prin·

194 3918 250 3957 uon
266 3909 360 3956 tamen
380 3899 464 3954 debet
481 3899 591 3954 easdem
610 3899 779 3970 approbare,
804 3901 853 3956 sed
874 3901 1029 3957 dissensum
1056 3918 1122 3971 ceps
1141 3900 1256 3955 liberam
1276 3906 1305 3954 et
1316 3899 1471 3956 absolutam
1484 3899 1570 3955 habet
1583 3905 1758 3972 potestatem,
1777 3905 1888 3975 quantis

195 4005 275 4042 suum
301 3984 415 4056 publice
442 3985 539 4041 testari
569 3991 599 4039 61
626 3984 784 4041 libertatem
812 3986 889 4040 illam
917 3989 1028 4058 quantis
1055 3992 1148 4056 potest
1164 3985 1269 4039 viribus
1286 3985 1354 4040 eniti
1375 3984 1466 4048 debet,
1484 3991 1516 4039 ut
1533 4002 1589 4039 una
1607 3987 1695 4041 solum
1715 4004 1805 4059 eaque
1823 4006 1889 4045 vara

195 4072 338 4130 commode
362 4075 456 4141 potest
480 4070 614 4126 limitibus
639 4071 815 4143 restringere.
858 4072 893 4126 In
917 4074 1029 4129 turbato
1054 4072 1152 4144 religio
1179 4071 1208 4127 in
1237 4072 1294 4125 6116
1323 4071 1417 4143 vigeat
1441 4071 1604 4142 provinciis,
1636 4073 1686 4127 sed
1714 4074 1736 4127 si
1765 4082 1888 4145 potestas

196 4159 245 4215 illo
265 4156 434 4228 reipublicae
459 4162 535 4213 statu
558 4158 737 4229 magistratus
761 4157 884 4212 sardium
901 4161 1029 4213 6611161111
1055 4158 1188 4229 principis
1202 4165 1245 4214 est
1261 4159 1396 4226 restricta,
1416 4157 1542 4212 diversae
1559 4157 1686 4228 religioni
1701 4160 1792 4215 locum
1806 4163 1888 4216 relin-

195 4253 220 4299 et
233 4245 364 4301 caritatis
374 4244 526 4312 prudentia
538 4249 722 4314 temperatum
734 4244 794 4313 ipso
806 4243 881 4300 facto
894 4253 1028 4303 exerceat.
1055 4261 1139 4315 quere
1157 4244 1275 4316 cogitur.
1310 4242 1425 4313 Duplici
1444 4250 1537 4298 autem
1557 4244 1639 4298 modo
1660 4245 1822 4317 contingere
1839 4264 1888 4317 po·

200 4332 333 4388 Veritatis
352 4330 476 4384 studium
490 4329 617 4401 jubebit,
631 4337 663 4385 ut
678 4329 798 4400 publicis
816 4330 926 4385 indiciis
946 4336 1029 4387 testa-
1055 4337 1116 4399 test,
1136 4336 1169 4384 ut
1184 4329 1316 4399 principis
1333 4334 1457 4399 potestas
1470 4328 1500 4382 in
1511 4328 1563 4383 boc
1580 4329 1693 4399 negotio
1705 4330 1742 4385 sit
1753 4333 1888 4388 restricta

194 4425 254 4473 1111
272 4417 366 4480 faciat,
384 4415 484 4472 falsam
497 4416 666 4488 religionem,
687 4415 846 4471 etiamcum
858 4416 1029 4487 toleratur,a
1056 4415 1149 4470 Primo
1168 4415 1192 4468 si
1211 4413 1321 4486 legibus
1345 4415 1453 4484 imperii
1482 4413 1740 4471 fundamentalibus
1766 4417 1796 4471 11
1814 4418 1889 4488 capi·

195 4521 225 4560 sc
251 4503 409 4574 improbari.
447 4503 585 4557 06166116
601 4504 677 4556 relus
695 4502 838 4565 suadebit,
856 4507 889 4557 ut
906 4503 1029 4558 subdito
1056 4501 1198 4567 tulatione,
1219 4516 1302 4570 quam
1322 4499 1361 4554 ita
1377 4506 1486 4566 vocant,
1502 4499 1650 4569 propositis
1670 4501 1706 4555 ad
1719 4502 1889 4558 divemarum

194 4607 256 4645 rum
282 4587 364 4643 saluti
394 4595 423 4643 et
448 4587 632 4642 incolumitati
660 4588 786 4642 consulat
820 4587 904 4659 inque
936 4605 1030 4643 omnes
1055 4586 1219 4658 religionum
1231 4584 1406 4640 tolerantiam
1418 4601 1448 4638 sc
1459 4584 1699 4653 obstrinxit3tunc
1710 4588 1747 4642 ab
1761 4587 1811 4643 1116
1829 4607 1891 4659 111·

165 4738 168 4743 ,
195 4674 354 4732 amasiones
370 4674 408 4727 sit
424 4673 556 4740 intentus,
577 4671 677 4742 quibus
695 4680 819 4728 61161166
837 4679 865 4727 61
882 4673 1029 4728 seductiin
1057 4671 1203 4735 missione,
1229 4669 1391 4740 praesertim
1420 4669 1443 4722 si
1467 4670 1626 4738 jnramento
1657 4671 1819 4728 confirmata
1847 4675 1891 4742 sit,

195 4762 269 4817 viam
296 4758 420 4815 veritatis
448 4756 545 4812 reduci
573 4764 602 4813 et
628 4757 762 4812 ecclcsiae
788 4774 870 4812 verae
900 4759 1031 4813 associari
1058 4757 1199 4813 discedere
1218 4756 1379 4826 neutiquam
1397 4754 1488 4818 debet,
1509 4773 1544 4811 ne
1563 4756 1678 4827 perjurii
1697 4757 1801 4813 6111161
1817 4776 1890 4814 com-

195 4847 310 4918 possint.
347 4844 507 4898 Prudentia
525 4850 657 4914 suggeret
673 4844 786 4897 modum
804 4860 838 4897 ac
854 4844 954 4911 media,
972 4845 1031 4916 qui·
1058 4843 1151 4897 mittat
1169 4848 1198 4896 et
1213 4857 1313 4895 nomen
1331 4838 1385 4895 Dei
1405 4839 1590 4911 blasphemari
1610 4842 1709 4910 faciat,
1735 4860 1791 4914 qua
1810 4844 1845 4898 de
1860 4862 1891 4899 re

81 4927 1032 4999 1111116166116111666161111111,61661116661616611(11661,116
1058 4930 1142 4999 paulo
1164 4934 1230 4999 post
1255 4926 1372 4999 plenius.
1415 4928 1526 4984 Deinde
1550 4934 1579 4984 et
1607 4929 1740 4999 principis
1768 4935 1891 4999 potestas

196 5016 391 5086 intempestiva
418 5013 565 5069 severitate
597 5014 804 5082 abstineantur,
837 5014 885 5085 qui
919 5015 1087 5087 lenitatsin
1112 5013 1288 5085 prohibenda
1311 5013 1454 5085 religionis
1478 5015 1637 5071 diversitate
1665 5015 1792 5070 restricta
1816 5016 1891 5086 judi·

197 5092 325 5173 potarant
344 5100 420 5154 flecti
440 5106 525 5172 atque
551 5100 662 5170 corrigi.
700 5104 725 5154 6.
745 5101 825 5154 Inter
840 5118 942 5170 paoem
957 5092 1046 5169 poli-l
1059 5100 1156 5166 canda,
1174 5098 1316 5169 sipartsm
1328 5099 1469 5170 quandam
1479 5100 1626 5170 potestatis
1639 5117 1765 5170 proceres
1784 5101 1892 5173 imperii

196 5190 281 5243 ticam
307 5195 334 5240 et
362 5187 572 5255 synmatismnm
605 5184 748 5242 ecclesiae.
796 5187 872 5241 Inter
907 5164 1319 5297 (1116161616111116661161111,
1347 5184 1467 5255 quinon
1487 5185 1543 5239 sint
1562 5201 1636 5239 mere
1656 5185 1775 5253 subditi,
1793 5187 1842 5241 sed
1862 5187 1890 5241 in

195 5272 336 5345 religionis
357 5271 483 5325 addictos
504 5270 631 5325 subditos
649 5286 746 5340 pacem
766 5271 906 5340 politicam
924 5269 1225 5383 sancirelconsortium
1245 5268 1359 5340 aliquod
1378 5269 1524 5340 potestatis
1536 5271 1654 5339 16061111
1669 5276 1736 5324 tunc
1751 5271 1823 5325 enim
1835 5289 1891 5327 non

195 5365 286 5429 potest
306 5358 449 5427 princeps,
476 5356 525 5411 sed
548 5352 691 5424 religionis
713 5356 852 5427 quendam
885 5352 1464 5425 611616116-110166116666161116161116
1486 5353 1584 5408 mediis
1604 5360 1693 5409 status
1711 5372 1745 5410 ac
1762 5373 1891 5426 proceres

194 5463 270 5500 mum
283 5443 459 5498 introducere
470 5449 648 5512 nequaquam
661 5443 752 5500 debet.
777 5441 1031 5512 ”Syncretismum
1059 5439 1184 5495 diversae
1201 5440 1328 5512 religioni
1347 5440 1475 5495 addictos
1493 5443 1633 5508 60116616,
1653 5440 1702 5495 sed
1720 5439 1892 5513 6116661166

195 5531 274 5586 illum
291 5533 426 5598 perpetuo
438 5532 540 5600 urgent
557 5524 720 5584 Calviniaui
731 5528 832 5583 11610.
849 5526 952 5584 lunius
964 5530 1030 5581 tom.
1058 5525 1088 5579 in
1099 5525 1241 5598 religionis
1251 5525 1364 5599 negotio
1375 5524 1444 5596 ipsis
1457 5523 1568 5596 cogitur
1579 5524 1743 5595 relinquere.
1773 5529 1798 5582 8.
1811 5527 1891 5581 Inter
