4020 6014
205 287 266 344 reo
724 256 729 265 '
783 278 907 337 nocue
923 275 1130 336 vrcaamua
1146 277 1328 345 oumuus

205 434 261 488 4144
282 435 386 503 probat
410 434 444 489 iet
466 434 662 500 utilissimum,
687 449 797 504 semper
823 440 916 487 tamen
939 431 1041 503 excipit
1068 434 1205 488 adoerna
1232 451 1323 503 arma,
1351 435 1470 500 44411444,
1501 433 1610 490 Gothos
1634 448 1747 504 pureque
1764 433 1906 502 1444444444

205 520 375 590 supplicium
399 522 513 594 mertis,
538 539 594 576 444
620 523 697 590 quod
711 521 779 576 41144
797 519 849 575 lios
866 536 922 575 nen
939 518 1042 574 mereri
1066 535 1146 574 meae
1163 537 1246 574 arena
1262 529 1340 591 44444,
1359 523 1432 578 talia
1449 522 1524 576 enim
1541 528 1608 575 sunt
1623 519 1800 575 munimenta
1816 536 1905 574 444444·

203 612 326 674 putaret,
343 607 396 660 sed
414 612 472 660 44444
490 606 561 675 quia
580 607 633 660 1444
650 608 749 661 amere
766 604 900 660 4441441444
913 619 1040 661 mansue·
1062 605 1156 678 444414,
1179 605 1264 661 aliter
1281 624 1330 662 nm
1348 606 1448 676 debeo,
1472 625 1522 662 444
1536 623 1655 678 pessum
1672 605 1819 661 resistere.
1852 604 1904 662 Na·

206 691 332 744 tudinem
349 691 540 761 4444144444,
562 699 620 749 tum
645 693 729 747 etiam
751 692 820 761 quia
836 693 961 746 44444444
979 689 1041 744 ulla
1067 690 1217 746 4144444444
1235 693 1403 749 sarmada
1422 709 1509 764 paee:
1527 693 1696 748 Adrianus
1713 690 1812 746 444144
1826 690 1904 761 peni

206 777 333 830 44444444
350 777 397 831 len
414 778 633 847 imperatorum,
650 795 707 848 qua
723 776 862 833 lunatici
874 778 1042 847 juberentur
1134 778 1170 831 ab
1192 778 1263 832 44111
1282 778 1389 834 0441444
1408 780 1532 834 (41144444
1549 787 1576 834 et
1598 779 1672 847 illis,
1699 776 1751 848 prii
1769 777 1904 832 44444144

207 861 326 930 4441444.)
358 859 570 934 chrysostomus
582 863 654 920 horu.
670 869 711 922 41.
730 863 761 919 in
772 861 873 919 Mntth.
889 862 973 933 capit
995 866 1041 917 13:
1067 862 1174 927 444444,
1191 864 1415 934 relinquendum
1444 864 1587 921 arnobius
1598 862 1647 919 lib.
1661 869 1684 919 1.
1696 867 1798 919 oenus
1809 865 1905 934 3441444

81 943 273 1001 Χ1111111144
292 948 425 1018 probibet
447 951 589 1004 1444414444
616 949 807 1005 conmutato
837 949 1041 1004 hamaicorum
1067 964 1094 1018 p.
1128 953 1173 1006 14:
1209 947 1318 1003 Christi
1344 952 1505 1019 mapistnio
1536 959 1563 1005 et
1591 951 1701 1020 lepibur
1733 949 1903 1019 accepisses,

208 1033 367 1104 dampere,
390 1051 443 1088 era
468 1035 624 1103 obstruere,
651 1036 808 1090 libertem
824 1034 961 1104 loquendi
978 1049 1041 1086 444-
1066 1041 1193 1088 ncstrnm
1206 1036 1440 1105 44441ωῂ44444
1450 1054 1535 1108 quam
1546 1037 1642 1092 411444
1654 1036 1791 1106 polluere
1807 1051 1905 1088 masas

206 1121 308 1218 ridere,
321 1135 417 1174 ueruen
424 1122 558 1190 probibet
566 1122 725 1192 interficere
736 1138 771 1175 ac
783 1121 939 1175 4444141444.
962 1116 1042 1172 idem
1068 1128 1094 1174 et
1112 1122 1312 1175 somniantium
1332 1138 1441 1177 cruore.
1477 1129 1503 1179 4.
1520 1121 1735 1178 Conversionem
1751 1118 1904 1176 1444441144

207 1205 236 1260 in
255 1222 335 1260 serm
355 1207 389 1262 de
406 1207 562 1264 anathem:
577 1206 885 1275 Haereticissatislieri
896 1204 1042 1274 oportebat
1067 1223 1129 1261 rum
1155 1208 1370 1278 exspectandam
1397 1224 1457 1265 esse
1491 1209 1647 1263 admonsm.
1688 1206 1906 1278 chysostomus

205 1308 332 1346 sermone
346 1294 534 1361 redarpuente
546 1310 680 1361 44444444,
698 1290 946 1364 quiinerudcscit;
963 1291 1041 1358 dece,
1067 1290 1906 1365 144444114414441448444444444444444144414444114414,

206 1378 257 1444 444,
276 1377 431 1432 1414414444
448 1379 582 1433 erudiens
594 1395 650 1445 eos,
663 1396 713 1448 qus
707 1378 870 1445 4444444444,
888 1376 1040 1445 siquando
1067 1394 1102 1431 ea
1118 1379 1262 1444 frumenta
1279 1379 1455 1449 deperibunt,
1471 1395 1543 1450 quae
1560 1397 1580 1433 a
1591 1379 1770 1434 4444444444
1789 1377 1905 1432 menits

206 1464 253 1516 det
270 1463 332 1517 11114
351 1464 431 1517 Deus
453 1464 656 1533 poenitentiam
679 1466 721 1519 ad
743 1463 951 1534 apncssendam
969 1461 1041 1515 4444·
1062 1466 1254 1533 provenirent.
1288 1463 1500 1537 Hieronymns'
1491 1481 1521 1519 m
1539 1481 1565 1522 4
1581 1470 1605 1520 2.
1622 1462 1759 1519 Hoseae
1750 1480 1782 1517 m
1800 1462 1904 1535 prinu:

205 1555 300 1606 tatem.
339 1547 378 1602 Et
395 1553 506 1618 postea:
536 1551 595 1604 Oro
614 1567 678 1618 444,
704 1566 739 1604 ns
763 1550 832 1604 baec
848 1548 934 1602 44444
952 1553 1041 1600 mente
1068 1549 1093 1602 0
1123 1548 1247 1603 leminea
1275 1550 1365 1604 tribus
1391 1544 1487 1620 Juda,
1513 1551 1602 1605 nolite
1632 1552 1788 1620 desperare
1812 1552 1905 1604 4444444

205 1633 283 1688 44414
307 1633 445 1688 4441414444.
469 1637 611 1702 Dcpmata
628 1636 718 1705 impia
735 1643 761 1689 et
778 1649 851 1704 quae
870 1634 906 1688 ab
924 1631 1041 1687 4444444-
1067 1634 1188 1689 tribuum
1213 1635 1345 1702 44144444,
1370 1638 1423 1691 secl
1444 1653 1505 1690 eam
1529 1636 1653 1706 pmtidie
1678 1643 1705 1690 et
1727 1651 1858 1689 sermons
1880 1641 1905 1689 et

206 1720 247 1773 cis
261 1721 398 1789 profecta
408 1727 479 1785 44444,
498 1736 616 1788 44444444
631 1722 739 1791 oprtet
759 1727 786 1774 et
798 1718 1042 1786 anmnemotiears,
1067 1727 1138 1789 octo,
1162 1729 1190 1774 et
1210 1738 1266 1793 per
1283 1722 1384 1776 1144444
1408 1723 1450 1775 ael
1464 1720 1665 1790 poenitentiam
1681 1727 1840 1792 prosecute
1853 1725 1905 1776 ete.

206 1805 363 1859 hominibus
381 1813 473 1860 autem
490 1808 667 1876 parcendum
685 1814 713 1859 et
726 1822 783 1876 pro
801 1805 894 1860 salute
914 1804 1041 1873 ipsorum
1067 1807 1119 1861 444
1142 1807 1217 1862 idem
1241 1807 1321 1862 44444
1332 1808 1525 1877 praecipitia,
1550 1823 1586 1861 444
1610 1807 1770 1861 4444441444
1793 1807 1906 1875 penitus

207 1893 357 1946 orandum.
392 1890 506 1948 3.(144141
530 1892 664 1948 eeclesiae
689 1889 865 1948 Christianae
883 1897 1041 1944 mansuetu·
1068 1894 1259 1962 desperemus,
1283 1895 1336 1947 sed
1359 1907 1541 1965 prouocemus
1568 1894 1611 1946 ad
1631 1892 1852 1961 poenitentiam,
1879 1899 1906 1947 et

207 1975 272 2030 dine
289 1974 490 2032 haeretieorum
510 1976 675 2033 munionem
702 1981 732 2032 44
751 1975 972 2047 persecutionem
989 1989 1041 2043 pu·
1067 1978 1184 2033 1114444
1191 1980 1319 2034 matutam
1337 1979 1534 2049 perennantes
1552 1986 1677 2049 optemus
1693 1981 1807 2050 affectu
1846 1979 1905 2034 An·

206 2078 294 2133 gnare
322 2066 456 2118 asserunt
500 2061 626 2117 Hilarius
651 2063 681 2116 in
708 2061 781 2117 libro
807 2060 843 2115 sd
869 2058 1040 2115 Auxentium
1068 2064 1196 2137 guntinus
1218 2063 1254 2120 de
1278 2063 1409 2135 baptism.
1433 2069 1531 2139 spntra
1556 2063 1696 2119 Donnfist.
1721 2063 1772 2119 lib.
1799 2070 1825 2120 4.
1845 2068 1904 2120 ut

206 2163 234 2217 p.
260 2152 324 2204 24144
351 2147 487 2202 Misereri
512 2148 579 2204 11444
602 2155 718 2202 noerae
742 2147 844 2201 44444414
871 2146 996 2202 laborem
1016 2152 1042 2198 et
1067 2151 1142 2206 eirea
1157 2150 1243 2206 modu
1263 2149 1355 2205 Mutet
1372 2150 1423 2220 qm·
1437 2159 1536 2220 apem
1552 2150 1630 2216 fon}
1647 2157 1713 2204 44444
1727 2157 1755 2204 es
1771 2149 1907 2207 44444444·

204 2233 393 2302 praesentium
402 2240 557 2305 ternpcrum
565 2234 668 2289 stssltas
676 2233 822 2303 opiniones
831 2232 1043 2300 eonpemiscere,
1067 2237 1258 2308 appellantur,
1276 2236 1373 2290 44441414
1384 2243 1410 2290 et
1428 2236 1508 2289 44414
1521 2235 1676 2291 0444414414
1687 2235 1820 2290 mlieres
1830 2242 1903 2293 44441.

208 2319 309 2388 qutun
325 2320 507 2388 patrocinari
524 2321 588 2373 Deo
616 2319 738 2373 annana
762 2320 929 2386 creduntur,
951 2323 979 2370 44
1002 2318 1044 2370 aa
1070 2323 1146 2386 4444
1169 2324 1243 2377 enin
1259 2322 1316 2376 sins
1337 2310 1439 2390 noae,
1460 2322 1606 2387 aarum
1630 2321 1701 2391 qma
1723 2338 1791 2375 eras
1806 2321 1905 2388 nume

209 2407 342 2459 tuendam
364 2405 472 2461 01441441
490 2406 635 2461 malasiam
653 2405 803 2459 4444144444
822 2403 948 2465 4444414441
965 2402 1042 2455 lado·
1066 2416 1139 2476 sunt,
1150 2408 1322 2478 ipncramus.
1351 2413 1376 2464 4.
1389 2405 1494 2462 &ntra
1505 2406 1642 2471 haereses,
1659 2410 1758 2477 utpote
1770 2405 1904 2461 doliolum

208 2501 291 2548 ratur
308 2498 362 2548 ete.
397 2493 481 2546 Nunc
496 2493 570 2562 prole
587 2493 681 2562 dolor,
699 2493 825 2546 diuinam
838 2493 924 2557 tidem
940 2490 1042 2559 suffra·
1068 2492 1212 2566 spirituale
1224 2509 1304 2548 arma
1316 2491 1472 2563 spiritualia
1479 2491 1639 2547 adhibenda
1650 2491 1903 2562 ssssprsseipiunt

207 2579 257 2646 pia
270 2586 383 2632 44444444
394 2579 596 2646 commendant,
614 2584 701 2632 444444
713 2576 821 2631 44411114
838 2584 863 2630 et
882 2575 1043 2631 carceribus
1066 2579 1253 2650 Hieronymus
1278 2577 1308 2631 in
1335 2577 1451 2649 praefat
1478 2577 1571 2634 11144
1595 2593 1693 2634 eornm.
1718 2576 1749 2631 in
1774 2576 1903 2632 1444144444

209 2664 335 2731 44414414,
354 2663 436 2718 credi
449 2662 505 2716 4141
522 2663 605 2732 capit,
623 2678 696 2731 quas
714 2661 823 2717 44441114
841 2667 867 2714 et
884 2659 1043 2714 carceribus
1070 2663 1305 2736 Superbissimam
1323 2662 1454 2718 tamesin
1475 2664 1624 2734 spirituali
1646 2680 1779 2729 4444444444
1797 2670 1905 2718 44444444-

209 2758 250 2805 est
267 2750 387 2816 44441144,
404 2750 490 2817 supet
505 2749 675 2812 sacerdotes,
693 2764 766 2817 quae
781 2747 894 2817 fupatis
911 2747 1042 2800 444444414-
1066 2768 1136 2807 mus.
1182 2748 1364 2806 4841111444
1388 2748 1612 2819 exstirpationem
1637 2746 1841 2804 huuetiecrum
1862 2763 1904 2802 re·

209 2836 282 2890 tibus
296 2841 468 2904 propapata.
504 2832 611 2888 *tcum
634 2832 767 2889 fervidior
785 2832 931 2905 spiscopus
951 2830 1042 2886 Theo·
1067 2837 1163 2892 liotam
1179 2838 1426 2890 emensurarent
1462 2832 1621 2904 Cyprianus
1638 2832 1710 2887 libro
1731 2838 1755 2889 3.
1776 2832 1857 2904 epist
1878 2836 1903 2887 3.

209 2921 303 2976 deeius
330 2919 485 2975 haereticos
510 2919 580 2975 urbe
612 2924 642 2973 44
670 2919 745 2990 agris
777 2918 911 2989 pelleret,
941 2924 1042 2971 amira
1068 2923 1104 2978 ad
1117 2921 1270 2978 Maximum
1282 2919 1438 2987 Urbanum,
1457 2917 1601 2973 Sidonium
1618 2924 1647 2974 et
1657 2917 1812 2974 1144441444
1830 2917 1956 2974 'ciream

208 3023 313 3062 morem
332 3006 466 3060 ecclesiae
487 3006 657 3060 micaenas
674 3005 727 3058 444
743 3004 848 3071 fuisse,
864 3019 937 3071 quae
957 3002 1042 3056 nemi·
1068 3008 1166 3063 finem:
1188 3005 1345 3076 Apostolus
1366 3006 1397 3058 in
1421 3005 1541 3076 epistola
1557 3020 1610 3059 sua
1629 3005 1742 3060 scribit:
1766 3005 1803 3059 In
1822 3006 1905 3059 444444

210 3109 272 3146 nem
286 3091 421 3162 persequi
439 3091 619 3158 conmeuerit,
640 3090 769 3145 Socrates
780 3088 843 3144 libr.
863 3095 888 3143 Ι1.
907 3087 999 3158 eapite
1018 3093 1043 3142 ³.
1069 3101 1161 3146 numm
1175 3109 1280 3162 mapna
1293 3108 1349 3145 non
1361 3091 1453 3145 solum
1464 3097 1529 3144 sunt
1538 3107 1608 3144 uasa
1618 3107 1708 3144 aurea
1720 3097 1748 3143 44
1759 3098 1905 3160 arpentea,

210 3181 337 3234 testatur.
349 3176 547 3232 Constantinus
560 3175 709 3246 imperator
721 3173 797 3245 apud
809 3172 961 3228 Eusebium
972 3173 1044 3228 libre
1069 3182 1122 3233 sed
1141 3184 1167 3232 et
1184 3178 1279 3245 lipnea
1296 3183 1323 3229 et
1336 3175 1457 3245 fictilia,
1481 3183 1509 3229 st
1530 3177 1672 3244 4444441444
1690 3175 1803 3244 quidem
1822 3175 1910 3230 4444·

211 3264 246 3319 de
269 3263 318 3318 rit
344 3261 487 3321 Constmt
512 3260 597 3331 sapit
616 3265 664 3316 384
694 3261 728 3313 114
750 3274 873 3313 summae
891 3259 1045 3313 dementiae
1070 3271 1143 3332 rata,
1162 3264 1304 3332 quaedam
1318 3277 1384 3315 4444
1398 3260 1576 3314 internata.
1601 3261 1664 3314 Nos
1678 3276 1795 3330 operam
1808 3261 1909 3314 demus
1943 3298 1946 3302 -

211 3357 252 3404 est
276 3364 386 3416 sorum,
415 3346 466 3415 qui
490 3346 521 3399 in
544 3346 686 3414 relipicsia
711 3345 908 3400 controuersiis
931 3362 951 3398 a
979 3360 1044 3399 4444
1070 3357 1111 3413 44,
1136 3356 1271 3417 priamum
1286 3363 1451 3417 possumus,
1470 3346 1642 3413 laboremus,
1668 3353 1699 3399 ut
1721 3362 1773 3400 eas
1790 3362 1909 3400 44444444

211 3435 373 3502 (4444441444,
399 3434 484 3498 fidem
509 3432 620 3500 dolere;
644 3429 859 3484 notaminibus
877 3447 939 3483 eum
957 3437 1046 3484 menis
1070 3435 1115 3489 441
1138 3440 1300 3503 arpentsum
1328 3433 1424 3486 simus.
1468 3431 1596 3486 Ceterum
1619 3431 1720 3496 fictslia
1744 3448 1817 3484 uasa
1843 3447 1910 3489 con·

211 3519 291 3589 capti
317 3519 389 3584 sint,
413 3533 523 3588 poenas
540 3517 668 3584 1444114444
692 3523 829 3569 extremae
848 3516 1002 3570 dementiae
1020 3523 1046 3569 et
1071 3522 1198 3589 fungere
1221 3516 1346 3573 Domino
1370 3517 1429 3570 soli
1445 3532 1606 3570 concessum
1632 3523 1687 3583 est,
1711 3516 1759 3569 cui
1780 3523 1807 3570 44
1825 3516 1911 3585 41444

211 3605 341 3661 inscitiae
358 3611 407 3659 cst.
436 3601 574 3672 Tempore
583 3600 723 3657 Ambrosii
742 3607 770 3657 et
789 3601 902 3657 Martini
922 3600 1045 3656 4141414441
1069 3608 1168 3671 ferrea
1195 3604 1265 3656 data
1289 3609 1340 3658 est.
1385 3602 1456 3654 Esse
1477 3618 1533 3655 444
1552 3608 1646 3670 petest
1667 3601 1764 3675 major
1780 3601 1910 3658 Domine

212 3698 279 3746 sunt
297 3690 432 3746 eeclesiae
447 3688 555 3759 judicio
573 3687 711 3758 episcopi,
732 3687 780 3758 qui
801 3693 833 3742 nt
851 3688 882 3742 in
899 3686 1044 3742 Priscillin·
1070 3707 1121 3744 suo
1141 3705 1252 3756 servus,
1275 3703 1362 3755 neque
1386 3688 1533 3755 4444444444
1555 3686 1623 3754 4141,
1651 3688 1729 3755 qnod
1749 3687 1808 3740 4414
1827 3687 1908 3743 mtto

212 3793 278 3831 num
297 3781 325 3832 et
339 3775 488 3845 complices
501 3772 760 3844 haeretiuosgludio
780 3772 1045 3828 animadverteretur
1070 3779 1159 3831 Pater
1184 3774 1297 3836 44144414,
1323 3773 1473 3825 vendicare
1498 3778 1603 3841 potest,
1628 3778 1658 3823 ut
1686 3779 1768 3840 prust
1792 3780 1843 3826 eut
1866 3775 1909 3828 ‘aei
1933 3791 1938 3801 ·

213 3865 392 3924 curaverant,
410 3859 524 3932 reliquis
542 3858 701 3915 orthodoxis
720 3873 784 3913 eum
807 3857 875 3928 ipsis
893 3858 1043 3913 communi·
1070 3878 1169 3917 arsam
1184 3860 1378 3914 ventilandam
1396 3865 1423 3910 44
1436 3858 1620 3925 perpendam
1632 3856 1751 3925 paleam
1767 3857 1857 3926 ferre,
1876 3875 1908 3914 44

213 3963 277 4001 eure
289 3945 454 4015 nolentibus,
476 3952 505 4001 et
521 3945 550 3998 in
564 3944 677 4000 Oriente
694 3943 826 3998 damnata
841 3942 896 3997 fuit
912 3943 1044 4015 synodus,
1064 3950 1130 4018 jam
1143 3963 1238 4016 posse,
1258 3951 1307 3998 aut
1325 3962 1344 3998 a
1360 3945 1503 4006 frumento
1519 3943 1650 3995 universa
1661 3941 1772 3995 41444144
1784 3942 1907 3998 bumana

213 4049 286 4103 quae
303 4031 332 4085 in
351 4030 489 4102 Bogomiii
505 4030 678 4086 exustionem
697 4030 919 4085 commorunt*
956 4027 1045 4099 Chry·
1065 4033 1180 4104 jndicio
1202 4047 1360 4101 seprepare.
1403 4028 1532 4098 Superba
1559 4035 1599 4081 est
1627 4027 1684 4082 iota
1709 4026 1859 4082 obstinatio
1880 4035 1909 4083 44

215 4122 352 4175 sostomus
379 4115 471 4170 homil.
504 4121 543 4171 12.
576 4114 612 4169 ad
642 4113 758 4184 Ephes.:
794 4115 937 4169 »Sermonis
966 4115 1045 4169 44414
1071 4118 1213 4186 ,malope
1228 4115 1516 4187 4444444414444444
1535 4113 1591 4166 4141
1608 4114 1694 4176 furor
1704 4130 1811 4182 praem
1829 4130 1909 4168 44444-

214 4202 610 4265 4144141444444444441444444,
629 4201 882 4271 444441441444444,
899 4218 956 4254 non
966 4207 1044 4270 pete·
1071 4206 1134 4273 4414,
1163 4212 1190 4257 et
1213 4204 1281 4256 dam
1305 4200 1460 4255 domimum
1484 4199 1540 4253 4141
1562 4215 1670 4269 semper
1695 4200 1814 4269 4444414444
1838 4199 1910 4268 plus

212 4292 295 4346 etatis
318 4287 482 4344 auctoritas.
525 4287 659 4340 Ordinem
689 4293 813 4340 tenemus
838 4285 1045 4340 consulentium.
1072 4307 1157 4361 queam
1175 4287 1250 4341 441414
1262 4287 1378 4356 ι4444441144
1397 4285 1533 4355 deposci,
1552 4292 1711 4353 4444444444,
1732 4286 1768 4338 414
1790 4283 1910 4339 molesia

218 4377 274 4440 Qui
290 4373 420 4438 44444114,
438 4390 495 4428 444
515 4372 598 4440 cepit.
633 4373 672 4426 In
691 4372 742 4426 444
761 4371 927 4440 culpabilis,
945 4370 974 4424 si
990 4389 1046 4426 444
1068 4381 1195 4447 pereunt.
1233 4370 1410 4443 Augustinus
1432 4369 1481 4427 lib.
1510 4368 1618 4425 deiide
1635 4368 1813 4440 etoperibus
1833 4386 1857 4424 4.
1875 4376 1909 4428 l:

213 4480 286 4534 quae
312 4463 411 4515 4144444
435 4467 461 4512 st
479 4465 603 4529 opertet,
621 4465 726 4527 paster
750 4457 862 4511 41144414.
901 4458 956 4511 Est
973 4458 1045 4512 enim
1065 4448 1199 4524 'Quidam
1223 4459 1360 4513 intuentes
1382 4465 1537 4527 praecepta
1553 4457 1710 4510 seueritatis
1727 4455 1843 4528 (quibus
1860 4456 1911 4512 ad·

214 4551 287 4612 fides
305 4562 338 4601 444
357 4545 471 4613 auditu,
498 4562 554 4598 non
581 4560 600 4596 a
616 4542 741 4597 41414444
758 4543 909 4598 conruens.
944 4542 1046 4598 Hamil.
1072 4561 1216 4601 monemur
1244 4544 1391 4612 corripere
1417 4542 1570 4611 inquietos,
1598 4557 1653 4594 nen
1680 4543 1752 4594 dare
1781 4549 1910 4596 sanetum

214 4639 257 4689 67.
276 4631 313 4686 ad
335 4630 427 4701 popul
454 4628 635 4684 Antiochen:
662 4624 789 4700 αἱμάτων
812 4628 858 4682 δεῖ
878 4631 978 4701 γέμειν
999 4628 1047 4686 444
1073 4631 1203 4698 44414444,
1220 4636 1251 4683 ut
1269 4628 1407 4682 4444144444
1426 4627 1526 4682 babere
1547 4626 1682 4680 ecelesiae
1700 4635 1908 4696 contemtorem,

213 4721 263 4773 τοῦ
279 4717 444 4791 wortunae
463 4722 534 4784 plor,
552 4713 679 4789 αἱμάτων
693 4713 745 4768 οὐκ
763 4715 794 4768 lu
808 4718 845 4783 τῷ
861 4712 896 4769 τὰ
915 4713 1047 4787 nillisque
1072 4735 1091 4772 a
1115 4732 1249 4785 eentpaps
1272 4714 1401 4784 44444414
1428 4714 1592 4780 membrum,
1619 4713 1697 4783 arcad
1726 4714 1911 4783 scandalisent,

213 4805 317 4875 ἐκχεῖν,
343 4801 413 4858 etta
439 4803 470 4857 14
495 4803 532 4868 mi
549 4801 661 4874 isespon
686 4798 808 4855 41444441
826 4800 930 4854 ἑαυτῶν
950 4802 1047 4871 ἐκχεῖν.
1073 4803 1211 4866 44411444)
1227 4802 1267 4855 ita
1275 4799 1445 4871 perturbant
1457 4799 1591 4854 4441441444
1604 4815 1715 4868 pacem,
1732 4807 1763 4853 ut
1774 4807 1911 4854 conentur

216 4888 392 4962 Augustinus
410 4887 490 4959 epist
515 4893 571 4944 164.
595 4886 632 4941 ad
651 4885 819 4957 Apringium
834 4886 976 4957 judicem:
1001 4889 1048 4941 De
1073 4897 1138 4943 ante
1163 4895 1268 4956 tempus
1291 4901 1426 4955 separare
1450 4903 1470 4939 a
1486 4884 1611 4951 4144414,
1635 4893 1718 4954 atque
1741 4885 1795 4940 444
1813 4901 1912 4942 errare

213 4978 289 5032 44414
310 4976 424 5044 quidem
447 4974 554 5028 41141444
572 4972 730 5042 apostolum
747 4972 879 5041 lepitana,
899 4973 977 5041 qued
992 4989 1048 5027 444
1073 4972 1214 5030 maseati
1235 4972 1295 5041 ipsi
1312 4972 1409 5041 potius
1434 4989 1453 5025 a
1472 4970 1579 5026 0441441
1603 4970 1710 5025 nouare
1728 4979 1910 5040 separamur.

213 5066 375 5118 4144444444
392 5061 521 5131 plautium
539 5061 646 5127 4444414
664 5067 689 5114 et
706 5059 832 5112 minietri
843 5059 902 5112 Dei
914 5058 977 5112 44414
989 5059 1048 5112 414·
1074 5068 1100 5117 7.
1118 5057 1328 5114 Haereticomm
1351 5058 1494 5127 proprium
1519 5071 1579 5111 esse
1597 5060 1737 5111 testantur
1756 5055 1910 5111 occidendo

214 5150 292 5204 dices
312 5149 343 5201 in
360 5163 421 5210 444,
448 5147 498 5214 qui
513 5145 587 5198 male
610 5153 713 5215 opnnt,
738 5146 791 5198 sed
813 5144 877 5198 alia
900 5160 989 5197 causa
1008 5152 1049 5198 est
1073 5143 1236 5216 religionem
1259 5158 1338 5197 suam
1367 5157 1531 5213 propagare.
1577 5140 1749 5196 Athanasius
1772 5141 1802 5195 in
1830 5141 1911 5212 epist

211 5221 386 5307 ’,4444444
398 5232 459 5286 444
472 5230 614 5288 actenus.
645 5231 734 5287 14444
745 5230 911 5285 neurim
922 5231 1048 5298 ennea
1074 5229 1110 5284 nu
1128 5227 1201 5284 nne.
1227 5227 1313 5282 enm
1332 5233 1446 5298 egentes
1469 5227 1505 5282 ‹10
1524 5227 1638 5282 Aenus
1661 5226 1701 5280 ee
1719 5225 1832 5281 neon:
1860 5225 1910 5280 ns

214 5330 255 5375 est
277 5317 504 5382 administratio,
533 5317 618 5384 luisse
646 5318 794 5372 4144444444
822 5316 1047 5372 commendanda
1072 5316 1145 5369 uitos
1172 5314 1213 5366 ad
1240 5314 1420 5368 mutationem
1448 5313 1601 5368 sententias
1636 5316 1801 5382 colperunt,
1835 5312 1914 5382 qued

213 5413 254 5460 eet
273 5405 467 5460 mansuetudo.
506 5400 671 5457 Ambrosius
694 5402 732 5457 ab
749 5400 862 5456 Amnis
886 5399 1056 5456 ieoemitnsz'
1073 5399 1213 5455 44414444
1231 5399 1403 5454 4141444444
1422 5415 1491 5453 suas
1504 5413 1606 5453 4444444
1624 5397 1832 5467 confidentium,
1851 5414 1909 5451 4444

215 5491 331 5559 Dolore,
346 5489 447 5564 inquit,
462 5498 577 5561 potero,
591 5497 692 5560 potero
704 5490 787 5559 flere,
801 5495 905 5558 potero
922 5502 1048 5556 asmere5
1074 5487 1149 5542 enim
1170 5485 1280 5556 41441114
1304 5493 1354 5540 aut
1368 5485 1479 5555 jacisls's
1496 5492 1548 5538 aut
1562 5484 1685 5540 4441144441
1702 5499 1789 5537 manu
1805 5484 1911 5538 4441444
