4020 6014
611 217 663 273 DE
682 214 907 274 mammo
927 214 1233 278 accusatrice.
1730 231 1768 286 47

74 379 97 426 st
109 373 276 444 episcopam
294 388 313 425 a
333 372 517 427 &montino
540 372 712 441 imperatore
725 374 842 441 petitam
859 374 910 426 im·
922 370 925 416 l
938 371 1090 436 ecclesiam,
1109 371 1162 428 hac
1181 374 1217 428 ad
1236 379 1342 429 sertum
1360 373 1389 429 in
1402 376 1519 432 eeclesia
1531 382 1642 442 statum,
1661 377 1697 431 de
1715 391 1773 447 qus

71 466 250 531 petrotamve.
289 457 332 512 De
359 456 402 511 his
428 466 456 513 ct
480 458 616 514 similibus
640 459 723 514 iactis
742 451 925 530 specialibus?
937 460 1088 528 posteriore
1113 461 1266 515 vocationis
1294 462 1402 531 specie,
1432 463 1591 533 etquidem
1610 461 1772 516 nominatim

74 544 239 609 notandum,
271 551 291 597 l.
313 544 388 614 quod
408 545 533 614 exempla
554 545 694 599 ordinaria
712 564 766 600 non
786 551 911 600 evertant
938 545 973 599 de
997 546 1142 601 vocatione
1171 548 1206 600 ad
1233 547 1356 602 officinm
1383 549 1602 603 ecclesiasticum
1635 548 1716 602 unice
1745 553 1773 600 et

76 631 197 702 regulam
216 630 375 701 generalem
387 636 416 685 et
431 631 555 684 ordinem
569 631 702 685 divinitus
715 632 909 701 constitutum;
938 633 1047 701 proprie
1065 632 1117 687 hoc
1140 634 1201 688 loeo
1226 634 1327 704 agitur.
1366 638 1392 690 2.
1418 635 1594 689 Vocotioaem
1611 634 1771 701 praesulem

76 722 95 772 t.
114 715 193 788 quod
216 716 444 787 distinguendum
465 717 502 771 sit
526 718 597 771 inter
621 718 766 771 ecclesiam
783 719 910 786 jamdum
937 717 1091 771 subdividit
1121 720 1150 771 ia
1169 722 1314 784 efficacem
1340 728 1365 773 et
1384 721 1567 790 inefficacem.
1612 711 1908 788 Efficaeem111·2⁷2

75 803 228 875 plantatam
250 809 278 857 et
297 802 484 869 constitutam,
504 808 590 874 atque
608 804 680 858 inter
700 805 844 858 ecclesiam
863 805 910 857 ad-
937 804 1034 856 tribuit
1053 805 1159 872 electis',
1187 807 1360 873 inefficacem
1385 809 1454 872 illis,
1477 810 1528 877 qai
1547 808 1643 861 voluat
1659 806 1773 859 uerbum

75 889 125 943 hnc
143 889 328 959 plantandam
348 892 376 943 ct
393 889 631 957 constituendam
656 895 679 945 3.
699 891 820 960 itemque
839 890 912 944 inter
938 892 1047 945 ordire.
1078 891 1301 960 Respondemus:
1322 893 1497 948 concedimus
1509 911 1567 948 rem
1579 893 1678 962 ipsam,
1697 890 1773 961 quod

76 975 248 1030 rocadoncm
274 979 303 1029 et
328 974 544 1040 ordinationem,
570 993 632 1030 cnm
664 993 719 1030 non
751 977 787 1029 sit
815 977 911 1031 eadem
938 976 1047 1030 vocatio
1065 977 1119 1030 Dei
1148 978 1176 1031 in
1203 977 1370 1050 quibusdam
1398 980 1535 1033 duntaxat
1562 977 1661 1033 efficax
1687 977 1775 1031 sitsi

77 1062 221 1131 utriusque
246 1061 411 1129 necessitas3
439 1068 461 1115 4.
489 1061 610 1133 denique
643 1062 715 1117 inter
738 1061 911 1115 vocationem
939 1061 1029 1115 locum
1049 1062 1186 1124 inveniat,
1214 1082 1232 1119 a
1251 1065 1417 1135 quibusdam
1435 1081 1500 1118 vero
1523 1065 1700 1135 repudietur3
1725 1062 1774 1117 sed

76 1147 224 1202 mediatam
247 1152 276 1202 et
293 1147 493 1213 immediatam,
523 1148 690 1201 ordinariam
715 1155 743 1202 et
762 1148 912 1202 extraordi·
940 1164 1082 1218 negamus,
1102 1165 1215 1204 causam
1232 1150 1315 1218 hujus
1334 1150 1373 1204 rei
1393 1149 1582 1220 quaerendam
1599 1165 1659 1202 esse
1680 1148 1709 1202 in
1725 1147 1774 1201 ab·

76 1234 195 1300 nariam,
224 1249 298 1305 quae
317 1233 410 1286 omnia
436 1250 468 1287 ex
486 1234 667 1304 sequentibus
686 1239 768 1288 emat
788 1234 910 1289 clariora.
941 1234 1031 1288 soluto
1051 1236 1170 1306 quodam
1185 1235 1386 1307 reprobationis
1399 1237 1518 1301 decreto,
1538 1236 1601 1289 ideo
1618 1234 1701 1288 valde
1713 1250 1774 1304 pro·

76 1319 137 1374 Huc
156 1324 243 1374 etiam
266 1319 387 1389 pertinet
411 1319 480 1373 illnd
508 1320 623 1376 Lntheri
644 1321 672 1373 in
691 1320 769 1387 libro,
784 1321 828 1375 cui
847 1321 912 1374 titu-
940 1320 1053 1389 bamus,
1083 1322 1156 1391 quod
1183 1323 1315 1376 Bucanus
1335 1322 1427 1382 addit,
1453 1321 1625 1375 sroootioaem
1651 1337 1709 1373 csso
1732 1321 1775 1373 ia·

76 1406 116 1460 lus
134 1407 234 1464 &tuith
260 1408 314 1460 uttb
332 1406 450 1473 litiadtt,
478 1407 527 1474 bcfi
547 1407 602 1461 tint
622 1407 751 1476 ditiitlitbt
774 1407 914 1464 ditmtiabt
942 1399 1086 1470 efficacem
1104 1408 1243 1460 hominum
1263 1409 1361 1478 coqsa,
1395 1408 1443 1460 sed
1463 1423 1519 1460 non
1538 1407 1676 1471 videmus,
1707 1421 1774 1474 quo·

77 1494 149 1562 tent
171 1493 226 1547 aab
245 1492 333 1560 wotbt
352 1492 415 1561 habe
434 1493 526 1562 {lebret
546 1494 797 1560 aeternitatem.
817 1500 839 1548 t.
853 1493 914 1548 den.
942 1493 1023 1547 modo
1050 1493 1078 1546 id
1103 1493 1244 1548 conciliari
1268 1494 1355 1563 possit
1379 1510 1442 1546 cnm
1467 1493 1516 1546 illa
1534 1490 1695 1562 hypothesi,
1719 1506 1776 1561 qua

76 1579 168 1634 (ierm.
194 1578 215 1634 f.
242 1584 306 1633 tlt:
336 1578 398 1647 pies
423 1576 521 1646 inridit
540 1579 590 1641 bn,
613 1581 653 1648 go
672 1579 740 1634 tois?
771 1583 854 1637 went
874 1580 914 1635 tin
943 1579 971 1633 in
995 1580 1055 1633 loco
1083 1585 1124 1636 36.
1151 1580 1187 1634 de
1207 1580 1458 1649 praedestinatione
1481 1597 1508 1649 p.
1533 1584 1592 1633 403.
1615 1578 1776 1631 interseris

76 1667 160 1737 Cbsift
182 1666 250 1734 nirbt
268 1665 332 1734 bopo
351 1666 471 1732 beroien,
499 1666 525 1729 io
556 1666 615 1732 bort
642 1681 669 1720 et
689 1666 754 1734 nirbt
772 1667 914 1734 pretinm?
941 1664 1033 1720 media
1053 1665 1239 1720 exsecutionis
1259 1665 1363 1720 decreti
1387 1665 1474 1719 divini
1497 1665 1533 1719 de
1558 1663 1713 1718 hominihus
1733 1680 1774 1719 re·

76 1754 217 1807 intanti:
236 1751 298 1821 pict
317 1751 386 1820 §ollii
403 1753 438 1805 bu
458 1753 506 1805 bea
519 1751 635 1819 bbtiilen
654 1753 682 1806 ia
701 1751 914 1819 retentiones
941 1752 1093 1821 probandis
1111 1757 1238 1805 numerat
1256 1751 1339 1806 tertio
1358 1753 1419 1804 loco
1440 1752 1615 1819 inefficacem
1629 1766 1682 1817 per
1698 1750 1777 1804 verbi

77 1839 171 1909 tehen.
209 1838 280 1907 ituit
299 1839 375 1904 dtis,
396 1846 471 1893 menn
490 1852 517 1891 er
536 1838 694 1905 litantem
713 1840 773 1900 Det,
795 1840 827 1893 bo
847 1839 915 1892 letne
937 1839 1180 1909 praedicationem
1212 1839 1392 1891 vocationem.
1438 1836 1482 1891 De
1509 1842 1569 1891 tota
1597 1836 1651 1890 heo
1672 1854 1703 1890 re
1725 1851 1775 1889 suo

79 1927 196 1995 abritto
210 1925 275 1992 lint,
294 1924 328 1977 bo
342 1925 471 1990 tiburtes
491 1923 576 1978 trinea
595 1926 695 1979 antem
714 1926 823 1993 beruto,
842 1927 913 1979 bona
941 1924 1002 1977 loeo
1030 1923 1119 1994 plura.
1163 1930 1188 1979 3.
1215 1922 1394 1978 vocatiouem
1422 1923 1636 1979 ecclesiasticam
1660 1922 1776 1978 ulterius

78 2015 127 2081 θοῇ
148 2027 176 2065 tt
193 2011 236 2065 tin
255 2009 353 2080 bbriflt
371 2011 408 2080 iii,
426 2010 557 2080 intbtnbig
576 2020 628 2066 bon
647 2011 715 2068 (doit
733 2013 838 2079 bttufttt
859 2014 913 2066 tmb
942 2010 1042 2063 dividit
1066 2011 1095 2062 ia
1118 2011 1270 2079 legitimam
1296 2019 1322 2064 et
1346 2010 1532 2079 illegitimam.
1571 2010 1652 2065 Illam
1672 2008 1776 2074 definit,

77 2099 204 2168 qriotbet,
236 2099 270 2151 bo
294 2096 325 2164 iit
350 2111 376 2151 st
402 2097 512 2166 irbulbiq
536 2098 583 2151 bea
602 2098 722 2152 irrenben
741 2097 837 2165 bribia
855 2100 915 2152 obet
942 2114 1013 2165 quoe
1032 2097 1096 2164 jure
1112 2099 1164 2160 fiat
1187 2104 1213 2148 st
1231 2097 1306 2164 ispe,
1330 2097 1363 2149 iet
1380 2105 1421 2149 est
1439 2113 1512 2165 qaae
1523 2098 1579 2165 fiet
1598 2096 1633 2150 ob
1652 2113 1699 2163 eo,
1726 2096 1776 2165 qai

76 2184 222 2252 urmatten
245 2197 276 2252 qn
293 2182 414 2251 prebiqrn
433 2183 486 2237 nab
505 2198 535 2252 aa
561 2184 646 2253 lebam
665 2185 715 2238 bot
741 2184 915 2252 trenortium
938 2191 1105 2254 potestatem
1132 2182 1302 2247 vocandi,et
1325 2183 1513 2251 praeficiendi
1535 2183 1565 2235 in
1590 2183 1641 2236 illo
1665 2199 1776 2236 manem

78 2276 130 2325 aab
144 2270 239 2338 iidirbt
257 2269 426 2338 bitterness
445 2269 525 2335 bitis,
546 2271 577 2324 ob
592 2269 638 2338 ibn
652 2270 722 2337 lebna
740 2269 794 2324 ltin
812 2269 914 2338 illenim
941 2270 1029 2336 babet,
1046 2268 1140 2338 qualis
1159 2276 1199 2320 ast
1217 2269 1359 2321 Dominus
1377 2268 1455 2321 illias
1472 2269 1536 2334 loci,
1557 2276 1605 2320 aut
1620 2269 1670 2336 qai
1687 2269 1723 2321 ab
1742 2285 1774 2321 eo

79 2359 142 2426 toan
162 2356 263 2421 tersit,
291 2370 321 2409 rc.
338 2356 403 2410 beon
423 2355 494 2424 tietb
514 2354 592 2424 sant
611 2357 661 2409 otte
677 2355 771 2424 delete
796 2358 849 2410 unt
870 2357 915 2422 tot
941 2356 1088 2422 terraenae·
1097 2356 1149 2423 jos
1168 2372 1201 2408 ec
1219 2361 1388 2423 potestatem.
1418 2356 1517 2409 Postea
1537 2354 1630 2408 addit:
1651 2356 1691 2408 At
1709 2370 1775 2407 sero

77 2443 131 2497 trin
145 2441 243 2510 theim
262 2442 328 2507 anit
347 2441 457 2507 itabat,
478 2450 553 2496 meaa
568 2456 593 2496 et
612 2442 673 2496 aber
691 2442 729 2510 iit,
752 2443 913 2511 bobbtiitcn
939 2441 1016 2494 solos
1041 2443 1121 2494 Deae
1144 2449 1185 2493 est
1205 2458 1288 2494 oeae
1309 2440 1442 2494 molesme
1465 2457 1534 2494 suae
1563 2441 1706 2503 dominas,
1733 2441 1777 2493 ati

79 2544 114 2584 tm
135 2530 191 2583 bem
211 2529 264 2584 Oti
281 2527 346 2596 fiab,
368 2527 407 2581 tie
431 2527 481 2582 ait
500 2527 553 2597 ibat
566 2527 654 2597 gieiebt
667 2530 757 2596 mont
771 2530 825 2583 trab
838 2531 914 2597 ditebi
941 2526 1068 2581 Obsistere
1085 2529 1162 2580 solus
1182 2529 1310 2596 ejusdem
1329 2536 1414 2596 ceput
1433 2537 1458 2580 et
1483 2530 1625 2581 redemtor
1647 2544 1697 2580 ssu
1714 2528 1772 2580 ois-

78 2617 171 2683 bobsn,
193 2616 227 2668 bo
246 2614 292 2682 loll
310 2627 337 2666 er
354 2613 399 2681 snb
419 2612 489 2681 toltit
509 2613 575 2681 oiqt
596 2616 690 2681 bertot
707 2615 783 2683 tino,
803 2616 913 2682 [orbern
941 2615 1000 2666 dor.
1039 2612 1131 2674 Quare
1150 2615 1238 2667 sotira
1258 2615 1316 2666 Dei
1329 2622 1369 2666 est
1387 2622 1413 2667 et
1432 2613 1539 2667 Christi
1554 2613 1688 2666 emlesias
1705 2629 1795 2666 roas·

78 2703 122 2769 sid)
136 2701 245 2766 beroien
256 2698 310 2752 aab
325 2698 501 2767 bttbotriebttt
513 2700 599 2766 lafita,
619 2701 669 2767 bafi
684 2714 711 2754 tt
723 2703 848 2756 afflati
860 2702 913 2756 aab
941 2701 1083 2773 ministros
1096 2702 1260 2768 praeficere.
1296 2701 1424 2753 Proinde
1442 2701 1499 2754 soli
1515 2701 1550 2752 ab
1569 2716 1601 2752 so
1620 2699 1714 2751 vocati
1735 2699 1773 2751 ls-

79 2789 171 2856 btitbl
197 2787 245 2841 ben
269 2785 376 2839 bobeta
401 2783 502 2853 brebiae
528 2786 581 2840 aab
606 2787 680 2855 [ebra.
716 2785 785 2841 Inde
802 2787 915 2858 quidam
941 2787 1032 2855 qitimi
1050 2787 1183 2839 censendi
1205 2794 1285 2852 saat,·
1316 2789 1352 2838 ab
1378 2803 1409 2839 eo
1435 2803 1501 2839 nero
1524 2803 1579 2839 noa
1601 2785 1694 2838 vocati
1712 2793 1775 2838 sant

78 2872 233 2928 vocationis
253 2870 448 2925 necessitatem
467 2887 500 2924 eo
517 2871 599 2926 modo
613 2871 750 2941 limitent,
769 2880 801 2926 ut
818 2888 914 2927 conce·
941 2888 1035 2925 ornnes
1058 2871 1205 2939 illepitims'.
1249 2872 1476 2941 Respondemus:
1502 2872 1575 2928 Sane
1598 2871 1650 2925 soli
1675 2887 1693 2924 a
1713 2870 1775 2924 Deo

81 2961 162 3021 dant,
193 2973 249 3012 non
267 2962 396 3011 vocatum
419 2957 519 3011 docere
538 2974 633 3026 mose,
663 2965 683 3012 1.
708 2960 820 3029 quando
837 2959 914 3012 Chri·
942 2957 1031 3011 vocati
1049 2958 1172 3028 legitime
1189 2958 1281 3013 vocati
1300 2959 1431 3013 censendi
1449 2964 1527 3022 sunt,
1553 2957 1663 3012 interim
1680 2962 1774 3011 tamen

80 3047 186 3100 sdanus
206 3048 333 3099 versatur
346 3042 418 3097 inter
431 3043 553 3097 homines
566 3042 632 3099 fidei
644 3043 817 3099 Christianae
834 3046 913 3117 igna-
942 3061 997 3098 nou
1017 3048 1059 3098 cst
1070 3043 1206 3114 oppositio
1216 3043 1345 3099 facienda
1363 3043 1435 3098 inter
1448 3043 1539 3098 Deum
1554 3060 1667 3097 cauum
1680 3051 1708 3097 et
1727 3042 1774 3096 mi·

79 3150 130 3200 ros,
156 3139 225 3186 tuuc
249 3130 323 3184 enim
347 3129 498 3200 quemlibet
514 3128 616 3183 Christi
636 3131 761 3202 gloriam,
780 3138 914 3203 quantum
941 3129 1047 3185 nisterii
1065 3136 1094 3183 et
1112 3129 1265 3184 vocationis
1281 3130 1316 3183 ad
1335 3129 1517 3184 ministerium
1535 3129 1731 3200 principalem,
1748 3136 1776 3184 et

79 3223 178 3291 potest,
198 3232 331 3288 quaerere
350 3221 379 3270 et
395 3231 556 3286 promovere
574 3217 678 3284 toneri;
705 3222 727 3270 2.
747 3217 776 3270 in
798 3218 915 3273 ccclesia
942 3217 1014 3271 inter
1033 3215 1178 3271 ecclesiam
1196 3221 1282 3287 atque
1299 3215 1369 3273 illos.
1388 3215 1489 3286 quibus
1509 3216 1628 3270 ecclesia
1646 3215 1699 3269 hoc
1717 3231 1776 3269 mu·

80 3306 177 3359 ordine
194 3301 382 3358 ecclesiastico
407 3302 529 3356 noudum
556 3302 637 3373 plene
660 3304 825 3373 constituto,
852 3322 914 3358 cum
942 3320 994 3356 nus
1012 3302 1157 3364 commisit,
1177 3318 1289 3356 cansam
1308 3301 1460 3356 vocationis
1479 3301 1515 3355 ad
1536 3301 1717 3355 ministerium
1735 3302 1776 3354 in·

80 3392 152 3447 euim
177 3389 287 3444 vocatio
315 3388 458 3442 doctorum
480 3388 517 3442 sit
543 3405 608 3459 pars
629 3389 747 3458 ordinis,
774 3390 837 3444 ideo
863 3392 915 3446 hoc
943 3388 1157 3444 strumentalem.
1185 3388 1257 3442 Nam
1278 3393 1307 3441 et
1323 3387 1363 3441 illi
1382 3387 1505 3459 legitime
1522 3387 1616 3441 vocati
1629 3386 1776 3455 judicandi

79 3476 227 3532 deficiente
264 3491 324 3530 eam
353 3474 423 3529 adeo
452 3475 547 3530 stricte
580 3476 686 3530 attendi
725 3493 781 3532 uon
819 3494 915 3547 posse3
943 3481 1014 3540 sunt,
1032 3474 1080 3544 qui
1100 3473 1167 3526 licet
1183 3489 1240 3526 non
1254 3472 1524 3543 aDeoimmediate,
1544 3480 1638 3527 tamen
1657 3473 1776 3527 mediate

81 3571 104 3617 3.
125 3563 241 3634 quaudo
262 3561 394 3616 ordinarii
414 3561 541 3617 doctores
560 3562 588 3615 in
601 3563 681 3632 lupos
701 3563 871 3634 degenerant
888 3571 915 3618 et
943 3558 1084 3630 suffragiis
1102 3558 1236 3613 ecclesiae
1255 3565 1403 3625 vocantur,
1432 3558 1678 3628 utipsaBncanus
1691 3573 1776 3628 agno·

78 3650 204 3705 officium
230 3664 311 3701 suum
336 3647 419 3716 plene
447 3647 601 3718 negligunt.
640 3648 714 3703 Vide
738 3649 773 3705 D.
793 3648 867 3704 Hau,
887 3651 915 3704 in
943 3647 1003 3700 scit,
1039 3645 1215 3716 lllegitimam
1237 3645 1408 3699 vocationem
1428 3645 1501 3715 quod
1523 3645 1636 3713 attinet,
1658 3661 1692 3698 ea
1709 3644 1776 3698 duo·

79 3740 177 3791 essert.
196 3733 298 3787 minist.
318 3731 470 3786 Lntherau.
491 3741 589 3787 contra
604 3733 706 3789 Pontis.
945 3734 996 3786 bns
1013 3732 1102 3786 modis
1120 3730 1265 3800 accipitur.
1296 3730 1351 3785 Vel
1370 3731 1443 3785 enim
1461 3732 1610 3803 opponitur
1622 3730 1732 3784 divinae
1749 3736 1778 3785 et

944 3826 986 3874 est
1004 3817 1087 3888 plane
1099 3816 1177 3870 nulla
1189 3833 1222 3869 ac
1234 3816 1352 3886 proinde
1363 3817 1514 3871 vocationis
1531 3818 1641 3872 nomine
1652 3817 1777 3888 indigue,

395 3924 601 3933 *⁶-
944 3910 976 3958 ut
996 3905 1035 3959 sic
1055 3903 1196 3957 distinctio
1214 3903 1367 3958 vocationis
1390 3903 1419 3957 in
1441 3903 1593 3975 legitimam
1620 3912 1648 3957 et
1665 3903 1777 3973 illegiti-

944 4006 1017 4043 mam
1036 3989 1072 4043 sit
1086 3989 1185 4043 divisio
1204 3989 1297 4058 potius
1310 3989 1428 4044 nominis
1443 4006 1526 4060 quam
1543 3989 1590 4044 rei.
1619 3989 1682 4044 Hoc
1695 4006 1777 4044 sensu

352 4073 572 4136 suello
607 4074 655 4135 ΙΙ.
943 4075 1088 4147 illegitima
1119 4075 1228 4130 vocatio
1262 4092 1296 4129 ea
1329 4081 1386 4144 est,
1424 4077 1537 4147 qnando
1573 4075 1635 4146 quis
1664 4074 1776 4144 propris

943 4163 1106 4217 auctoritate
1131 4168 1159 4215 et
1184 4178 1254 4215 ausu
1280 4161 1425 4216 temerario
1453 4163 1559 4233 absque
1580 4162 1633 4216 Dei
1659 4167 1728 4215 nutu
1748 4165 1776 4216 et

101 4230 419 4310 QUOTUPLEX
452 4229 535 4296 SIT
565 4229 792 4299 VOCATIO
821 4234 886 4299 AD
942 4249 1076 4320 suffragio
1095 4247 1213 4301 docendi
1233 4265 1332 4302 munus
1355 4248 1469 4319 arripit,
1487 4248 1532 4304 vel
1550 4247 1660 4303 defectu
1681 4247 1774 4317 aliquo

312 4331 676 4399 MINISTERIUM,
941 4335 1057 4399 laborat,
1074 4351 1124 4404 per
1144 4350 1225 4403 quem
1243 4339 1335 4387 nmen
1352 4350 1409 4388 non
1420 4335 1514 4388 statim
1532 4334 1634 4389 desiuit
1650 4348 1710 4389 esse
1727 4348 1774 4385 vo·

670 4409 673 4416 ¹
942 4421 1021 4475 catio.
1056 4419 1102 4474 Sic
1118 4419 1167 4490 qui
1186 4418 1349 4473 muneribus
1367 4419 1492 4475 favorem
1510 4420 1620 4475 illorum
1640 4420 1693 4473 sibi
1711 4435 1774 4473 con·

47 4528 56 4538 ·
118 4509 158 4557 75.
187 4500 354 4555 Guiliolmus
374 4501 505 4555 Bucauus
524 4502 552 4555 iu
571 4503 631 4557 loco
649 4509 691 4557 42.
709 4504 745 4557 de
764 4503 915 4560 ministerio
942 4506 1026 4574 eiliat,
1043 4522 1060 4559 a
1079 4505 1180 4575 quibus
1199 4505 1235 4558 ad
1253 4505 1435 4559 ministerium
1452 4511 1577 4573 vocatur,
1595 4505 1729 4559 hacteuus
1747 4509 1776 4558 et

13 4570 53 4596 ”
83 4608 109 4659 p.
131 4595 190 4644 502.
213 4589 284 4642 tales
301 4587 452 4642 vocationis
477 4589 624 4643 divisiones
644 4589 786 4659 producit:
820 4597 839 4643 l.
865 4592 914 4646 Vo-
941 4592 993 4646 hoc
1011 4596 1139 4661 respectu
1157 4590 1300 4662 illegitime
1318 4592 1384 4661 agit,
1404 4607 1496 4662 neque
1514 4597 1607 4645 tamen
1627 4594 1775 4660 propterea

82 4676 156 4728 cotio
176 4673 281 4742 duplex
295 4681 351 4739 est,
370 4690 427 4725 aaa
446 4677 603 4741 pennalis,
622 4692 693 4744 quoe
704 4677 741 4744 fit
755 4694 810 4748 per
829 4686 915 4732 sater-
941 4677 1029 4748 ipsius
1047 4679 1155 4731 vocatio
1174 4677 1277 4731 desinit
1297 4694 1356 4732 esso
1375 4677 1469 4732 divina
1488 4677 1610 4745 vocatio,
1628 4678 1653 4731 si
1670 4694 1704 4730 ex
1723 4677 1774 4747 hy·

81 4779 146 4813 nam
173 4760 250 4812 ambi
270 4760 509 4828 praedicationem
516 4781 527 4829 ,·
550 4762 643 4815 altero
665 4763 814 4831 speciales,
845 4781 915 4832 qaae
943 4763 1050 4834 pothesi
1073 4764 1182 4834 reliqua
1205 4770 1281 4819 recte
1303 4780 1364 4818 aesc
1391 4764 1521 4818 habeant.
1557 4763 1602 4819 Sic
1623 4764 1652 4818 iu
1670 4770 1775 4835 papatu

77 4847 252 4917 peculiarem
259 4846 431 4908 functionem
440 4847 555 4915 respicit
563 4856 590 4900 et
605 4855 646 4901 est
657 4849 701 4903 nel
719 4850 916 4914 ecebmostioo,
942 4850 994 4904 soli
1013 4849 1113 4914 clerici,
1144 4866 1234 4921 papae
1260 4850 1367 4905 scilicet
1393 4868 1456 4905 cnm
1474 4850 1530 4903 suis
1558 4851 1702 4922 episcopis,
1727 4853 1775 4922 jus

80 4932 124 4986 ael
144 4930 281 5002 politico,
308 4933 351 4985 nel
377 4934 538 4987 domnica
575 4932 632 4988 Nos
657 4934 820 4989 divisionem
839 4936 915 4990 illam
943 4936 1059 4991 vocandi
1080 4935 1219 4991 ministros
1232 4936 1310 4992 adse
1328 4941 1486 5006 rapuerant,
1505 4937 1580 5006 quod
1592 4935 1646 4992 fuit
1664 4937 1776 5009 illegiti-

32 5041 33 5044 ¹
81 5035 136 5071 non
155 5015 356 5086 improbamus,
382 5017 559 5088 agnoscimus
574 5017 662 5087 euim,
679 5037 739 5076 esse
758 5023 915 5093 generalem
943 5040 1032 5085 mum,
1062 5022 1117 5076 imo
1134 5021 1325 5092 tyrannicum
1355 5021 1463 5075 interim
1487 5030 1580 5078 tamen
1605 5025 1713 5079 vocatio
1731 5040 1774 5079 ec·

80 5103 539 5174 quandamvocationsmomuium
553 5102 780 5174 Christianorum,
795 5108 874 5163 Rom.
892 5114 915 5176 1,
942 5110 1043 5165 clesiae
1068 5109 1255 5164 ministrorum
1281 5109 1333 5163 sub
1357 5114 1462 5178 papatu
1485 5127 1541 5164 non
1559 5110 1642 5165 desiit
1657 5127 1716 5164 esse
1734 5110 1774 5163 di·

82 5206 106 5243 r.
128 5194 153 5244 6.
193 5194 215 5244 l.
239 5188 300 5243 Cor.
325 5194 353 5256 1,
372 5209 397 5245 r.
416 5198 440 5244 2.
476 5187 547 5259 Eph.
568 5194 597 5255 t,
617 5207 642 5242 v.
666 5199 687 5245 1.
706 5200 758 5248 etc.
777 5211 849 5264 quae
866 5212 914 5265 ap·
942 5197 1007 5249 vina
1025 5196 1141 5250 vocatio.
1181 5203 1204 5251 t.
1225 5195 1391 5266 legitimam
1410 5196 1582 5250 vocationem
1600 5197 1715 5251 ulterius
1734 5195 1774 5248 di·

81 5275 177 5345 pellari
187 5280 281 5346 potest
291 5276 560 5331 vocatiosthrish'
571 5292 688 5345 reguum
696 5295 730 5332 ex
743 5285 764 5333 l.
778 5280 876 5337 Thess.
889 5287 914 5350 2,
942 5282 1059 5353 stinguit
1088 5282 1117 5335 in
1147 5299 1283 5335 arcanam
1311 5280 1370 5335 sive
1394 5282 1547 5347 internam,
1573 5299 1646 5355 quae
1672 5282 1707 5335 sit
1726 5297 1776 5350 per

81 5379 106 5414 r.
129 5368 167 5417 12.
194 5378 226 5415 ac
250 5362 449 5432 distinguenda
471 5371 549 5419 esta
573 5360 689 5431 speciali
712 5366 856 5422 vocatione
877 5369 912 5422 ad
942 5367 1074 5438 Spiritum
1100 5367 1127 5424 S.
1152 5373 1181 5423 et
1203 5367 1283 5436 cnjus
1312 5365 1366 5423 sibi
1392 5368 1510 5440 quisque
1532 5367 1657 5423 minister
1683 5384 1775 5420 coram

80 5454 186 5503 certum
209 5446 332 5502 officium
361 5463 394 5498 ac
420 5447 494 5503 ritae
513 5452 632 5513 statum3
658 5445 706 5499 illa
730 5463 861 5505 vocamur
878 5454 913 5507 ad
942 5454 1003 5509 Deo
1022 5453 1149 5509 conscius
1178 5467 1239 5506 csse
1264 5451 1361 5521 debet,
1389 5455 1464 5526 quod
1489 5471 1540 5510 uec
1565 5452 1695 5521 avaritia,
1722 5469 1773 5510 uec
