4020 6014
129 180 133 192 ἱ
217 191 278 249 430
794 186 919 246 nouus
935 181 1139 245 uersutus
1158 182 1338 252 qumans

216 340 346 412 ptadmm
363 342 502 411 acmpmt,
528 360 585 398 aaa
602 356 667 398 asro
686 343 779 410 dora,
805 344 877 413 pisid
897 342 968 413 fleri
978 342 1046 412 jure
1111 345 1168 397 199.
1193 337 1375 397 Producimus
1394 356 1461 413 ergo
1479 347 1503 398 t.
1520 339 1773 396 danicumlocum
1793 337 1990 439 apomelifqa
1987 344 2008 438 Ι1Ι

214 430 303 498 possit
329 429 375 488 acl
402 430 507 485 dabam.
542 429 780 493 Quemadmodum
803 431 889 483 aiam
913 430 996 484 bodie
1014 430 1047 498 ie,
1074 424 1155 480 Rom.
1176 432 1216 496 13,
1231 445 1258 481 v.
1276 433 1300 483 4.
1320 429 1349 482 in
1368 443 1423 499 quo
1443 433 1591 500 sequentes
1607 424 1752 497 emphases
1775 431 1847 482 sunt
1867 441 1916 482 no
1929 424 2003 492 fiala

215 515 267 584 qai
282 515 371 584 plana
390 524 487 586 rapat,
516 516 603 571 licere
620 517 743 587 aliquem
758 517 928 586 irstrrflaare,
954 524 1049 585 posset
1073 513 1187 569 budae:
1214 521 1225 570 1
1252 514 1432 586 1103101101ιο
1452 515 1526 584 perit
1550 513 1680 582 pkdiam
1697 511 1749 567 οὐκ
1767 516 1839 582 εἰκῆ,
1858 503 2008 604 unffi„

216 617 287 670 aum,
303 602 354 670 qui
371 603 557 658 comestiones
582 610 621 657 est
638 610 664 655 et
682 604 725 657 ad
740 619 821 656 arma
837 603 933 656 rtatim
946 620 1048 673 proro-
1068 600 1200 666 frustra,
1225 616 1278 656 nec
1301 606 1405 656 temere
1423 616 1476 656 nec
1497 599 1558 654 sine
1574 614 1669 659 cauea
1685 601 1744 666 atari
1759 597 1832 654 illud
1852 597 1916 654 fieri

214 687 265 756 lat,
285 688 432 742 dehortari
443 690 478 741 ab
496 688 551 742 ista
562 689 673 742 levitate
688 689 853 758 hujusmodi
870 696 1047 759 arpameata:
1074 684 1185 755 dicitur,
1197 687 1273 758 quod
1289 685 1323 741 tit
1335 686 1442 758 absque
1455 685 1548 741 dirius
1566 685 1746 755 ordinatione,
1764 684 1915 741 vocatione

220 774 304 841 Vide,
330 791 365 828 aa
383 777 432 829 dea
446 792 555 845 poenas
573 783 637 828 tuae
657 774 788 832 koitatb.
824 777 899 830 Nam
916 776 959 829 ita
976 792 1048 828 com·
1075 776 1104 827 et
1122 772 1314 844 beneplacito,
1331 773 1374 828 sic
1392 771 1473 828 fratri
1493 776 1559 841 εἰκῆ,
1577 780 1686 842 umere,
1703 772 1793 826 iram·
1808 772 1915 826 dicitur

210 869 349 930 paratam
366 869 426 930 est,
443 869 474 915 at
492 862 542 930 qui
557 878 640 915 arma
659 869 778 930 summat,
793 880 849 934 per
864 879 949 916 arrna
965 862 1048 916 etiam
1075 858 1173 913 llntth·
1195 866 1220 928 5,
1238 877 1264 916 v.
1287 865 1329 915 22.
1347 861 1396 931 qui
1415 877 1448 914 ex
1465 858 1576 929 privata
1593 858 1736 914 vindictae
1753 857 1914 929 cupiditate

210 956 339 1017 parcam.
376 948 490 1003 Darada
508 966 564 1001 aaa
582 948 750 1020 reprimitur
769 947 803 1019 ia,
820 965 877 1017 par
893 964 971 1018 qaam
983 964 1049 1017 per-
1075 943 1155 999 fratri
1173 944 1316 1017 irascitur,
1344 947 1425 1016 cujus
1450 945 1493 1000 ira
1509 961 1565 1000 uon
1586 950 1630 1000 est
1643 944 1724 1014 justa
1745 960 1798 1001 nec
1815 943 1914 1001 divim

214 1032 257 1086 ire
284 1034 395 1106 debeat,
425 1035 474 1103 qai
493 1023 621 1104 bladium
637 1035 756 1104 accipit,
786 1051 883 1104 nempe
901 1034 1049 1102 magistra·
1075 1031 1210 1101 (quamvis
1242 1031 1312 1087 haec
1343 1032 1443 1087 rocula
1473 1048 1529 1087 non
1559 1030 1680 1086 addatur
1714 1030 1745 1085 in
1780 1029 1913 1086 omnibus

214 1125 272 1183 tus,
303 1122 379 1188 qaod
395 1121 524 1185 affirmat
542 1121 706 1185 filastrius,
729 1128 822 1189 potest
841 1128 932 1174 autam
948 1121 1048 1188 gladio
1074 1116 1297 1187 exemplaribus).
1337 1118 1441 1175 Coloss.
1461 1123 1492 1187 t,
1519 1134 1546 1175 v,
1572 1122 1613 1175 te.
1638 1121 1698 1186 εἰκῆ
1720 1117 1913 1192 φυσιούμενος

209 1205 307 1273 perire
324 1206 429 1274 aliquis
442 1207 546 1275 absque
559 1207 623 1262 alla
637 1224 729 1276 poeria
746 1207 935 1277 magistratus,
953 1215 986 1260 at
1004 1223 1047 1260 aa·
1075 1202 1187 1272 dicium,
1213 1205 1261 1275 qni
1287 1212 1387 1258 contra
1403 1207 1465 1259 Dei
1481 1205 1594 1259 verbam
1616 1210 1643 1256 at
1659 1204 1832 1259 uoluntatem
1851 1207 1911 1260 tse-

209 1291 352 1360 parientia
381 1293 549 1360 mundiora
590 1299 717 1346 testatra.
764 1293 974 1363 Respondemus
1013 1298 1048 1348 l.:
1075 1292 1257 1359 λοθρησκείας
1280 1290 1438 1345 introducit
1480 1289 1661 1361 Mssglttrtlut
1679 1305 1747 1362 ergo
1764 1288 1817 1345 οὐκ
1842 1294 1911 1361 titi,

214 1375 341 1432 Christus
361 1376 482 1432 desumit
498 1377 570 1433 hanc
589 1378 724 1434 rationem
741 1395 775 1433 ex
792 1378 982 1451 antiquissimo
1000 1378 1048 1432 illo
1074 1392 1130 1432 non
1148 1381 1259 1444 temere,
1277 1377 1350 1447 gerit
1366 1377 1500 1449 gladium,
1520 1377 1573 1431 hoa
1591 1381 1635 1432 est
1647 1377 1804 1447 gestatione
1814 1383 1845 1434 et
1856 1395 1910 1433 usu

214 1462 325 1518 decreto
344 1464 438 1519 divino
452 1463 516 1520 Gen
533 1471 558 1534 9,
573 1484 598 1519 v.
612 1471 642 1520 6:
663 1464 966 1536 Quieaaqaeaffsderit
983 1483 1047 1519 raa·
1073 1461 1161 1532 gladii
1189 1463 1259 1518 nihil
1288 1464 1348 1533 agit
1376 1469 1473 1520 contra
1498 1463 1553 1519 Dei
1580 1464 1752 1518 voluntatem
1774 1469 1805 1518 et
1829 1480 1909 1518 suam

212 1551 323 1617 patrem
341 1551 504 1617 humanum,
529 1554 590 1620 ejas
606 1553 725 1620 campsis
748 1553 906 1622 effundetur
927 1568 982 1620 per
1000 1554 1047 1606 to·
1073 1548 1257 1619 vocationem,
1285 1549 1414 1604 nimirum
1440 1550 1509 1619 quia
1527 1549 1659 1605 divinitus
1681 1549 1736 1622 ipsi
1755 1557 1800 1606 est
1817 1551 1909 1607 datus.

213 1637 365 1706 attremat
382 1636 504 1693 ostendit
521 1637 621 1702 Petro,
648 1643 747 1709 utpote
771 1656 826 1694 non
846 1638 995 1694 consumto
1019 1639 1048 1692 in
1072 1633 1158 1690 Exod.
1176 1641 1216 1705 20,
1231 1654 1257 1689 v.
1278 1641 1302 1692 7.
1321 1635 1500 1707 prohibemur
1519 1653 1620 1691 coma
1638 1637 1699 1691 Dei
1716 1653 1861 1691 mmmm
1878 1638 1910 1691 iri

216 1723 393 1794 magistratus
412 1723 518 1791 officio,
544 1740 600 1777 non
619 1740 680 1778 esse
707 1724 803 1778 datum
828 1724 968 1795 gladium,
998 1726 1046 1780 sed
1072 1739 1181 1789 aarum,
1201 1721 1251 1777 ubi
1266 1722 1373 1792 Aquila
1389 1722 1511 1778 reddidit
1530 1726 1568 1784 eir
1586 1724 1775 1794 dampnatas
1791 1723 1908 1779 verbum

212 1809 360 1865 temerario
379 1827 450 1865 ausa
467 1810 558 1881 ipsum
576 1810 629 1865 sibi
644 1812 692 1881 jus
711 1810 799 1881 gladii
818 1828 961 1882 arrogare,
991 1828 1046 1867 me·
1072 1812 1102 1861 01
1130 1808 1331 1864 ordinationem
1360 1809 1490 1866 divinam.
1528 1809 1686 1881 Usurpatur
1714 1810 1800 1866 etiam
1822 1812 1909 1880 parti·

213 1897 347 1952 tuendum
376 1897 462 1967 igitur
491 1913 563 1965 esse,
594 1914 629 1952 ne
660 1896 688 1951 in
720 1914 838 1968 poenam
866 1898 1045 1969 magistratus
1072 1894 1136 1949 cula
1162 1897 1220 1962 εἰκῆ
1247 1913 1299 1966 pro
1325 1913 1372 1964 eo,
1396 1897 1472 1968 quod
1494 1896 1526 1951 lit
1548 1899 1662 1962 fnatra
1680 1905 1706 1951 at
1728 1898 1790 1951 stae
1801 1899 1908 1965 fruma

213 1982 343 2050 incurrat,
363 1983 467 2054 quippe
484 1982 528 2037 cni
547 1983 680 2038 divinitus
698 1984 780 2039 datus
797 1985 833 2039 sit
849 1984 969 2055 gladius,
989 2002 1045 2055 quo
1072 1976 1214 2052 deffectu
1234 1988 1256 2039 1.
1275 1982 1336 2037 Oor.
1357 1988 1397 2050 15,
1415 2000 1441 2037 v.
1462 1989 1486 2038 2.
1506 1982 1569 2039 Gal.
1591 1989 1614 2052 3,
1634 2000 1660 2039 v.
1680 1989 1706 2042 4.
1727 1999 1752 2042 c.
1772 1990 1798 2051 1,
1817 2001 1843 2041 v.
1868 1990 1907 2040 11.

211 2069 241 2123 in
254 2069 361 2139 justam
374 2068 518 2141 sanguinis
533 2070 838 2126 effusionemvindicet
867 2070 940 2126 Vide
959 2071 1045 2127 barm
1072 2084 1127 2139 quo
1156 2084 1238 2123 sensu
1264 2068 1361 2124 itidem
1389 2068 1567 2139 magistratus
1595 2069 1721 2140 gladium
1745 2087 1803 2125 non
1833 2070 1907 2142 gerit

211 2171 310 2226 evang.
335 2156 370 2224 de
397 2171 470 2226 pass.
495 2173 557 2226 cap.
584 2162 609 2211 4.
629 2173 692 2228 pag.
718 2161 776 2213 170.
814 2164 837 2213 2.
863 2157 946 2212 Hanc
963 2157 1045 2212 inter-
1070 2153 1248 2227 frustraqui
1267 2156 1340 2211 enim
1357 2157 1535 2227 magistratus
1550 2157 1683 2226 potestati
1701 2156 1849 2227 resisbmt'
1862 2174 1906 2213 er·

212 2240 395 2312 pretationem
414 2241 535 2312 probant
552 2243 777 2298 circumstantiae
794 2248 894 2313 textas,
908 2243 979 2314 juris
998 2260 1045 2298 na·
1071 2241 1213 2311 pariantur
1229 2242 1317 2312 ipsius
1336 2242 1504 2307 vindictam,
1522 2242 1578 2296 imo
1599 2242 1651 2297 Dei
1670 2242 1815 2310 ultionem,
1832 2244 1906 2298 sicrrt

149 2337 151 2341 ’
212 2327 309 2382 ruralis
340 2327 452 2400 quidem
483 2333 525 2383 est
552 2329 685 2400 injustam
714 2329 772 2383 vim
796 2330 823 2384 ri
853 2330 986 2400 repellere
1017 2335 1045 2385 et
1071 2329 1211 2398 apostolus
1230 2328 1311 2383 dicit:
1342 2328 1399 2391 Qar'
1411 2331 1550 2398 potestati
1573 2330 1720 2395 resistant,
1750 2331 1810 2384 Dei
1827 2332 1905 2384 ardi-

211 2413 345 2469 adversus
369 2413 533 2469 irruentium
555 2414 694 2470 lenonum
717 2415 836 2470 insultus
864 2417 959 2487 gladio
983 2434 1044 2472 sese
1070 2414 1184 2467 actioni
1200 2416 1349 2481 resisterem·
1366 2417 1417 2484 qui
1435 2422 1528 2468 aaran
1544 2415 1688 2483 resistam,
1714 2415 1773 2484 ipsi
1790 2418 1845 2471 sibi
1857 2419 1905 2486 js-

210 2488 378 2567 defendere,
406 2500 455 2555 sed
481 2501 537 2556 alia
564 2518 597 2556 ac
615 2502 725 2557 diversa
750 2509 792 2557 est
821 2504 904 2568 ratio,
932 2505 1043 2574 quando
1071 2500 1176 2553 aarum
1202 2502 1360 2569 acquirant.
1412 2502 1499 2572 Syrus
1527 2500 1614 2557 habet
1638 2518 1735 2557 rocem
1762 2503 1916 2578 1111,ΡῇἼὲ

212 2585 390 2656 magistratus
408 2586 482 2656 ipse,
507 2587 553 2641 cui
574 2587 684 2659 gladius
703 2589 740 2642 ad
757 2588 892 2643 bonorum
909 2589 1044 2645 defensio·
1071 2586 1205 2650 inaniter,
1223 2588 1342 2651 frueba,
1361 2587 1390 2642 in
1407 2594 1526 2652 vanum,
1550 2588 1645 2644 arad.
1665 2588 1729 2655 p'tb
1752 2590 1907 2655 evacuavit,

213 2688 277 2727 nem
296 2672 378 2728 datus
398 2679 447 2742 est,
465 2673 561 2728 eodem
581 2675 707 2729 abutitur
727 2681 755 2730 et
772 2675 932 2731 innocentes
953 2677 1043 2747 oppri-
1070 2672 1161 2727 inanis
1182 2674 1275 2728 factus
1300 2681 1351 2733 est
1387 2673 1500 2728 Flacius
1524 2674 1553 2727 in
1577 2673 1646 2731 clav.
1666 2675 1768 2746 Script.
1787 2675 1823 2744 ,in
1838 2692 1906 2731 voce

212 2758 270 2829 init,
288 2759 362 2814 sicut
380 2760 432 2815 hoe
450 2759 511 2814 loco
529 2759 589 2814 fieri
606 2761 740 2824 videmus,
758 2761 806 2832 qui
825 2761 898 2816 enim
916 2763 953 2816 ad
973 2780 1044 2819 com·
1071 2759 1199 2814 Frustra:
1215 2762 1278 2814 Hoc
1296 2761 1459 2816 adverbium
1478 2760 1553 2814 aliae
1570 2770 1691 2815 removet
1700 2763 1755 2832 jae
1773 2770 1825 2816 aut
1840 2780 1905 2816 cau·

211 2846 439 2917 prehendendum
455 2846 596 2902 Christum
614 2854 756 2918 renuant,
774 2849 939 2904 auctoritate
957 2850 1043 2922 magi·
1070 2862 1131 2899 sam
1151 2848 1330 2918 efficientem,
1358 2855 1390 2901 at
1414 2847 1496 2902 Prov.
1524 2853 1553 2916 1,
1581 2865 1608 2904 r.
1636 2853 1677 2903 11.
1700 2849 1905 2904 remandamus

210 2937 314 2989 atratus
337 2940 416 2990 erant
438 2934 574 2990 instructi.
619 2935 788 2990 Sacerdotes
813 2937 915 2990 rammi
937 2942 1044 3007 partem
1071 2933 1213 2988 amorem·
1231 2935 1362 3003 laqueum
1380 2937 1511 3004 frustra,
1539 2935 1592 2989 boc
1617 2942 1657 2988 eet
1679 2935 1804 3004 injusta·
1828 2935 1905 2989 altae

211 3019 335 3091 aliquam
348 3021 481 3092 politicae
494 3021 703 3092 gubernationis
715 3021 891 3077 sustinebant
906 3022 987 3079 Dent
1004 3029 1043 3093 l'l,
1070 3027 1189 3075 removet
1200 3022 1355 3074 salutarem
1365 3022 1502 3091 effectam,
1519 3028 1550 3074 at
1561 3024 1674 3085 fnestra
1687 3022 1802 3091 aliquid
1811 3039 1905 3091 apere,

212 3124 238 3160 r.
269 3112 294 3166 9.
322 3106 505 3162 chiliarchum
535 3112 564 3162 et
592 3106 733 3162 cohortem
761 3108 907 3164 militarem
933 3110 1045 3165 miserat
1070 3107 1121 3160 boc
1139 3114 1180 3160 ast
1195 3108 1278 3160 irrito
1297 3115 1406 3161 conatu.
1442 3106 1548 3170 Quodti
1567 3124 1633 3179 ergo
1651 3107 1831 3179 magitudine
1846 3124 1904 3164 nou

208 3209 327 3264 praescr
345 3193 455 3249 nomine
472 3193 645 3263 imperatoris
661 3193 793 3263 Romani,
811 3201 877 3250 tunc
896 3197 969 3251 enim
988 3214 1043 3252 non
1069 3193 1187 3248 inaniter
1212 3210 1263 3249 nec
1287 3193 1391 3249 frustra
1407 3198 1500 3263 portat
1525 3193 1664 3264 gladium,
1693 3195 1793 3267 utique
1818 3196 1902 3251 eham

210 3279 277 3335 licet
299 3279 419 3335 subditis
445 3288 473 3335 et
491 3280 606 3350 privatis
629 3280 806 3352 magistratui
822 3282 963 3348 resistere,
993 3284 1042 3337 sed
1068 3280 1201 3335 adversus
1220 3280 1388 3336 facinorosos
1408 3287 1437 3335 et
1453 3287 1546 3335 sontes
1565 3297 1629 3335 eum
1652 3280 1736 3336 debet
1757 3282 1902 3354 stringere,

210 3366 392 3439 cogitandum
415 3366 483 3437 ipsis
510 3371 565 3430 est,
590 3366 765 3438 magiaaatui
789 3367 921 3423 divinitus
946 3369 1043 3424 datum
1069 3372 1214 3437 utramque
1242 3367 1316 3421 enim
1339 3366 1568 3437 significationem
1586 3367 1740 3437 particulae
1771 3370 1831 3435 εἰκῆ
1855 3369 1902 3423 hic

210 3469 273 3509 oese
291 3452 430 3524 gladium,
452 3469 507 3523 qno
525 3451 550 3506 si
568 3452 660 3507 minua
678 3458 753 3508 recte
772 3458 873 3518 utatur,
890 3454 983 3509 Deum
1002 3455 1043 3509 ul·
1069 3452 1173 3507 habere
1191 3453 1290 3522 locum,
1310 3452 1419 3523 patebit
1436 3470 1470 3507 ex
1488 3453 1678 3524 sequentibus.
1702 3459 1728 3510 2.
1749 3453 1902 3524 Apostolus

211 3544 299 3597 torem
326 3545 356 3594 et
378 3539 515 3593 vindicem
541 3538 671 3607 habebit,
700 3536 750 3593 sed
767 3538 882 3609 privatis
904 3534 1043 3596 nonlicet
1069 3540 1128 3609 ipse
1150 3539 1263 3609 exponit
1284 3556 1414 3608 cansam,
1439 3555 1526 3609 quare
1543 3538 1722 3610 magistratus
1744 3558 1802 3596 non
1823 3550 1903 3613 gerat

211 3631 309 3681 eonba
339 3625 507 3680 ordinarium
537 3625 730 3695 magistratum
760 3641 942 3697 consurgere,
968 3629 1042 3684 unde
1069 3626 1194 3697 gladium
1217 3628 1275 3693 εἰκῆ
1300 3626 1328 3679 in
1343 3624 1544 3696 significatione
1568 3626 1676 3696 priore,
1701 3627 1771 3696 qaia
1787 3647 1845 3682 aaa
1861 3638 1902 3683 ort

134 3717 136 3723 '
210 3711 335 3768 Christus
355 3711 448 3782 gladio
458 3711 535 3767 Petri
552 3711 664 3767 defendi
681 3712 733 3767 hoc
751 3712 811 3767 loco
828 3714 925 3780 noluit,
944 3716 993 3771 sed
1006 3717 1041 3771 ad
1065 3720 1193 3784 potestas
1210 3713 1268 3766 atsi
1285 3729 1305 3766 a
1327 3715 1406 3781 Deo,
1438 3730 1509 3781 qaae
1534 3721 1626 3766 autem
1647 3721 1805 3781 potestates
1830 3723 1902 3784 narrt,

210 3798 458 3855 considerationem
490 3799 635 3869 potestatis
661 3798 837 3870 magistratui
867 3800 950 3856 datae
979 3819 1041 3857 eum
1069 3817 1088 3854 a
1109 3801 1172 3852 Deo
1192 3799 1341 3853 ordinatae
1359 3807 1423 3852 rant
1440 3813 1466 3854 v.
1488 3806 1509 3855 1,
1536 3799 1588 3854 boc
1610 3805 1653 3854 est
1669 3798 1745 3853 Deus
1765 3800 1826 3871 ipso
1844 3818 1901 3856 rna·

210 3885 323 3940 remisit
361 3890 385 3940 t.
409 3885 548 3956 Urgemus
578 3901 639 3940 eam
667 3885 831 3954 particulam
859 3887 1042 3942 universalem
1069 3884 1198 3958 gistratui
1223 3885 1301 3940 dedit
1325 3891 1492 3956 potestatem
1519 3891 1549 3941 et
1572 3887 1620 3955 jus
1651 3886 1758 3956 gladii,
1784 3889 1901 3958 proinde

211 3987 304 4028 amaea
321 3976 399 4026 etex
418 3987 451 4024 ea
468 3970 632 4043 colligimus,
652 3972 809 4042 generalem
831 3979 858 4027 et
874 3974 1041 4028 ordinariam
1069 3973 1179 4044 qnando
1197 3972 1375 4043 magistratus
1394 3972 1518 4042 gladium
1536 3978 1629 4042 portat
1647 3979 1675 4028 et
1694 3973 1814 4045 stringit,
1832 3975 1901 4029 nihil

210 4055 255 4112 hia
283 4055 356 4110 tradi
380 4055 520 4128 regulam,
553 4056 629 4127 quod
653 4055 807 4113 homicidae
827 4059 974 4114 voluntarii
992 4079 1042 4131 per
1069 4060 1222 4130 quidquam
1244 4059 1303 4129 agit
1325 4062 1421 4112 contra
1447 4057 1501 4113 Dei
1526 4058 1726 4114 ordinationem
1752 4066 1781 4115 et
1805 4061 1901 4117 voluu-

210 4141 403 4214 magistratum
422 4142 517 4213 gladio
537 4143 702 4213 puniantur,
726 4145 771 4198 eui
795 4144 864 4199 nibil
882 4146 993 4202 decedit
1008 4164 1041 4201 ex
1068 4153 1164 4212 tatem,
1183 4143 1265 4199 modo
1281 4145 1362 4213 juxta
1382 4144 1458 4215 leges
1476 4149 1506 4201 et
1524 4144 1618 4200 debita
1635 4145 1741 4201 ratione
1754 4146 1825 4202 illud
1842 4147 1899 4202 fiat.

209 4245 256 4298 eo,
288 4228 362 4300 quod
389 4228 503 4299 quidam
519 4228 565 4289 vel
588 4229 761 4286 conniventia
785 4231 971 4302 magistratus,
996 4233 1040 4288 vel
1069 4239 1092 4288 3.
1112 4230 1194 4285 Unde
1214 4236 1342 4285 notanter
1359 4229 1473 4300 subjicit
1492 4230 1633 4300 apostolus
1650 4248 1675 4286 s.
1694 4237 1725 4288 t:
1742 4234 1900 4305 Maricas-

210 4314 333 4370 oriminia
351 4315 535 4370 occultatione
554 4314 679 4385 impunes
697 4316 813 4384 abeant,
836 4333 899 4370 cum
918 4317 987 4373 illud
1005 4319 1042 4373 sit
1069 4327 1112 4373 tra
1130 4319 1195 4372 idco
1213 4317 1359 4384 eoeperit
1376 4317 1505 4384 picatam
1522 4321 1594 4385 εἰκῆ,
1615 4327 1655 4371 est
1681 4319 1754 4373 asim
1773 4320 1900 4375 130ίωί-

83 4399 139 4443 ¹¹V·
153 4399 191 4443 Μ
211 4404 354 4467 desasto,
373 4420 430 4456 aaa
449 4403 484 4455 da
495 4402 572 4470 jare.
608 4401 696 4472 Atqui
716 4403 739 4456 si
757 4402 843 4458 verba
854 4403 956 4458 Christi
972 4405 1041 4460 dun·
1067 4407 1153 4459 sister
1170 4404 1276 4463 ἔκδικος
1287 4408 1325 4463 εἰς
1336 4402 1431 4475 ὀργήν,
1448 4404 1550 4456 aiadea
1561 4405 1603 4457 ad
1614 4404 1688 4459 iram
1701 4405 1770 4471 (sire
1783 4422 1901 4477 poenam

209 4493 287 4543 mxat
297 4488 515 4559 praedictionem
526 4489 707 4553 continerent,
722 4506 777 4543 non
790 4495 883 4559 posset
899 4489 929 4544 in
941 4507 1042 4562 genere
1067 4493 1263 4565 pataronensis
1285 4490 1344 4543 irae
1367 4487 1477 4543 nomine
1503 4494 1627 4559 accepto)
1650 4490 1705 4558 illi,
1729 4493 1781 4560 qai
1795 4494 1901 4547 malam

144 4626 152 4646 ,
210 4573 351 4641 affirmari,
372 4592 467 4631 ornnes
485 4575 623 4646 perituros
642 4575 745 4646 gladio,
763 4576 810 4646 qui
829 4576 953 4646 gladium
970 4578 1042 4632 acci-
1068 4579 1137 4648 apit.
1171 4577 1247 4649 Ergo
1266 4576 1377 4648 qnando
1394 4575 1573 4645 magistratus
1589 4575 1683 4646 gladio
1696 4576 1828 4634 divinitus
1847 4579 1901 4634 sibi

208 4661 297 4733 piunt.
332 4662 465 4726 Quamvis
494 4662 567 4717 enim
591 4660 746 4717 homicidae
771 4661 864 4717 divino
879 4663 986 4732 judicio
1006 4664 1043 4718 ad
1070 4666 1135 4720 dato
1153 4664 1277 4735 legitime
1295 4661 1391 4731 utitur,
1408 4659 1469 4715 Deo
1487 4661 1601 4717 exhibet
1616 4662 1807 4729 ministerium,
1825 4682 1901 4721 exer·

208 4765 313 4819 poenas
333 4749 492 4817 trahantur,
510 4765 566 4803 non
583 4755 677 4802 tamen
694 4764 787 4803 omnes
805 4748 900 4818 gladio
918 4755 1042 4820 pereunt.
1070 4756 1114 4806 cet
1133 4751 1285 4806 vindictam
1302 4748 1357 4805 Dei
1374 4754 1483 4819 gratam
1503 4754 1532 4804 et
1550 4749 1620 4804 iram
1637 4749 1696 4805 sire
1717 4768 1836 4821 poenam
1852 4753 1900 4808 fla·

210 4842 234 4892 4.
260 4834 337 4892 Neve
360 4835 418 4889 ulla
441 4839 527 4890 restet
551 4833 700 4900 dubitatio,
732 4836 926 4906 conjungimus
951 4837 1043 4892 locum
1070 4837 1144 4909 gitiis
1162 4837 1286 4892 debitam
1304 4834 1398 4889 divino
1413 4834 1521 4905 judicio
1540 4835 1652 4907 irrogat.
1688 4842 1713 4892 4.
1731 4837 1799 4894 Ideo
1818 4839 1901 4894 etim

209 4921 389 4992 apostolicum
416 4921 497 4976 Rom.
523 4926 568 4984 13,
594 4939 620 4977 v.
648 4926 673 4976 t.
701 4919 730 4974 in
752 4938 807 4991 quo
834 4923 902 4976 satis
921 4922 996 4979 clare
1015 4929 1043 4978 et
1069 4924 1249 4996 magistratus
1267 4923 1373 4977 terrori
1389 4929 1430 4975 eet
1447 4930 1473 4976 et
1486 4938 1545 4976 aare
1563 4923 1643 4976 debet
1661 4922 1767 4976 malum
1785 4942 1900 4994 aperan-

209 5006 356 5077 perspicue
375 5006 535 5077 exponitur,
553 5006 598 5060 cui
619 5006 700 5061 datus
719 5007 755 5060 sit
771 5008 901 5076 gladius,
922 5025 978 5079 qno
995 5008 1042 5065 ho·
1070 5011 1142 5064 tibus
1170 5027 1194 5063 r.
1222 5014 1248 5064 3.
1274 5007 1403 5062 nimirum
1428 5008 1494 5080 quia
1516 5007 1641 5079 gladium
1665 5008 1802 5065 vindicem
1821 5010 1901 5082 gerit,

209 5092 328 5148 micidae
351 5098 482 5164 pereunt,
510 5091 639 5147 videlicet
665 5093 859 5160 magistratui,
879 5094 994 5164 perinde
1012 5054 1126 5168 nthuo
1144 5094 1292 5150 malefacta
1309 5097 1419 5151 coercet
1447 5111 1480 5150 ac
1503 5095 1585 5166 punit
1607 5113 1631 5151 v.
1656 5101 1680 5151 4.
1705 5095 1822 5168 etquis
1845 5113 1902 5153 non

207 5178 238 5234 in
254 5178 290 5236 V.
311 5178 344 5232 T.
363 5178 477 5249 sanguis
495 5176 652 5233 homicidae
670 5178 770 5234 dicitur
788 5179 972 5235 effundendus
988 5198 1044 5250 per
1070 5184 1160 5238 solum
1172 5188 1292 5250 propter
1309 5182 1392 5251 iram,
1409 5184 1460 5236 aad
1474 5182 1559 5236 edam
1572 5189 1693 5251 propter
1704 5184 1902 5238 corrrcieatt'am

209 5265 346 5320 homiaem
360 5263 429 5320 Gen.
449 5270 473 5331 9,
491 5281 516 5316 v.
535 5268 558 5318 6.
580 5269 608 5318 01
625 5265 765 5320 exsecutio
784 5265 914 5335 supplicii
931 5266 1044 5322 homici·
1070 5267 1318 5337 obtemperandum
1336 5286 1361 5323 v.
1379 5275 1404 5325 5.
1424 5284 1461 5324 ne
1478 5268 1584 5323 scilicet
1595 5282 1699 5339 poenas
1710 5268 1792 5324 nobis
1810 5286 1901 5326 accer-

211 5349 263 5404 dae
297 5349 437 5421 irrogandi
476 5349 659 5404 demandatur
690 5352 789 5418 judici
830 5360 856 5405 at
890 5310 1163 5410 reaiambmlsamus
1188 5360 1217 5409 et
1240 5355 1436 5410 conscientiam
1459 5354 1599 5409 violemus.
1640 5359 1665 5410 5.
1691 5354 1747 5417 Qas'
1767 5358 1903 5427 potestati

210 5433 296 5490 Exod.
315 5440 356 5506 22,
376 5454 403 5492 v.
422 5440 463 5492 22.
482 5434 568 5491 Dent.
587 5441 628 5504 19,
645 5454 671 5492 v.
693 5441 732 5493 12.
753 5441 791 5492 17.
813 5442 852 5493 18.
1057 5441 1254 5512 ¹mapr2stratus
1277 5441 1403 5513 gladium
1429 5441 1549 5511 gmentis
1566 5441 1687 5511 resistit,
1705 5443 1767 5500 Der'
1784 5445 1901 5500 ordina·
