4020 6014
248 257 310 318 626
825 245 949 306 Locus
967 245 1172 305 molismus
1189 246 1369 311 QUARTUS

248 407 289 458 cis
313 405 423 473 aliquot
449 405 559 457 modios
580 405 718 467 frumenti
734 404 933 467 Mmmbat,
956 411 987 455 ut
1012 409 1082 456 essu
1111 401 1202 455 diuini
1231 402 1341 471 judieii
1381 399 1575 468 mnumtores,
1615 402 1683 453 dum
1723 400 1754 452 in
1791 399 1945 452 vindictam

249 493 326 559 quod
346 493 429 556 ferae
452 492 682 559 mercatust*
723 495 748 544 2.
775 487 804 543 si
828 488 993 558 prohibeant
1018 487 1081 543 sub·
1108 487 1237 548 ferarum
1265 491 1411 557 imopiuem
1441 490 1499 540 Dei
1528 487 1673 556 mqauitis
1699 487 1858 552 subjugant
1884 504 1945 554 nsp-

250 576 328 644 ditis,
356 593 391 630 ne
408 579 489 639 feras
509 593 541 628 ex
560 574 617 629 suis
634 576 709 645 agris
729 581 757 628 et
774 575 860 631 vineis
880 575 1017 629 stantibus
1034 574 1082 628 ad-
1104 573 1211 640 pliciis.

248 663 303 716 hue
320 662 457 716 fructibus
487 664 598 731 abiqere
623 669 651 715 et
666 661 799 715 molossos
822 661 858 713 ad
877 676 939 714 eam
957 675 1015 713 rem
1034 660 1081 714 ha·

249 749 327 815 bere,
346 749 387 801 vel
408 748 489 802 etiam
509 748 622 818 sepibus
641 746 741 801 fundos
762 762 826 800 suos
844 745 951 799 munire
969 746 1082 815 possint,
1492 793 1504 808 ,

248 833 278 886 id
296 834 370 903 quod
387 834 516 903 publicae
534 833 648 888 utilitati
667 833 771 886 directe
783 832 959 898 adversatur,
970 831 1096 918 publicai
1358 832 1378 890 c
1397 833 1424 890 Δ
1442 833 1466 891 P
1484 832 1511 890 U
1529 833 1553 890 Τ
1588 831 1688 891 VIII.

248 920 320 973 enim
340 921 467 983 interest,
495 927 555 974 sata
579 927 608 973 et
632 918 771 972 frumenta
794 917 830 971 ad
854 919 1096 1041 sustentationem?
1521 990 1524 991 ⁷
1723 986 1726 990 Ι
1956 932 2009 972 nt:

248 1006 456 1060 hominisnata
480 1023 498 1060 a
522 1007 589 1060 feris
616 1023 672 1060 non
696 1005 843 1058 devastmi.
881 1005 1082 1074 &Siinipso
1108 985 1172 1048 DE
1219 985 1535 1053 CONTRARHS
1578 986 1944 1052 MAGISTRATUI

249 1092 367 1146 venandi
386 1092 517 1146 exercitio
532 1091 736 1161 possessoribus
749 1107 878 1161 agrorum
890 1108 924 1145 ac
940 1091 1082 1145 vinearum
1296 1090 1400 1154 ADV
1411 1092 1436 1154 E
1446 1090 1504 1155 RS
1513 1092 1540 1154 A
1550 1088 1754 1154 NTIBUS,

245 1179 400 1246 plurimam
419 1181 518 1231 damni
536 1178 671 1241 inferant,
690 1179 776 1232 hetae
794 1185 902 1248 segetes
920 1177 1084 1231 conculcent

249 1271 278 1319 et
307 1264 425 1318 lacrimis
459 1266 643 1336 agricolarum
675 1281 740 1317 suas
775 1264 930 1333 voluptates
960 1263 1083 1333 irrigent,
1144 1263 1204 1314 435.
1247 1258 1293 1311 Ad
1321 1260 1459 1313 conuaria
1484 1260 1542 1314 sive
1567 1260 1722 1329 pugnantia
1750 1259 1897 1313 referimus
1925 1267 1943 1311 ι.

250 1368 319 1422 quos
338 1350 501 1405 Dominicus
519 1369 537 1405 a
556 1350 622 1406 Sota
644 1350 690 1406 lib.
714 1358 737 1406 1.
758 1350 793 1405 de
804 1352 871 1419 just.
890 1357 918 1404 et
931 1351 996 1420 jure
1013 1367 1040 1420 q.
1058 1355 1083 1404 6.
1110 1344 1297 1413 sumserat,
1324 1363 1433 1399 arares
1459 1365 1493 1398 ac
1514 1347 1630 1408 furores
1657 1364 1769 1409 corato,
1796 1345 1846 1416 qui
1871 1351 1944 1414 pote
1957 1343 2006 1403 iul*

251 1446 302 1492 art.
332 1445 355 1491 1.
381 1445 456 1490 recte
482 1437 580 1491 statuit
603 1437 639 1490 ad
664 1439 836 1499 refusionem
861 1438 1028 1489 domnorum
1055 1438 1083 1488 in
1110 1439 1209 1486 statem
1241 1439 1270 1484 et
1296 1428 1417 1484 officium
1451 1431 1629 1501 magistratus
1657 1430 1845 1499 labefactant,
1878 1449 1944 1500 quos
1956 1401 2009 1494 2⁸13

249 1527 316 1587 foro
342 1525 528 1577 conscientiae
553 1523 699 1576 obstrictos
720 1521 815 1576 tenen
859 1531 882 1576 1.
910 1521 939 1576 Si
965 1521 1086 1590 capitali
1110 1517 1235 1588 superius
1263 1535 1313 1571 suo
1342 1517 1401 1571 loco
1421 1519 1655 1588 enumeravimus;
1690 1525 1713 1573 2.
1733 1520 1875 1588 ἀναρχίαν
1902 1523 1942 1570 zui
1956 1502 2009 1535 ’ω

250 1610 389 1678 supplicio
420 1610 448 1662 in
476 1626 523 1663 eos
551 1609 771 1662 animadvertere
797 1608 895 1665 velint.
925 1607 972 1678 qui
997 1606 1084 1662 ieram
1110 1603 1274 1671 ἀπείθειαν,
1304 1605 1454 1658 sortitiones
1485 1622 1518 1656 oe
1548 1605 1726 1658 rabanonem
1759 1605 1942 1663 subditorum,

251 1712 334 1749 unam
360 1696 401 1749 vel
427 1695 544 1749 alteram
572 1695 745 1748 debellarint.
783 1694 915 1757 Quamvis
935 1694 1008 1747 enim
1029 1711 1085 1748 non
1112 1691 1160 1761 qui
1178 1690 1289 1744 divinm
1307 1690 1474 1745 ordinationi
1493 1691 1671 1760 magistratus
1690 1691 1822 1744 resistunt
1835 1699 1864 1744 st
1882 1690 1942 1744 obe-

173 1822 175 1826 >
253 1783 415 1835 damnemus
440 1781 596 1851 principum
622 1781 846 1844 constitutiones,
864 1781 891 1832 in
913 1780 1014 1849 quibus
1033 1779 1085 1834 sub
1111 1777 1231 1831 dentes
1259 1777 1413 1844 vinculum,
1441 1795 1496 1847 quo
1521 1777 1644 1832 obstricti
1673 1783 1811 1843 tenentur,
1842 1776 1943 1829 nelarie

252 1883 341 1936 poena
366 1868 461 1921 mortis
495 1867 654 1920 venationes
680 1864 799 1919 subditis
827 1867 1025 1935 prohibentur,
1052 1883 1086 1920 ac
1111 1863 1279 1932 dissolvunt3
1310 1869 1332 1917 3.
1359 1867 1502 1931 uetustas,
1532 1864 1726 1917 adnotationem
1760 1879 1869 1925 eoruur,
1897 1864 1942 1933 qui

250 1954 455 2022 jurisconsultis
481 1952 685 2007 discutiendum
711 1952 909 2022 relinquamus,
929 1969 966 2005 an
985 1953 1022 2019 is,
1040 1953 1086 2022 qui
1112 1951 1267 2020 principum
1281 1957 1445 2020 potestatem
1457 1951 1637 2005 immoderate
1649 1950 1792 2016 extollunt,
1805 1950 1943 2004 licentiam

253 2043 307 2093 non
327 2057 394 2093 casn
414 2056 464 2092 nec
483 2057 516 2094 ex
534 2039 698 2094 necessitate
714 2048 839 2112 coactnq,
857 2039 963 2092 scilicet
980 2038 1023 2092 vel
1042 2039 1088 2092 de·
1113 2036 1222 2104 quidvis
1246 2036 1366 2090 faciendi
1391 2038 1458 2106 ipsis
1490 2054 1649 2091 concessam
1676 2053 1736 2091 esse
1766 2044 1894 2090 statuunt
1919 2046 1944 2090 et

252 2125 383 2194 tensione,
400 2126 443 2180 vel
458 2133 631 2196 paupertate,
650 2141 746 2181 necor
758 2125 900 2194 voluptate
911 2123 998 2178 feram
1017 2124 1087 2177 occi·
1113 2123 1287 2192 gnathonicis
1304 2124 1360 2178 suis
1379 2125 1493 2178 vocibus
1514 2124 1655 2193 tyrannidi
1674 2123 1850 2178 occasionem
1871 2140 1944 2192 pras-

254 2212 333 2277 derit,
351 2212 399 2265 sed
419 2229 452 2266 ex
472 2219 612 2266 contemtu
632 2212 702 2281 legis
718 2211 802 2266 etiam
820 2211 902 2265 tertia
918 2210 986 2278 vice,
1005 2211 1086 2265 adeo·
1114 2209 1195 2277 hent;
1231 2216 1247 2263 4
1273 2208 1490 2270 incrementat,
1518 2212 1673 2262 euersam
1699 2219 1725 2262 et
1752 2212 1945 2263 consutiones

253 2315 307 2367 que
335 2297 444 2367 saepius
469 2304 565 2351 contm
588 2299 644 2351 tale
669 2297 801 2366 principis
830 2298 872 2349 sui
891 2297 1025 2364 edietum,
1043 2297 1087 2349 cui
1114 2296 1389 2364 rerumpublicarum,
1420 2297 1455 2350 de
1481 2313 1597 2367 quarum
1626 2296 1828 2365 speciebusue
1856 2296 1944 2349 musis

252 2383 380 2452 capitalis
415 2399 520 2452 poenae
552 2383 728 2437 comminatio
760 2382 862 2436 diserte
896 2390 940 2436 est
970 2383 1087 2452 adjecta,
1114 2381 1169 2434 late
1193 2381 1337 2451 disputant
1359 2381 1543 2452 Philosophus
1566 2383 1636 2437 libro
1665 2390 1702 2436 5.·
1714 2383 1792 2452 polit.
1823 2383 1944 2436 mann

253 2470 364 2524 venatui
389 2469 566 2538 pertinaciter
592 2468 737 2522 indulserit
761 2476 789 2522 et
813 2484 846 2522 ex
869 2467 975 2522 tonnae
993 2467 1086 2521 vendi·
1113 2465 1184 2521 libro
1202 2473 1224 2522 t.
1240 2468 1316 2537 polit
1337 2468 1419 2537 capit.
1442 2475 1464 2522 1.
1477 2467 1632 2522 Tolosanus
1645 2466 1715 2521 libro
1730 2474 1771 2522 21.
1785 2477 1814 2522 et
1832 2485 1945 2539 sequen·

252 2557 327 2609 tione
339 2571 471 2624 magnum
484 2554 537 2608 sibi
550 2556 657 2607 lucrum
669 2553 825 2624 acquisivit,
841 2560 963 2607 nontam
975 2566 1088 2623 propter
1113 2553 1161 2608 tib.
1181 2554 1217 2608 de
1235 2553 1367 2623 republic.
1387 2553 1524 2608 Patricius
1549 2553 1596 2607 lib.
1618 2561 1640 2608 6.
1672 2554 1708 2607 de
1726 2554 1813 2610 instit.
1832 2556 1945 2625 reipubl

254 2643 341 2710 ipsam
359 2640 479 2695 ferarum
497 2647 656 2709 capturam,
685 2656 768 2709 quam
787 2645 900 2708 propter
918 2639 1086 2708 pertinacem
1114 2655 1175 2708 cap.
1197 2647 1220 2692 5.
1243 2640 1354 2709 Lipsius
1379 2639 1441 2694 libr.
1463 2647 1487 2695 1.
1515 2639 1594 2708 polit.
1618 2656 1679 2709 cap.
1702 2647 1739 2694 lo.
1759 2651 1787 2695 et
1808 2648 1848 2697 11.
1867 2643 1944 2695 Arni·

255 2727 338 2781 edicti
356 2726 516 2796 principalis
531 2731 738 2779 contemtumet
756 2734 905 2778 extremam
922 2726 1086 2793 proterviam
1114 2742 1193 2779 saeos
1212 2725 1258 2778 lib.
1278 2733 1300 2778 2.
1323 2725 1399 2794 polit.
1424 2742 1483 2796 cap.
1503 2731 1525 2780 2.
1551 2734 1580 2778 et
1607 2743 1682 2796 seqq.
1703 2726 1806 2780 Jusrius
1832 2734 1903 2796 part.
1926 2739 1945 2783 1.

256 2813 353 2884 capitis
386 2830 477 2883 poena
505 2811 579 2866 affici
606 2812 704 2882 possit;
730 2819 822 2865 umen
842 2812 894 2881 piis
916 2811 1087 2880 principibus
1115 2818 1220 2882 quaest.
1240 2819 1262 2865 5.
1284 2811 1453 2867 Schinborn.
1471 2812 1534 2871 libr.
1551 2819 1574 2868 1.
1588 2813 1663 2882 polit.
1676 2821 1705 2867 et
1718 2813 1765 2866 ulii
1781 2814 1944 2884 complures.

254 2907 380 2953 anctmes
394 2917 495 2960 sumus,
515 2914 550 2952 ne
562 2898 590 2951 in
612 2899 785 2953 exsecutione
795 2914 946 2967 poenarum
960 2898 997 2950 ad
1016 2897 1087 2950 hanc
1114 2898 1223 2952 itte'fria
1236 2906 1328 2951 autem
1341 2915 1488 2968 regnorum
1507 2899 1590 2953 exitia
1602 2897 1721 2967 ἀσέβεια.
1739 2900 1847 2966 ἀδικία,
1867 2900 1945 2955 riett-

181 3005 183 3011 ’
254 2985 430 3039 severitatem
448 2985 634 3052 descendant,
651 2984 700 3039 sed
720 2985 824 3037 mulcta
843 2984 1012 3052 pecuniaria
1028 3000 1087 3036 car·
1114 3004 1182 3054 yae,
1200 2992 1357 3038 statuuntur
1377 3001 1394 3037 a
1411 2984 1557 3055 plerisque.
1569 2985 1606 3021 ἢ

255 3088 325 3139 cere,
346 3071 515 3141 relegatione
534 3069 630 3124 aliisve
642 3069 737 3138 poenis
748 3069 804 3123 sint
821 3054 951 3132 contenti,
971 3077 1002 3123 ut
1015 3069 1087 3123 enim
1150 3077 1206 3124 136.
1249 3071 1415 3124 Mutationes
1444 3071 1708 3141 rerumpublicarum
1734 3072 1861 3128 Bodinus
1879 3075 1907 3128 d.
1928 3076 1944 3127 1,

255 3164 347 3212 monet
359 3157 509 3210 Arnisuens
528 3156 575 3210 lib.
595 3160 618 3209 3.
638 3154 673 3210 de
687 3157 743 3225 jur.
764 3156 869 3225 majest.
889 3174 912 3210 c.
926 3164 951 3210 t.
968 3173 1042 3210 num.
1057 3161 1087 3210 3:
1114 3157 1149 3209 ad
1169 3157 1222 3210 tria
1244 3167 1354 3210 revocat
1381 3158 1487 3225 capita:
1515 3164 1536 3212 l.
1558 3165 1601 3212 est
1624 3157 1786 3223 ἀλλοίωσις,
1811 3160 1944 3227 amatio,

256 3248 325 3298 tant
342 3245 390 3310 jus
412 3245 535 3296 sisnandi
560 3244 627 3297 olim
650 3246 692 3296 ad
713 3245 838 3296 subditos
861 3244 1030 3310 pertinuerit
1053 3260 1087 3294 oe
1114 3245 1225 3313 quando
1248 3243 1405 3312 respublica
1422 3244 1461 3296 sic
1481 3251 1616 3314 mutatur,
1635 3252 1666 3300 ut
1684 3245 1759 3316 prior
1778 3247 1841 3316 ejus
1859 3247 1945 3302 forma
1975 3244 1981 3264 '

253 3331 330 3383 titali
349 3330 396 3382 etti
410 3330 582 3398 principum,
600 3346 633 3382 ea
654 3329 752 3399 quibam
769 3329 845 3381 iliad
864 3329 919 3381 aar
936 3328 1005 3381 solis
1024 3346 1084 3381 oert·
1114 3347 1168 3382 non
1188 3329 1296 3383 desinat
1314 3348 1365 3384 uec
1384 3340 1457 3385 nova
1476 3330 1620 3399 succedat,
1640 3339 1671 3386 ut
1688 3332 1711 3385 si
1729 3331 1803 3388 aliae
1822 3334 1945 3389 temtus

254 3417 365 3483 dicant,
390 3433 446 3468 non
463 3415 546 3468 nimis
564 3416 654 3477 firmis
679 3416 807 3469 nitantur
824 3414 996 3482 rationibus,
1022 3416 1086 3469 ideo
1113 3417 1198 3487 leges,
1215 3417 1238 3470 si
1256 3423 1379 3471 mutetur
1390 3417 1532 3487 religionis
1544 3424 1641 3486 status,
1660 3418 1684 3471 si
1703 3418 1801 3473 civitas
1819 3420 1944 3474 inalium

255 3503 284 3556 iu
307 3519 367 3569 eos,
390 3504 439 3568 qui
460 3503 541 3564 feras
565 3501 696 3555 naturali
720 3520 773 3555 sua
800 3503 927 3554 libertate
953 3508 1087 3568 vagantes
1113 3503 1203 3556 locum
1220 3503 1416 3571 transferatur3
1438 3510 1461 3559 2.
1479 3503 1631 3572 μεταβολή,
1649 3506 1800 3573 conversio,
1819 3523 1876 3577 qua
1894 3507 1944 3560 rei·

255 3590 394 3657 capiendo
408 3588 461 3655 jus
480 3588 557 3641 ittae
573 3596 717 3657 repetunt,
735 3589 886 3640 crudeliter
906 3590 1012 3641 saeuire
1031 3607 1085 3640 noa
1113 3588 1243 3658 publicae
1267 3588 1357 3642 forma
1373 3588 1402 3641 in
1422 3588 1504 3643 eham
1530 3596 1665 3660 mutatur,
1691 3599 1723 3645 ut
1741 3592 1765 3644 si
1784 3593 1944 3647 monarchis

254 3677 366 3740 dotem,
392 3691 424 3728 ac
447 3673 643 3729 moderatiores
663 3673 855 3742 jurisconsulti
873 3673 982 3737 dicum,
1006 3674 1086 3728 nimis
1113 3675 1311 3745 degeneratio
1329 3675 1503 3744 tyrannidem
1522 3677 1564 3731 vel
1582 3677 1792 3746 democratiam
1815 3684 1840 3734 3.
1859 3700 1943 3733 aava·

255 3762 354 3815 durum
380 3776 413 3813 ac
440 3759 538 3815 rationi
569 3760 773 3815 dissentaneum
801 3760 898 3826 videri,
925 3777 976 3831 pro
1002 3760 1086 3814 belua
1114 3767 1221 3830 traete,
1239 3761 1365 3816 interitus
1385 3780 1418 3816 ae
1436 3762 1558 3829 abolitio,
1580 3780 1636 3834 qua
1654 3764 1814 3834 respublica
1834 3766 1944 3836 penius

256 3849 351 3919 aliqua
369 3855 453 3916 capta
478 3845 614 3901 hominem
639 3848 676 3898 ad
695 3846 843 3918 imaginem
863 3846 917 3901 Dei
935 3847 1086 3901 factumst
1112 3848 1229 3904 deletur.
1265 3846 1370 3906 Causas
1393 3848 1576 3902 mutationum
1598 3849 1723 3921 plerique
1749 3851 1889 3906 reducunt
1908 3852 1942 3906 ad

253 3933 357 3988 Christi
375 3932 511 4003 sanguine
528 3932 681 3987 redemtum
699 3941 787 3986 morte
804 3932 931 3986 mulctari
950 3940 978 3987 et
995 3933 1086 4002 capite
1113 3942 1169 3989 tres
1186 3933 1303 3998 classes,
1326 3933 1455 3988 videlicet
1472 3935 1611 4003 diuinam,
1637 3936 1784 3990 naturales
1803 3948 1828 3992 et
1848 3939 1943 3992 hama—

254 4019 380 4088 protinus
397 4018 491 4088 plecti,
524 4019 633 4072 Zoanet
660 4018 695 4072 de
727 4018 803 4087 dupl.
820 4026 911 4073 venat.
942 4036 1015 4072 num.
1045 4029 1083 4073 aa.
1112 4037 1172 4073 nas.
1216 4021 1340 4073 Divinae
1365 4037 1464 4074 causae
1490 4020 1676 4089 appellatione
1701 4022 1862 4094 intelligunt
1887 4025 1939 4080 Dei

254 4105 458 4161 Wesenbekius
471 4104 500 4158 in
513 4112 599 4174 parat.
615 4105 643 4158 ff.
657 4106 694 4159 de
708 4106 811 4175 acquir.
824 4121 876 4159 rer.
890 4105 962 4160 dom.
975 4123 1048 4160 num.
1063 4113 1085 4160 1.
1112 4106 1313 4175 providentiam
1341 4115 1369 4160 et
1403 4106 1543 4160 decretum
1567 4107 1602 4162 de
1632 4107 1753 4178 periodis
1781 4126 1943 4182 regnorum

254 4194 323 4249 dure
342 4191 477 4246 Saronico
505 4193 591 4244 veteri
615 4207 743 4260 expresse
767 4190 949 4261 prohibitum,
973 4192 1086 4262 capitah
1112 4193 1259 4245 naturales
1283 4197 1347 4246 suat
1373 4193 1416 4245 vel
1437 4194 1613 4261 remotiores,
1638 4201 1669 4249 ut
1692 4195 1732 4248 vis
1755 4197 1902 4253 stellarum
1917 4207 1944 4253 et

254 4279 391 4349 supplicio
409 4277 529 4332 ferarum
555 4285 682 4347 captores
702 4276 817 4331 afficere
840 4276 886 4331 lib.
906 4285 929 4332 2.
948 4278 1086 4348 taatretbt
1112 4294 1258 4346 corporum
1270 4279 1440 4344 coelestium,
1458 4278 1502 4334 rel
1510 4281 1669 4348 propiores,
1681 4289 1713 4335 ut
1724 4291 1943 4354 temporaneam

254 4375 304 4420 art.
324 4372 365 4421 tl.
387 4367 419 4420 ba
440 4366 507 4421 oon
525 4366 572 4418 beu
592 4363 726 4432 hictibus
747 4365 824 4432 tebni,
848 4366 898 4431 gab
915 4378 941 4417 tt
962 4364 1015 4432 ibtu
1035 4366 1085 4420 oe·
1113 4365 1244 4431 locorum,
1265 4364 1352 4435 etqui
1366 4366 1403 4419 ab
1417 4364 1460 4418 his
1473 4365 1530 4420 fere
1542 4367 1674 4431 oriuntur,
1688 4386 1778 4422 mores
1789 4369 1943 4435 hominum

255 4456 321 4508 tacit
341 4452 512 4518 assurget,
532 4449 615 4518 {Iittbt
633 4450 686 4503 aab
706 4450 756 4503 alle
774 4450 850 4504 toitbe
869 4450 975 4518 ibiete,
993 4453 1086 4505 batum
1113 4467 1213 4505 causae
1231 4452 1369 4504 humanae
1390 4452 1432 4505 vel
1456 4458 1521 4504 sunt
1540 4455 1697 4522 exteriores,
1723 4455 1769 4508 rel
1787 4457 1942 4511 interiores.

255 4540 336 4607 tabeo
355 4537 404 4594 totr
432 4537 471 4591 bie
490 4537 543 4591 rint
565 4536 682 4590 Urtunte
707 4546 759 4591 oon
780 4536 861 4601 ortt,
888 4537 937 4606 tais
962 4537 1085 4593 niemaub
1113 4538 1277 4591 Exterieres
1294 4543 1359 4590 sunt
1371 4537 1477 4592 menae
1495 4538 1676 4607 respublicae,
1690 4557 1764 4610 quas
1776 4545 1943 4612 potentiores

254 4625 306 4693 itin
326 4626 409 4680 tebet
430 4639 465 4678 an
484 4623 565 4691 biritu
582 4622 668 4678 tteitn
688 4623 921 4678 ammiratione.
958 4623 1085 4679 Detesta-
1112 4624 1247 4678 anemis
1257 4624 1556 4687 inimieac3iutertores
1568 4625 1672 4695 inipsis
1681 4626 1854 4696 reipublicae
1862 4630 1942 4686 visse

253 4711 327 4764 hone
345 4711 430 4781 igitur
448 4710 562 4778 dignum
582 4717 632 4776 est,
652 4711 727 4779 qnod
739 4709 883 4765 Galestius
902 4711 1006 4765 Stortia
1024 4713 1086 4766 coii-
1113 4710 1189 4765 ribus
1197 4711 1340 4765 haerentes
1350 4717 1415 4765 sunt
1432 4711 1475 4764 vel
1485 4713 1628 4781 generales
1639 4714 1767 4768 omnibus
1775 4716 1943 4787 reipublicae

255 4798 298 4867 git
315 4797 443 4851 colonum
461 4802 493 4850 ut
509 4797 637 4864 leporem,
656 4812 737 4866 quem
750 4805 871 4865 ceperat,
891 4798 1006 4851 andum
1023 4816 1086 4853 oum
1113 4789 1232 4851 statibus
1251 4807 1335 4866 atque
1350 4797 1492 4851 ordinibus
1511 4814 1676 4866 communes,
1695 4799 1739 4854 vel
1760 4804 1900 4870 specula
1916 4806 1943 4857 in

255 4883 327 4951 pelle
346 4882 504 4948 devoraret,
524 4899 557 4936 ex
577 4899 632 4951 quo
651 4891 775 4936 mortuus
791 4891 848 4950 est,
873 4882 970 4937 Corius
990 4885 1043 4938 vol.
1062 4893 1086 4939 6.
1113 4884 1209 4938 ordine
1228 4884 1428 4948 ecclesiastico,
1455 4884 1568 4954 politico
1585 4894 1613 4940 et
1629 4887 1821 4955 oeconomico,
1848 4891 1942 4960 quodsi

255 4968 347 5023 histor.
365 4968 475 5023 Mediol
502 4967 633 5037 quodque
659 4969 750 5023 adhuc
774 4969 855 5023 hodie
872 4969 957 5039 aliqui
976 4971 1087 5039 majoris
1114 4971 1187 5024 onim
1201 4970 1365 5034 idololatria,
1384 4979 1537 5027 contemtus
1552 4973 1637 5036 verbi,
1650 4974 1794 5040 securitas,
1809 4976 1943 5046 impietas,

255 5053 404 5110 aestimarit
420 5056 505 5109 vitam
522 5055 640 5124 alicujus
652 5056 727 5110 ferae
744 5071 828 5124 quam
845 5054 969 5118 hominis,
986 5057 1086 5125 quibus
1114 5057 1264 5127 injustitia,
1291 5056 1433 5123 libidines,
1464 5059 1571 5112 luxuria
1597 5075 1630 5113 ac
1655 5059 1757 5114 similia
1784 5063 1888 5118 delicta
1917 5065 1943 5117 in

255 5141 462 5197 Sarisbeirensis
480 5142 507 5194 in
521 5141 645 5210 patierat.
661 5141 705 5196 lib.
727 5148 748 5196 1.
761 5158 785 5196 c.
801 5150 825 5195 4.
844 5160 979 5194 summam
990 5141 1088 5197 tribuit
1113 5143 1240 5197 omnibus
1260 5143 1304 5196 vel
1325 5143 1464 5213 aliquibus
1490 5144 1659 5213 reipublicae
1677 5146 1824 5201 ordiinbus
1842 5149 1942 5204 invaie

254 5231 403 5280 cesaream.
456 5228 492 5278 In
523 5235 630 5279 tantam
658 5228 767 5297 (inquit)
787 5231 923 5295 quosdam
953 5231 1087 5283 sanitatis
1113 5237 1207 5294 scunt,
1235 5230 1425 5284 conversiones
1450 5240 1479 5284 et
1505 5232 1661 5285 eversiones
1678 5233 1943 5303 rerumpublicarum

255 5314 414 5367 verumne
441 5314 574 5365 instituta
592 5315 719 5366 ememtes
738 5316 864 5381 erupisse
879 5316 1035 5384 ossariiam,
1056 5326 1087 5369 ut
1113 5332 1207 5370 earum
1225 5316 1303 5386 sequi
1322 5324 1528 5370 consueverunt
1570 5315 1642 5372 Vide
1668 5319 1823 5387 quaestion.
1842 5321 1945 5392 politic.

255 5403 345 5454 hostes
363 5410 484 5453 naturae
496 5400 614 5466 floruit,
632 5401 801 5452 cortduionis
822 5417 889 5453 atae
908 5401 1086 5469 interemtores,
1114 5402 1209 5457 decad.
1230 5408 1271 5458 10.
1289 5409 1395 5472 quaest
1418 5411 1438 5456 1.
1462 5409 1486 5459 2.
1506 5408 1535 5456 et
1554 5411 1578 5458 3.
1616 5405 1767 5471 Scnptura
1791 5425 1879 5462 sacra
1901 5409 1945 5464 do
