<?xml version="1.0" encoding="UTF-8"?>
<!DOCTYPE html PUBLIC "-//W3C//DTD XHTML 1.0 Transitional//EN"
    "http://www.w3.org/TR/xhtml1/DTD/xhtml1-transitional.dtd">
<html xmlns="http://www.w3.org/1999/xhtml" xml:lang="en" lang="en">
 <head>
  <title>
</title>
<meta http-equiv="Content-Type" content="text/html;charset=utf-8" />
  <meta name='ocr-system' content='tesseract 3.04.00' />
  <meta name='ocr-capabilities' content='ocr_page ocr_carea ocr_par ocr_line ocrx_word'/>
</head>
<body>
  <div class='ocr_page' id='page_1' title='image "./locitheologicic01gerhgoog/locitheologicic01gerhgoog_0275.png"; bbox 0 0 4020 6014; ppageno 0'>
   <div class='ocr_carea' id='block_1_1' title="bbox 158 914 1813 1459">
    <p class='ocr_par' dir='ltr' id='par_1_1' title="bbox 49 914 1813 1459">
     <span class='ocr_line' id='line_1_1' title="bbox 158 914 1813 1161; baseline 0.01 -26.888"><span class='ocrx_word' id='word_1_1' title='bbox 158 1090 204 1133; x_wconf 84' lang='lat'>..</span> <span class='ocrx_word' id='word_1_2' title='bbox 418 1028 702 1153; x_wconf 81' lang='lat' dir='ltr'>nocua</span> <span class='ocrx_word' id='word_1_3' title='bbox 746 924 1234 1149; x_wconf 35' lang='lat' dir='ltr'>vron‘alnus</span> <span class='ocrx_word' id='word_1_4' title='bbox 1277 1004 1709 1161; x_wconf 74' lang='lat' dir='ltr'>ansanus</span> <span class='ocrx_word' id='word_1_5' title='bbox 1809 914 1813 941; x_wconf 21' lang='grc' dir='ltr'><em>Ξ</em></span> 
     </span>
     <span class='ocr_line' id='line_1_2' title="bbox 558 1301 1569 1459; baseline 0.001 -3"><span class='ocrx_word' id='word_1_6' title='bbox 558 1306 652 1457; x_wconf 83' lang='lat' dir='ltr'>DE</span> <span class='ocrx_word' id='word_1_7' title='bbox 707 1303 1198 1457; x_wconf 78' lang='lat' dir='ltr'>MAGISTRATU-</span> <span class='ocrx_word' id='word_1_8' title='bbox 1226 1301 1569 1459; x_wconf 69' lang='lat' dir='ltr'>Petillii).</span> 
     </span>
    </p>
   </div>
   <div class='ocr_carea' id='block_1_2' title="bbox 840 1631 1277 1703">
    <p class='ocr_par' dir='ltr' id='par_1_2' title="bbox 840 1631 1277 1703">
     <span class='ocr_line' id='line_1_3' title="bbox 840 1631 1277 1703; baseline 0 -1"><span class='ocrx_word' id='word_1_9' title='bbox 840 1631 1277 1703; x_wconf 78' lang='lat' dir='ltr'><strong>PROOEMIUM.</strong></span> 
     </span>
    </p>
   </div>
   <div class='ocr_carea' id='block_1_3' title="bbox 1048 1861 1075 1925">
    <p class='ocr_par' dir='ltr' id='par_1_3' title="bbox 1048 1861 1075 1925">
     <span class='ocr_line' id='line_1_4' title="bbox 1048 1861 1075 1925; baseline -0.074 0"><span class='ocrx_word' id='word_1_10' title='bbox 1048 1861 1075 1925; x_wconf 95' lang='grc' dir='ltr'>Ι.</span> 
     </span>
    </p>
   </div>
   <div class='ocr_carea' id='block_1_4' title="bbox 91 1972 2000 5297">
    <p class='ocr_par' dir='ltr' id='par_1_4' title="bbox 91 1972 1911 2097">
     <span class='ocr_line' id='line_1_5' title="bbox 91 1972 1911 2097; baseline 0.001 -15"><span class='ocrx_word' id='word_1_11' title='bbox 91 2037 157 2076; x_wconf 72' lang='lat' dir='ltr'>nura</span> <span class='ocrx_word' id='word_1_12' title='bbox 253 1972 430 2083; x_wconf 80' lang='lat' dir='ltr'>Doctrinam</span> <span class='ocrx_word' id='word_1_13' title='bbox 449 2026 620 2082; x_wconf 89' lang='lat' dir='ltr'>deecclesia</span> <span class='ocrx_word' id='word_1_14' title='bbox 641 2031 673 2081; x_wconf 89' lang='lat' dir='ltr'>et</span> <span class='ocrx_word' id='word_1_15' title='bbox 691 2025 843 2080; x_wconf 87' lang='lat' dir='ltr'>ministerio</span> <span class='ocrx_word' id='word_1_16' title='bbox 862 2024 1050 2080; x_wconf 89' lang='lat' dir='ltr'>ecclesiastico</span> <span class='ocrx_word' id='word_1_17' title='bbox 1077 2040 1132 2094; x_wconf 89' lang='lat' dir='ltr'>que</span> <span class='ocrx_word' id='word_1_18' title='bbox 1155 2024 1258 2080; x_wconf 89' lang='lat' dir='ltr'>ordinis</span> <span class='ocrx_word' id='word_1_19' title='bbox 1281 2029 1379 2078; x_wconf 89' lang='lat' dir='ltr'>auctor</span> <span class='ocrx_word' id='word_1_20' title='bbox 1404 2030 1433 2079; x_wconf 89' lang='lat' dir='ltr'>et</span> <span class='ocrx_word' id='word_1_21' title='bbox 1452 2031 1641 2095; x_wconf 86' lang='lat' dir='ltr'>conservator;</span> <span class='ocrx_word' id='word_1_22' title='bbox 1672 2031 1700 2083; x_wconf 85' lang='grc'>3.</span> <span class='ocrx_word' id='word_1_23' title='bbox 1723 2029 1848 2097; x_wconf 81' lang='lat' dir='ltr'>subjecto</span> <span class='ocrx_word' id='word_1_24' title='bbox 1867 2046 1911 2083; x_wconf 82' lang='lat' dir='ltr'>re·</span> 
     </span>
    </p>

    <p class='ocr_par' dir='ltr' id='par_1_5' title="bbox 92 2088 2000 4598">
     <span class='ocr_line' id='line_1_6' title="bbox 92 2088 1910 2186; baseline 0 -19"><span class='ocrx_word' id='word_1_25' title='bbox 92 2088 187 2128; x_wconf 57' lang='lat' dir='ltr'>“m</span> <span class='ocrx_word' id='word_1_26' title='bbox 219 2112 392 2168; x_wconf 86' lang='lat' dir='ltr'>convenienti</span> <span class='ocrx_word' id='word_1_27' title='bbox 410 2113 509 2167; x_wconf 79' lang='lat' dir='ltr'>ordine</span> <span class='ocrx_word' id='word_1_28' title='bbox 527 2112 652 2183; x_wconf 87' lang='lat' dir='ltr'>sequitur</span> <span class='ocrx_word' id='word_1_29' title='bbox 675 2111 808 2167; x_wconf 73' lang='lat' dir='ltr'>articulus</span> <span class='ocrx_word' id='word_1_30' title='bbox 834 2111 869 2165; x_wconf 92' lang='lat' dir='ltr'>de</span> <span class='ocrx_word' id='word_1_31' title='bbox 886 2110 1050 2182; x_wconf 85' lang='lat' dir='ltr'>magistratu</span> <span class='ocrx_word' id='word_1_32' title='bbox 1075 2116 1293 2181; x_wconf 70' lang='lat' dir='ltr'>metanturque</span> <span class='ocrx_word' id='word_1_33' title='bbox 1312 2096 1433 2180; x_wconf 82' lang='lat' dir='ltr'>potestas</span> <span class='ocrx_word' id='word_1_34' title='bbox 1452 2110 1661 2167; x_wconf 89' lang='lat' dir='ltr'>abhominibus</span> <span class='ocrx_word' id='word_1_35' title='bbox 1682 2112 1910 2186; x_wconf 56' lang='lat' dir='ltr'>administratum</span> 
     </span>
     <span class='ocr_line' id='line_1_7' title="bbox 218 2194 1909 2271; baseline 0.003 -20"><span class='ocrx_word' id='word_1_36' title='bbox 218 2198 341 2270; x_wconf 86' lang='lat' dir='ltr'>politico,</span> <span class='ocrx_word' id='word_1_37' title='bbox 379 2205 400 2255; x_wconf 93' lang='lat' dir='ltr'>l.</span> <span class='ocrx_word' id='word_1_38' title='bbox 421 2200 488 2269; x_wconf 91' lang='lat' dir='ltr'>quia</span> <span class='ocrx_word' id='word_1_39' title='bbox 507 2204 539 2253; x_wconf 88' lang='lat' dir='ltr'>nt</span> <span class='ocrx_word' id='word_1_40' title='bbox 557 2198 740 2251; x_wconf 73' lang='lat' dir='ltr'>ministeriam</span> <span class='ocrx_word' id='word_1_41' title='bbox 759 2197 976 2250; x_wconf 80' lang='lat' dir='ltr'>ecclesiasticam</span> <span class='ocrx_word' id='word_1_42' title='bbox 995 2194 1049 2266; x_wconf 92' lang='lat' dir='ltr'>pri·</span> <span class='ocrx_word' id='word_1_43' title='bbox 1076 2199 1101 2248; x_wconf 73' lang='grc'>4.</span> <span class='ocrx_word' id='word_1_44' title='bbox 1122 2212 1210 2248; x_wconf 83' lang='lat' dir='ltr'>caasa</span> <span class='ocrx_word' id='word_1_45' title='bbox 1226 2196 1310 2259; x_wconf 74' lang='lat' dir='ltr'>finali</span> <span class='ocrx_word' id='word_1_46' title='bbox 1327 2197 1471 2265; x_wconf 71' lang='lat' dir='ltr'>generice,</span> <span class='ocrx_word' id='word_1_47' title='bbox 1499 2204 1617 2269; x_wconf 87' lang='lat' dir='ltr'>utraque</span> <span class='ocrx_word' id='word_1_48' title='bbox 1637 2200 1853 2271; x_wconf 88' lang='lat' dir='ltr'>enimpotestas</span> <span class='ocrx_word' id='word_1_49' title='bbox 1872 2203 1909 2256; x_wconf 90' lang='lat' dir='ltr'>ad</span> 
     </span>
     <span class='ocr_line' id='line_1_8' title="bbox 217 2280 1911 2359; baseline 0.002 -19"><span class='ocrx_word' id='word_1_50' title='bbox 217 2302 300 2349; x_wconf 90' lang='lat' dir='ltr'>mam,</span> <span class='ocrx_word' id='word_1_51' title='bbox 325 2285 365 2340; x_wconf 89' lang='lat' dir='ltr'>sic</span> <span class='ocrx_word' id='word_1_52' title='bbox 388 2287 572 2356; x_wconf 73' lang='lat' dir='ltr'>magistratus</span> <span class='ocrx_word' id='word_1_53' title='bbox 598 2286 775 2340; x_wconf 78' lang='lat' dir='ltr'>Christianae</span> <span class='ocrx_word' id='word_1_54' title='bbox 803 2283 919 2338; x_wconf 85' lang='lat' dir='ltr'>alteram</span> <span class='ocrx_word' id='word_1_55' title='bbox 947 2282 1049 2337; x_wconf 88' lang='lat' dir='ltr'>hierar·</span> <span class='ocrx_word' id='word_1_56' title='bbox 1078 2280 1212 2337; x_wconf 88' lang='lat' dir='ltr'>ecclesiae</span> <span class='ocrx_word' id='word_1_57' title='bbox 1230 2281 1432 2337; x_wconf 80' lang='lat' dir='ltr'>collectionem.</span> <span class='ocrx_word' id='word_1_58' title='bbox 1460 2284 1694 2340; x_wconf 88' lang='lat' dir='ltr'>conservationem</span> <span class='ocrx_word' id='word_1_59' title='bbox 1719 2303 1752 2340; x_wconf 90' lang='lat' dir='ltr'>ao</span> <span class='ocrx_word' id='word_1_60' title='bbox 1769 2304 1911 2359; x_wconf 88' lang='lat' dir='ltr'>propaga·</span> 
     </span>
     <span class='ocr_line' id='line_1_9' title="bbox 217 2368 1911 2441; baseline 0 -13"><span class='ocrx_word' id='word_1_61' title='bbox 217 2372 307 2428; x_wconf 88' lang='lat' dir='ltr'>chiam</span> <span class='ocrx_word' id='word_1_62' title='bbox 333 2372 390 2426; x_wconf 90' lang='lat' dir='ltr'>sive</span> <span class='ocrx_word' id='word_1_63' title='bbox 409 2377 513 2427; x_wconf 89' lang='lat' dir='ltr'>statum</span> <span class='ocrx_word' id='word_1_64' title='bbox 537 2372 566 2425; x_wconf 93' lang='lat' dir='ltr'>in</span> <span class='ocrx_word' id='word_1_65' title='bbox 593 2371 711 2427; x_wconf 90' lang='lat' dir='ltr'>ecclesia</span> <span class='ocrx_word' id='word_1_66' title='bbox 737 2371 869 2425; x_wconf 90' lang='lat' dir='ltr'>divinitus</span> <span class='ocrx_word' id='word_1_67' title='bbox 892 2369 1049 2424; x_wconf 85' lang='lat' dir='ltr'>ordinatum</span> <span class='ocrx_word' id='word_1_68' title='bbox 1076 2369 1187 2432; x_wconf 91' lang='lat' dir='ltr'>tionem,</span> <span class='ocrx_word' id='word_1_69' title='bbox 1212 2368 1334 2440; x_wconf 90' lang='lat' dir='ltr'>itemque</span> <span class='ocrx_word' id='word_1_70' title='bbox 1353 2369 1390 2424; x_wconf 89' lang='lat' dir='ltr'>ad</span> <span class='ocrx_word' id='word_1_71' title='bbox 1408 2368 1462 2424; x_wconf 90' lang='lat' dir='ltr'>Dei</span> <span class='ocrx_word' id='word_1_72' title='bbox 1479 2370 1597 2441; x_wconf 78' lang='lat' dir='ltr'>gloriam</span> <span class='ocrx_word' id='word_1_73' title='bbox 1615 2372 1742 2427; x_wconf 88' lang='lat' dir='ltr'>ordinata</span> <span class='ocrx_word' id='word_1_74' title='bbox 1760 2380 1810 2428; x_wconf 83' lang='lat' dir='ltr'>est.</span> <span class='ocrx_word' id='word_1_75' title='bbox 1848 2374 1911 2428; x_wconf 88' lang='lat' dir='ltr'>Mu·</span> 
     </span>
     <span class='ocr_line' id='line_1_10' title="bbox 217 2454 1908 2528; baseline 0.002 -15"><span class='ocrx_word' id='word_1_76' title='bbox 217 2458 368 2514; x_wconf 90' lang='lat' dir='ltr'>constituit.</span> <span class='ocrx_word' id='word_1_77' title='bbox 403 2463 426 2512; x_wconf 82' lang='lat'>2.</span> <span class='ocrx_word' id='word_1_78' title='bbox 453 2457 525 2522; x_wconf 84' lang='lat' dir='ltr'>Quia</span> <span class='ocrx_word' id='word_1_79' title='bbox 551 2459 733 2528; x_wconf 73' lang='lat' dir='ltr'>magistratus</span> <span class='ocrx_word' id='word_1_80' title='bbox 758 2474 814 2512; x_wconf 92' lang='lat' dir='ltr'>non</span> <span class='ocrx_word' id='word_1_81' title='bbox 846 2457 935 2510; x_wconf 89' lang='lat' dir='ltr'>minus</span> <span class='ocrx_word' id='word_1_82' title='bbox 966 2472 1049 2526; x_wconf 91' lang='lat' dir='ltr'>quam</span> <span class='ocrx_word' id='word_1_83' title='bbox 1074 2461 1137 2509; x_wconf 86' lang='lat' dir='ltr'>tuas</span> <span class='ocrx_word' id='word_1_84' title='bbox 1154 2454 1238 2509; x_wconf 90' lang='lat' dir='ltr'>etiam</span> <span class='ocrx_word' id='word_1_85' title='bbox 1257 2455 1309 2510; x_wconf 90' lang='lat' dir='ltr'>sibi</span> <span class='ocrx_word' id='word_1_86' title='bbox 1334 2455 1450 2509; x_wconf 90' lang='lat' dir='ltr'>tradunt</span> <span class='ocrx_word' id='word_1_87' title='bbox 1478 2473 1582 2526; x_wconf 88' lang='lat' dir='ltr'>operas.</span> <span class='ocrx_word' id='word_1_88' title='bbox 1619 2457 1803 2514; x_wconf 85' lang='lat' dir='ltr'>Ministerium</span> <span class='ocrx_word' id='word_1_89' title='bbox 1821 2462 1908 2516; x_wconf 93' lang='lat' dir='ltr'>ecclc-</span> 
     </span>
     <span class='ocr_line' id='line_1_11' title="bbox 217 2542 1908 2616; baseline 0.004 -19"><span class='ocrx_word' id='word_1_90' title='bbox 217 2544 401 2598; x_wconf 81' lang='lat' dir='ltr'>miuistsriam</span> <span class='ocrx_word' id='word_1_91' title='bbox 419 2543 455 2599; x_wconf 93' lang='lat' dir='ltr'>ob</span> <span class='ocrx_word' id='word_1_92' title='bbox 480 2544 613 2599; x_wconf 88' lang='lat' dir='ltr'>ecclesiae</span> <span class='ocrx_word' id='word_1_93' title='bbox 638 2542 839 2612; x_wconf 82' lang='lat' dir='ltr'>collectionem,</span> <span class='ocrx_word' id='word_1_94' title='bbox 864 2542 1048 2598; x_wconf 87' lang='lat' dir='ltr'>conservatio·</span> <span class='ocrx_word' id='word_1_95' title='bbox 1073 2542 1216 2598; x_wconf 90' lang='lat' dir='ltr'>siasticum</span> <span class='ocrx_word' id='word_1_96' title='bbox 1229 2543 1258 2597; x_wconf 94' lang='lat' dir='ltr'>ln</span> <span class='ocrx_word' id='word_1_97' title='bbox 1271 2543 1468 2613; x_wconf 76' lang='lat' dir='ltr'>temporalibus</span> <span class='ocrx_word' id='word_1_98' title='bbox 1489 2544 1597 2616; x_wconf 80' lang='lat' dir='ltr'>indiget</span> <span class='ocrx_word' id='word_1_99' title='bbox 1616 2562 1684 2599; x_wconf 90' lang='lat' dir='ltr'>cura</span> <span class='ocrx_word' id='word_1_100' title='bbox 1702 2563 1734 2601; x_wconf 89' lang='lat' dir='ltr'>ac</span> <span class='ocrx_word' id='word_1_101' title='bbox 1748 2546 1908 2603; x_wconf 77' lang='lat' dir='ltr'>defensione</span> 
     </span>
     <span class='ocr_line' id='line_1_12' title="bbox 218 2628 1906 2704; baseline 0.001 -18"><span class='ocrx_word' id='word_1_102' title='bbox 218 2647 281 2686; x_wconf 92' lang='lat' dir='ltr'>nem</span> <span class='ocrx_word' id='word_1_103' title='bbox 301 2638 329 2685; x_wconf 87' lang='lat' dir='ltr'>ct</span> <span class='ocrx_word' id='word_1_104' title='bbox 346 2630 573 2702; x_wconf 77' lang='lat' dir='ltr'>propagationem</span> <span class='ocrx_word' id='word_1_105' title='bbox 592 2647 609 2684; x_wconf 88' lang='lat' dir='ltr'>a</span> <span class='ocrx_word' id='word_1_106' title='bbox 625 2629 687 2684; x_wconf 90' lang='lat' dir='ltr'>Deo</span> <span class='ocrx_word' id='word_1_107' title='bbox 714 2635 757 2684; x_wconf 86' lang='lat' dir='ltr'>est</span> <span class='ocrx_word' id='word_1_108' title='bbox 783 2628 936 2697; x_wconf 86' lang='lat' dir='ltr'>institutus,</span> <span class='ocrx_word' id='word_1_109' title='bbox 964 2629 1048 2700; x_wconf 91' lang='lat' dir='ltr'>siqui·</span> <span class='ocrx_word' id='word_1_110' title='bbox 1075 2628 1254 2700; x_wconf 87' lang='lat' dir='ltr'>magistratus</span> <span class='ocrx_word' id='word_1_111' title='bbox 1273 2628 1393 2698; x_wconf 84' lang='lat' dir='ltr'>politici,</span> <span class='ocrx_word' id='word_1_112' title='bbox 1412 2647 1445 2683; x_wconf 91' lang='lat' dir='ltr'>ac</span> <span class='ocrx_word' id='word_1_113' title='bbox 1466 2630 1586 2684; x_wconf 90' lang='lat' dir='ltr'>vicissim</span> <span class='ocrx_word' id='word_1_114' title='bbox 1606 2631 1785 2704; x_wconf 81' lang='lat' dir='ltr'>magistratus</span> <span class='ocrx_word' id='word_1_115' title='bbox 1804 2633 1832 2686; x_wconf 90' lang='lat' dir='ltr'>in</span> <span class='ocrx_word' id='word_1_116' title='bbox 1851 2635 1906 2703; x_wconf 90' lang='lat' dir='ltr'>spi-</span> 
     </span>
     <span class='ocr_line' id='line_1_13' title="bbox 218 2714 1908 2792; baseline 0.001 -20"><span class='ocrx_word' id='word_1_117' title='bbox 218 2717 281 2773; x_wconf 93' lang='lat' dir='ltr'>dem</span> <span class='ocrx_word' id='word_1_118' title='bbox 300 2716 373 2772; x_wconf 90' lang='lat' dir='ltr'>illius</span> <span class='ocrx_word' id='word_1_119' title='bbox 392 2732 477 2786; x_wconf 88' lang='lat' dir='ltr'>opera</span> <span class='ocrx_word' id='word_1_120' title='bbox 488 2722 668 2770; x_wconf 87' lang='lat' dir='ltr'>conservatur</span> <span class='ocrx_word' id='word_1_121' title='bbox 685 2721 743 2770; x_wconf 88' lang='lat' dir='ltr'>tum</span> <span class='ocrx_word' id='word_1_122' title='bbox 764 2715 910 2785; x_wconf 78' lang='lat' dir='ltr'>disciplina</span> <span class='ocrx_word' id='word_1_123' title='bbox 928 2720 1049 2780; x_wconf 85' lang='lat' dir='ltr'>externa,</span> <span class='ocrx_word' id='word_1_124' title='bbox 1075 2714 1222 2770; x_wconf 77' lang='lat' dir='ltr'>ritualibus</span> <span class='ocrx_word' id='word_1_125' title='bbox 1240 2721 1380 2770; x_wconf 83' lang='lat' dir='ltr'>aeternam</span> <span class='ocrx_word' id='word_1_126' title='bbox 1398 2716 1516 2771; x_wconf 90' lang='lat' dir='ltr'>salutem</span> <span class='ocrx_word' id='word_1_127' title='bbox 1544 2718 1774 2773; x_wconf 82' lang='lat' dir='ltr'>concernentibus</span> <span class='ocrx_word' id='word_1_128' title='bbox 1799 2718 1908 2792; x_wconf 84' lang='lat' dir='ltr'>indiget</span> 
     </span>
     <span class='ocr_line' id='line_1_14' title="bbox 218 2800 1907 2874; baseline 0.001 -15"><span class='ocrx_word' id='word_1_129' title='bbox 218 2810 277 2859; x_wconf 88' lang='lat' dir='ltr'>tum</span> <span class='ocrx_word' id='word_1_130' title='bbox 298 2820 353 2873; x_wconf 86' lang='lat' dir='ltr'>pax</span> <span class='ocrx_word' id='word_1_131' title='bbox 372 2811 399 2859; x_wconf 93' lang='lat' dir='ltr'>et</span> <span class='ocrx_word' id='word_1_132' title='bbox 417 2802 603 2874; x_wconf 86' lang='lat' dir='ltr'>tranquillitas</span> <span class='ocrx_word' id='word_1_133' title='bbox 623 2803 751 2872; x_wconf 92' lang='lat' dir='ltr'>publica,</span> <span class='ocrx_word' id='word_1_134' title='bbox 771 2802 877 2874; x_wconf 89' lang='lat' dir='ltr'>absque</span> <span class='ocrx_word' id='word_1_135' title='bbox 895 2816 951 2874; x_wconf 89' lang='lat' dir='ltr'>qus</span> <span class='ocrx_word' id='word_1_136' title='bbox 970 2802 1048 2855; x_wconf 92' lang='lat' dir='ltr'>mini·</span> <span class='ocrx_word' id='word_1_137' title='bbox 1072 2815 1157 2869; x_wconf 88' lang='lat' dir='ltr'>opera</span> <span class='ocrx_word' id='word_1_138' title='bbox 1164 2800 1312 2855; x_wconf 88' lang='lat' dir='ltr'>ministerii.</span> <span class='ocrx_word' id='word_1_139' title='bbox 1332 2801 1397 2857; x_wconf 80' lang='lat' dir='ltr'>Sine</span> <span class='ocrx_word' id='word_1_140' title='bbox 1410 2802 1593 2859; x_wconf 89' lang='lat' dir='ltr'>ecclesiastico</span> <span class='ocrx_word' id='word_1_141' title='bbox 1604 2803 1755 2859; x_wconf 88' lang='lat' dir='ltr'>ministerio</span> <span class='ocrx_word' id='word_1_142' title='bbox 1763 2807 1907 2861; x_wconf 89' lang='lat' dir='ltr'>commode</span> 
     </span>
     <span class='ocr_line' id='line_1_15' title="bbox 221 2886 1907 2963; baseline 0.002 -19"><span class='ocrx_word' id='word_1_143' title='bbox 221 2890 336 2945; x_wconf 87' lang='lat' dir='ltr'>sterium</span> <span class='ocrx_word' id='word_1_144' title='bbox 356 2890 571 2945; x_wconf 86' lang='lat' dir='ltr'>ecclesiasticum</span> <span class='ocrx_word' id='word_1_145' title='bbox 585 2892 781 2945; x_wconf 85' lang='lat' dir='ltr'>convenienter</span> <span class='ocrx_word' id='word_1_146' title='bbox 797 2906 911 2943; x_wconf 91' lang='lat' dir='ltr'>munere</span> <span class='ocrx_word' id='word_1_147' title='bbox 926 2906 977 2943; x_wconf 93' lang='lat' dir='ltr'>suo</span> <span class='ocrx_word' id='word_1_148' title='bbox 989 2905 1049 2957; x_wconf 89' lang='lat' dir='ltr'>per·</span> <span class='ocrx_word' id='word_1_149' title='bbox 1075 2886 1195 2957; x_wconf 90' lang='lat' dir='ltr'>quidem,</span> <span class='ocrx_word' id='word_1_150' title='bbox 1207 2892 1237 2941; x_wconf 91' lang='lat' dir='ltr'>at</span> <span class='ocrx_word' id='word_1_151' title='bbox 1246 2903 1301 2941; x_wconf 92' lang='lat' dir='ltr'>non</span> <span class='ocrx_word' id='word_1_152' title='bbox 1317 2887 1371 2958; x_wconf 90' lang='lat' dir='ltr'>pie,</span> <span class='ocrx_word' id='word_1_153' title='bbox 1383 2888 1442 2941; x_wconf 90' lang='lat' dir='ltr'>sine</span> <span class='ocrx_word' id='word_1_154' title='bbox 1452 2888 1568 2957; x_wconf 89' lang='lat' dir='ltr'>politica</span> <span class='ocrx_word' id='word_1_155' title='bbox 1576 2894 1715 2960; x_wconf 90' lang='lat' dir='ltr'>potestate</span> <span class='ocrx_word' id='word_1_156' title='bbox 1722 2891 1767 2962; x_wconf 91' lang='lat' dir='ltr'>pie</span> <span class='ocrx_word' id='word_1_157' title='bbox 1782 2892 1907 2963; x_wconf 90' lang='lat' dir='ltr'>quidem,</span> 
     </span>
     <span class='ocr_line' id='line_1_16' title="bbox 218 2972 1908 3047; baseline -0.001 -14"><span class='ocrx_word' id='word_1_158' title='bbox 218 2976 298 3047; x_wconf 75' lang='lat' dir='ltr'>frangi</span> <span class='ocrx_word' id='word_1_159' title='bbox 315 2981 344 3030; x_wconf 89' lang='lat' dir='ltr'>et</span> <span class='ocrx_word' id='word_1_160' title='bbox 362 2976 495 3031; x_wconf 86' lang='lat' dir='ltr'>ecclcsiae</span> <span class='ocrx_word' id='word_1_161' title='bbox 512 2975 637 3030; x_wconf 87' lang='lat' dir='ltr'>collectio</span> <span class='ocrx_word' id='word_1_162' title='bbox 651 2992 685 3030; x_wconf 81' lang='lat' dir='ltr'>ec</span> <span class='ocrx_word' id='word_1_163' title='bbox 703 2975 869 3047; x_wconf 86' lang='lat' dir='ltr'>propagatio</span> <span class='ocrx_word' id='word_1_164' title='bbox 888 2976 981 3029; x_wconf 92' lang='lat' dir='ltr'>locum</span> <span class='ocrx_word' id='word_1_165' title='bbox 1002 2974 1049 3028; x_wconf 88' lang='lat' dir='ltr'>ha·</span> <span class='ocrx_word' id='word_1_166' title='bbox 1074 2972 1124 3027; x_wconf 90' lang='lat' dir='ltr'>sed</span> <span class='ocrx_word' id='word_1_167' title='bbox 1142 2991 1197 3027; x_wconf 92' lang='lat' dir='ltr'>non</span> <span class='ocrx_word' id='word_1_168' title='bbox 1210 2973 1351 3028; x_wconf 90' lang='lat' dir='ltr'>commode</span> <span class='ocrx_word' id='word_1_169' title='bbox 1366 2973 1422 3027; x_wconf 89' lang='lat' dir='ltr'>vivi</span> <span class='ocrx_word' id='word_1_170' title='bbox 1435 2982 1534 3044; x_wconf 90' lang='lat' dir='ltr'>potest.</span> <span class='ocrx_word' id='word_1_171' title='bbox 1571 2973 1685 3029; x_wconf 87' lang='lat' dir='ltr'>Interim</span> <span class='ocrx_word' id='word_1_172' title='bbox 1703 2983 1731 3031; x_wconf 91' lang='lat' dir='ltr'>et</span> <span class='ocrx_word' id='word_1_173' title='bbox 1750 2977 1908 3033; x_wconf 82' lang='lat' dir='ltr'>differentia</span> 
     </span>
     <span class='ocr_line' id='line_1_17' title="bbox 218 3060 1907 3133; baseline 0.001 -16"><span class='ocrx_word' id='word_1_174' title='bbox 218 3062 284 3118; x_wconf 89' lang='lat' dir='ltr'>berc</span> <span class='ocrx_word' id='word_1_175' title='bbox 309 3063 354 3117; x_wconf 83' lang='lat' dir='ltr'>vix</span> <span class='ocrx_word' id='word_1_176' title='bbox 377 3067 483 3133; x_wconf 88' lang='lat' dir='ltr'>posset,</span> <span class='ocrx_word' id='word_1_177' title='bbox 518 3068 540 3117; x_wconf 89' lang='lat' dir='ltr'>l.</span> <span class='ocrx_word' id='word_1_178' title='bbox 558 3062 628 3117; x_wconf 86' lang='lat' dir='ltr'>Tim.</span> <span class='ocrx_word' id='word_1_179' title='bbox 655 3068 687 3125; x_wconf 83' lang='lat'>2,</span> <span class='ocrx_word' id='word_1_180' title='bbox 712 3080 736 3115; x_wconf 88' lang='lat' dir='ltr'>v.</span> <span class='ocrx_word' id='word_1_181' title='bbox 758 3068 782 3118; x_wconf 79' lang='lat'>2.</span> <span class='ocrx_word' id='word_1_182' title='bbox 823 3067 846 3116; x_wconf 81' lang='grc'>3.</span> <span class='ocrx_word' id='word_1_183' title='bbox 866 3060 939 3125; x_wconf 80' lang='lat' dir='ltr'>Quia</span> <span class='ocrx_word' id='word_1_184' title='bbox 963 3061 1050 3128; x_wconf 77' lang='lat' dir='ltr'>mapi—</span> <span class='ocrx_word' id='word_1_185' title='bbox 1074 3065 1167 3114; x_wconf 89' lang='lat' dir='ltr'>tamen</span> <span class='ocrx_word' id='word_1_186' title='bbox 1182 3060 1332 3129; x_wconf 69' lang='lat' dir='ltr'>diffamat:</span> <span class='ocrx_word' id='word_1_187' title='bbox 1353 3065 1375 3115; x_wconf 86' lang='lat' dir='ltr'>l.</span> <span class='ocrx_word' id='word_1_188' title='bbox 1395 3077 1482 3112; x_wconf 75' lang='lat' dir='ltr'>curua</span> <span class='ocrx_word' id='word_1_189' title='bbox 1500 3062 1638 3124; x_wconf 77' lang='lat' dir='ltr'>efficiente</span> <span class='ocrx_word' id='word_1_190' title='bbox 1656 3064 1864 3118; x_wconf 77' lang='lat' dir='ltr'>instrramsatali</span> <span class='ocrx_word' id='word_1_191' title='bbox 1881 3073 1907 3118; x_wconf 83' lang='lat' dir='ltr'>et</span> 
     </span>
     <span class='ocr_line' id='line_1_18' title="bbox 217 3145 2000 3221; baseline 0.001 -18"><span class='ocrx_word' id='word_1_192' title='bbox 217 3157 323 3203; x_wconf 69' lang='lat' dir='ltr'>santra</span> <span class='ocrx_word' id='word_1_193' title='bbox 357 3156 398 3204; x_wconf 90' lang='lat' dir='ltr'>est</span> <span class='ocrx_word' id='word_1_194' title='bbox 429 3149 514 3204; x_wconf 90' lang='lat' dir='ltr'>veluti</span> <span class='ocrx_word' id='word_1_195' title='bbox 550 3145 665 3221; x_wconf 73' lang='grc' dir='ltr'><strong><em>θριγκὸς</em></strong></span> <span class='ocrx_word' id='word_1_196' title='bbox 694 3164 728 3202; x_wconf 88' lang='lat' dir='ltr'>ac</span> <span class='ocrx_word' id='word_1_197' title='bbox 763 3153 871 3218; x_wconf 90' lang='lat' dir='ltr'>septum</span> <span class='ocrx_word' id='word_1_198' title='bbox 907 3147 1049 3211; x_wconf 87' lang='lat' dir='ltr'>ccclesiae,</span> <span class='ocrx_word' id='word_1_199' title='bbox 1075 3146 1208 3208; x_wconf 83' lang='lat' dir='ltr'>mediata,</span> <span class='ocrx_word' id='word_1_200' title='bbox 1228 3146 1294 3216; x_wconf 92' lang='lat' dir='ltr'>quia</span> <span class='ocrx_word' id='word_1_201' title='bbox 1313 3162 1363 3216; x_wconf 89' lang='lat' dir='ltr'>per</span> <span class='ocrx_word' id='word_1_202' title='bbox 1382 3145 1452 3201; x_wconf 90' lang='lat' dir='ltr'>alios</span> <span class='ocrx_word' id='word_1_203' title='bbox 1473 3154 1554 3202; x_wconf 91' lang='lat' dir='ltr'>vocat</span> <span class='ocrx_word' id='word_1_204' title='bbox 1566 3147 1643 3203; x_wconf 88' lang='lat' dir='ltr'>Deus</span> <span class='ocrx_word' id='word_1_205' title='bbox 1660 3150 1697 3204; x_wconf 90' lang='lat' dir='ltr'>ad</span> <span class='ocrx_word' id='word_1_206' title='bbox 1714 3150 1905 3221; x_wconf 89' lang='lat' dir='ltr'>ministerium,</span> <span class='ocrx_word' id='word_1_207' title='bbox 1992 3166 2000 3181; x_wconf 87' lang='lat'><strong>·</strong></span> 
     </span>
     <span class='ocr_line' id='line_1_19' title="bbox 218 3232 1906 3307; baseline 0.001 -17"><span class='ocrx_word' id='word_1_208' title='bbox 218 3234 321 3292; x_wconf 88' lang='lat' dir='ltr'>Psalm.</span> <span class='ocrx_word' id='word_1_209' title='bbox 340 3242 382 3303; x_wconf 83' lang='lat'>47,</span> <span class='ocrx_word' id='word_1_210' title='bbox 402 3253 428 3288; x_wconf 90' lang='lat' dir='ltr'>v.</span> <span class='ocrx_word' id='word_1_211' title='bbox 449 3241 488 3291; x_wconf 86' lang='lat'>10.</span> <span class='ocrx_word' id='word_1_212' title='bbox 508 3251 559 3289; x_wconf 90' lang='lat' dir='ltr'>nec</span> <span class='ocrx_word' id='word_1_213' title='bbox 572 3234 645 3289; x_wconf 90' lang='lat' dir='ltr'>enim</span> <span class='ocrx_word' id='word_1_214' title='bbox 657 3238 763 3288; x_wconf 90' lang='lat' dir='ltr'>tantum</span> <span class='ocrx_word' id='word_1_215' title='bbox 780 3250 895 3304; x_wconf 93' lang='lat' dir='ltr'>corpora</span> <span class='ocrx_word' id='word_1_216' title='bbox 914 3236 943 3288; x_wconf 90' lang='lat' dir='ltr'>ct</span> <span class='ocrx_word' id='word_1_217' title='bbox 961 3232 1048 3287; x_wconf 85' lang='lat' dir='ltr'>facul·</span> <span class='ocrx_word' id='word_1_218' title='bbox 1074 3250 1125 3302; x_wconf 89' lang='lat' dir='ltr'>per</span> <span class='ocrx_word' id='word_1_219' title='bbox 1142 3232 1209 3287; x_wconf 89' lang='lat' dir='ltr'>alios</span> <span class='ocrx_word' id='word_1_220' title='bbox 1228 3232 1265 3285; x_wconf 90' lang='lat' dir='ltr'>ad</span> <span class='ocrx_word' id='word_1_221' title='bbox 1283 3233 1487 3304; x_wconf 69' lang='lat' dir='ltr'>magistratum</span> <span class='ocrx_word' id='word_1_222' title='bbox 1508 3236 1533 3286; x_wconf 85' lang='lat'>2.</span> <span class='ocrx_word' id='word_1_223' title='bbox 1551 3236 1669 3302; x_wconf 82' lang='lat' dir='ltr'>sorma,·</span> <span class='ocrx_word' id='word_1_224' title='bbox 1689 3241 1813 3305; x_wconf 88' lang='lat' dir='ltr'>potestas</span> <span class='ocrx_word' id='word_1_225' title='bbox 1835 3238 1906 3307; x_wconf 93' lang='lat' dir='ltr'>poli·</span> 
     </span>
     <span class='ocr_line' id='line_1_20' title="bbox 219 3315 1906 3392; baseline 0 -15"><span class='ocrx_word' id='word_1_226' title='bbox 219 3326 291 3377; x_wconf 77' lang='lat' dir='ltr'>tates</span> <span class='ocrx_word' id='word_1_227' title='bbox 309 3330 419 3377; x_wconf 89' lang='lat' dir='ltr'>nostrae</span> <span class='ocrx_word' id='word_1_228' title='bbox 438 3321 490 3375; x_wconf 92' lang='lat' dir='ltr'>boc</span> <span class='ocrx_word' id='word_1_229' title='bbox 512 3319 681 3374; x_wconf 90' lang='lat' dir='ltr'>validissimo</span> <span class='ocrx_word' id='word_1_230' title='bbox 709 3336 786 3373; x_wconf 91' lang='lat' dir='ltr'>muro</span> <span class='ocrx_word' id='word_1_231' title='bbox 812 3318 975 3390; x_wconf 89' lang='lat' dir='ltr'>cinguntur,</span> <span class='ocrx_word' id='word_1_232' title='bbox 1000 3319 1048 3374; x_wconf 90' lang='lat' dir='ltr'>sed</span> <span class='ocrx_word' id='word_1_233' title='bbox 1074 3317 1131 3372; x_wconf 87' lang='lat' dir='ltr'>tica</span> <span class='ocrx_word' id='word_1_234' title='bbox 1156 3323 1197 3372; x_wconf 88' lang='lat' dir='ltr'>est</span> <span class='ocrx_word' id='word_1_235' title='bbox 1222 3315 1321 3389; x_wconf 73' lang='grc' dir='ltr'><em>ἀρχικὴ</em></span> <span class='ocrx_word' id='word_1_236' title='bbox 1349 3321 1393 3372; x_wconf 77' lang='grc' dir='ltr'>καὶ</span> <span class='ocrx_word' id='word_1_237' title='bbox 1422 3320 1573 3388; x_wconf 58' lang='grc' dir='ltr'><em>δεσποτική</em></span> <span class='ocrx_word' id='word_1_238' title='bbox 1599 3321 1753 3391; x_wconf 88' lang='lat' dir='ltr'>praetoria,</span> <span class='ocrx_word' id='word_1_239' title='bbox 1784 3328 1906 3392; x_wconf 83' lang='lat' dir='ltr'>potestas</span> 
     </span>
     <span class='ocr_line' id='line_1_21' title="bbox 219 3403 1906 3476; baseline -0.001 -12"><span class='ocrx_word' id='word_1_240' title='bbox 219 3409 302 3464; x_wconf 90' lang='lat' dir='ltr'>etiam</span> <span class='ocrx_word' id='word_1_241' title='bbox 322 3408 454 3463; x_wconf 87' lang='lat' dir='ltr'>ecclesias</span> <span class='ocrx_word' id='word_1_242' title='bbox 471 3406 672 3461; x_wconf 89' lang='lat' dir='ltr'>munimentum</span> <span class='ocrx_word' id='word_1_243' title='bbox 690 3409 861 3475; x_wconf 88' lang='lat' dir='ltr'>praestatur,</span> <span class='ocrx_word' id='word_1_244' title='bbox 890 3405 954 3458; x_wconf 92' lang='lat' dir='ltr'>dum</span> <span class='ocrx_word' id='word_1_245' title='bbox 974 3407 1049 3459; x_wconf 72' lang='lat' dir='ltr'>coir-</span> <span class='ocrx_word' id='word_1_246' title='bbox 1075 3403 1262 3459; x_wconf 88' lang='lat' dir='ltr'>ecclesiastica</span> <span class='ocrx_word' id='word_1_247' title='bbox 1280 3411 1324 3459; x_wconf 90' lang='lat' dir='ltr'>est</span> <span class='ocrx_word' id='word_1_248' title='bbox 1343 3404 1494 3476; x_wconf 74' lang='grc' dir='ltr'><strong><em>διακονικὴ,</em></strong></span> <span class='ocrx_word' id='word_1_249' title='bbox 1512 3407 1716 3461; x_wconf 89' lang='lat' dir='ltr'>ministratoria.</span> <span class='ocrx_word' id='word_1_250' title='bbox 1753 3408 1807 3462; x_wconf 93' lang='lat' dir='ltr'>Illa</span> <span class='ocrx_word' id='word_1_251' title='bbox 1821 3409 1906 3465; x_wconf 91' lang='lat' dir='ltr'>habet</span> 
     </span>
     <span class='ocr_line' id='line_1_22' title="bbox 220 3489 1906 3564; baseline 0.001 -16"><span class='ocrx_word' id='word_1_252' title='bbox 220 3498 298 3548; x_wconf 89' lang='lat' dir='ltr'>cetur</span> <span class='ocrx_word' id='word_1_253' title='bbox 316 3493 407 3548; x_wconf 85' lang='lat' dir='ltr'>rabies</span> <span class='ocrx_word' id='word_1_254' title='bbox 425 3509 529 3557; x_wconf 85' lang='lat' dir='ltr'>eorum,</span> <span class='ocrx_word' id='word_1_255' title='bbox 548 3491 595 3563; x_wconf 89' lang='lat' dir='ltr'>qui</span> <span class='ocrx_word' id='word_1_256' title='bbox 610 3493 703 3546; x_wconf 91' lang='lat' dir='ltr'>omnia</span> <span class='ocrx_word' id='word_1_257' title='bbox 716 3508 795 3547; x_wconf 90' lang='lat' dir='ltr'>sacra</span> <span class='ocrx_word' id='word_1_258' title='bbox 813 3506 907 3546; x_wconf 88' lang='lat' dir='ltr'>eversa</span> <span class='ocrx_word' id='word_1_259' title='bbox 924 3491 1050 3562; x_wconf 90' lang='lat' dir='ltr'>cupiunt,</span> <span class='ocrx_word' id='word_1_260' title='bbox 1075 3489 1267 3545; x_wconf 84' lang='lat' dir='ltr'>auctoritatem</span> <span class='ocrx_word' id='word_1_261' title='bbox 1285 3491 1421 3546; x_wconf 89' lang='lat' dir='ltr'>condendi</span> <span class='ocrx_word' id='word_1_262' title='bbox 1443 3509 1529 3546; x_wconf 87' lang='lat' dir='ltr'>novas</span> <span class='ocrx_word' id='word_1_263' title='bbox 1554 3491 1630 3564; x_wconf 91' lang='lat' dir='ltr'>leges</span> <span class='ocrx_word' id='word_1_264' title='bbox 1655 3508 1717 3547; x_wconf 89' lang='lat' dir='ltr'>cum</span> <span class='ocrx_word' id='word_1_265' title='bbox 1735 3495 1800 3564; x_wconf 88' lang='lat' dir='ltr'>jure</span> <span class='ocrx_word' id='word_1_266' title='bbox 1825 3502 1906 3550; x_wconf 89' lang='lat' dir='ltr'>natu·</span> 
     </span>
     <span class='ocr_line' id='line_1_23' title="bbox 218 3576 1975 3650; baseline 0.002 -15"><span class='ocrx_word' id='word_1_267' title='bbox 218 3586 250 3635; x_wconf 88' lang='lat' dir='ltr'>ut</span> <span class='ocrx_word' id='word_1_268' title='bbox 258 3580 315 3635; x_wconf 90' lang='lat' dir='ltr'>suis</span> <span class='ocrx_word' id='word_1_269' title='bbox 327 3578 528 3650; x_wconf 89' lang='lat' dir='ltr'>cupiditatibus</span> <span class='ocrx_word' id='word_1_270' title='bbox 544 3578 629 3634; x_wconf 88' lang='lat' dir='ltr'>libere</span> <span class='ocrx_word' id='word_1_271' title='bbox 638 3578 781 3650; x_wconf 87' lang='lat' dir='ltr'>indulgere</span> <span class='ocrx_word' id='word_1_272' title='bbox 796 3578 911 3648; x_wconf 76' lang='lat' dir='ltr'>possint.</span> <span class='ocrx_word' id='word_1_273' title='bbox 935 3584 960 3632; x_wconf 78' lang='grc'>4.</span> <span class='ocrx_word' id='word_1_274' title='bbox 977 3576 1050 3642; x_wconf 80' lang='lat' dir='ltr'>Quia</span> <span class='ocrx_word' id='word_1_275' title='bbox 1075 3590 1123 3628; x_wconf 87' lang='lat' dir='ltr'>rae</span> <span class='ocrx_word' id='word_1_276' title='bbox 1139 3593 1315 3647; x_wconf 88' lang='lat' dir='ltr'>nequaquam</span> <span class='ocrx_word' id='word_1_277' title='bbox 1334 3583 1507 3647; x_wconf 88' lang='lat' dir='ltr'>pugnantes,</span> <span class='ocrx_word' id='word_1_278' title='bbox 1536 3577 1604 3633; x_wconf 92' lang='lat' dir='ltr'>haec</span> <span class='ocrx_word' id='word_1_279' title='bbox 1630 3594 1694 3632; x_wconf 91' lang='lat' dir='ltr'>vero</span> <span class='ocrx_word' id='word_1_280' title='bbox 1717 3579 1754 3633; x_wconf 87' lang='lat' dir='ltr'>ad</span> <span class='ocrx_word' id='word_1_281' title='bbox 1772 3583 1906 3650; x_wconf 87' lang='lat' dir='ltr'>praescri·</span> <span class='ocrx_word' id='word_1_282' title='bbox 1918 3597 1975 3637; x_wconf 75' lang='lat' dir='ltr'>xus</span> 
     </span>
     <span class='ocr_line' id='line_1_24' title="bbox 218 3662 1904 3737; baseline 0.003 -18"><span class='ocrx_word' id='word_1_283' title='bbox 218 3666 396 3737; x_wconf 85' lang='lat' dir='ltr'>magistratus</span> <span class='ocrx_word' id='word_1_284' title='bbox 415 3664 478 3736; x_wconf 90' lang='lat' dir='ltr'>pius</span> <span class='ocrx_word' id='word_1_285' title='bbox 496 3673 524 3721; x_wconf 92' lang='lat' dir='ltr'>et</span> <span class='ocrx_word' id='word_1_286' title='bbox 541 3663 713 3720; x_wconf 83' lang='lat' dir='ltr'>Christianus</span> <span class='ocrx_word' id='word_1_287' title='bbox 737 3670 780 3720; x_wconf 91' lang='lat' dir='ltr'>est</span> <span class='ocrx_word' id='word_1_288' title='bbox 804 3664 936 3720; x_wconf 86' lang='lat' dir='ltr'>ecclesiae</span> <span class='ocrx_word' id='word_1_289' title='bbox 959 3666 1048 3718; x_wconf 72' lang='lat' dir='ltr'>autri</span> <span class='ocrx_word' id='word_1_290' title='bbox 1074 3667 1152 3732; x_wconf 90' lang='lat' dir='ltr'>ptum</span> <span class='ocrx_word' id='word_1_291' title='bbox 1174 3662 1265 3735; x_wconf 87' lang='lat' dir='ltr'>legum</span> <span class='ocrx_word' id='word_1_292' title='bbox 1284 3662 1438 3717; x_wconf 83' lang='lat' dir='ltr'>divinarum</span> <span class='ocrx_word' id='word_1_293' title='bbox 1457 3667 1499 3718; x_wconf 89' lang='lat' dir='ltr'>est</span> <span class='ocrx_word' id='word_1_294' title='bbox 1516 3664 1665 3732; x_wconf 79' lang='lat' dir='ltr'>adstricta3</span> <span class='ocrx_word' id='word_1_295' title='bbox 1684 3665 1732 3719; x_wconf 90' lang='lat' dir='ltr'>illa</span> <span class='ocrx_word' id='word_1_296' title='bbox 1744 3675 1852 3722; x_wconf 86' lang='lat' dir='ltr'>armata</span> <span class='ocrx_word' id='word_1_297' title='bbox 1862 3677 1904 3724; x_wconf 85' lang='lat' dir='ltr'>est</span> 
     </span>
     <span class='ocr_line' id='line_1_25' title="bbox 218 3748 1905 3821; baseline 0.004 -17"><span class='ocrx_word' id='word_1_298' title='bbox 218 3752 274 3805; x_wconf 83' lang='lat' dir='ltr'>tias</span> <span class='ocrx_word' id='word_1_299' title='bbox 296 3751 395 3807; x_wconf 86' lang='lat' dir='ltr'>Esaiae</span> <span class='ocrx_word' id='word_1_300' title='bbox 422 3757 468 3820; x_wconf 70' lang='lat'>49,</span> <span class='ocrx_word' id='word_1_301' title='bbox 503 3769 529 3807; x_wconf 85' lang='lat' dir='ltr'>v.</span> <span class='ocrx_word' id='word_1_302' title='bbox 549 3757 596 3805; x_wconf 75' lang='lat'>23:</span> <span class='ocrx_word' id='word_1_303' title='bbox 624 3754 719 3806; x_wconf 74' lang='grc' dir='ltr'><em>Ενυπε</em></span> <span class='ocrx_word' id='word_1_304' title='bbox 737 3769 817 3821; x_wconf 73' lang='lat' dir='ltr'>repca</span> <span class='ocrx_word' id='word_1_305' title='bbox 835 3752 948 3805; x_wconf 59' lang='lat' dir='ltr'>nrstdtii</span> <span class='ocrx_word' id='word_1_306' title='bbox 964 3754 1005 3805; x_wconf 76' lang='lat' dir='ltr'>lai</span> <span class='ocrx_word' id='word_1_307' title='bbox 1022 3759 1047 3804; x_wconf 81' lang='lat' dir='ltr'>et</span> <span class='ocrx_word' id='word_1_308' title='bbox 1075 3748 1168 3817; x_wconf 86' lang='lat' dir='ltr'>gladio</span> <span class='ocrx_word' id='word_1_309' title='bbox 1185 3748 1329 3819; x_wconf 89' lang='lat' dir='ltr'>corporali,</span> <span class='ocrx_word' id='word_1_310' title='bbox 1348 3750 1416 3805; x_wconf 89' lang='lat' dir='ltr'>haec</span> <span class='ocrx_word' id='word_1_311' title='bbox 1435 3765 1501 3805; x_wconf 90' lang='lat' dir='ltr'>vero</span> <span class='ocrx_word' id='word_1_312' title='bbox 1522 3750 1671 3820; x_wconf 86' lang='lat' dir='ltr'>spirituali,</span> <span class='ocrx_word' id='word_1_313' title='bbox 1693 3752 1778 3807; x_wconf 91' lang='lat' dir='ltr'>verbo</span> <span class='ocrx_word' id='word_1_314' title='bbox 1797 3755 1905 3810; x_wconf 89' lang='lat' dir='ltr'>scilicet</span> 
     </span>
     <span class='ocr_line' id='line_1_26' title="bbox 218 3835 1903 3912; baseline 0.002 -21"><span class='ocrx_word' id='word_1_315' title='bbox 218 3840 332 3908; x_wconf 76' lang='lat' dir='ltr'>reginae</span> <span class='ocrx_word' id='word_1_316' title='bbox 354 3838 477 3890; x_wconf 59' lang='lat' dir='ltr'>uarices</span> <span class='ocrx_word' id='word_1_317' title='bbox 502 3845 576 3890; x_wconf 81' lang='lat' dir='ltr'>tace.</span> <span class='ocrx_word' id='word_1_318' title='bbox 611 3836 652 3893; x_wconf 92' lang='lat' dir='ltr'>Ut</span> <span class='ocrx_word' id='word_1_319' title='bbox 676 3837 857 3892; x_wconf 88' lang='lat' dir='ltr'>Bethlehema</span> <span class='ocrx_word' id='word_1_320' title='bbox 874 3838 1048 3908; x_wconf 85' lang='lat' dir='ltr'>praesepium</span> <span class='ocrx_word' id='word_1_321' title='bbox 1074 3841 1102 3890; x_wconf 87' lang='lat' dir='ltr'>ot</span> <span class='ocrx_word' id='word_1_322' title='bbox 1121 3835 1198 3890; x_wconf 90' lang='lat' dir='ltr'>clave</span> <span class='ocrx_word' id='word_1_323' title='bbox 1218 3836 1322 3907; x_wconf 87' lang='lat' dir='ltr'>ligante</span> <span class='ocrx_word' id='word_1_324' title='bbox 1342 3852 1375 3891; x_wconf 90' lang='lat' dir='ltr'>ac</span> <span class='ocrx_word' id='word_1_325' title='bbox 1396 3837 1526 3892; x_wconf 81' lang='lat' dir='ltr'>solvente.</span> <span class='ocrx_word' id='word_1_326' title='bbox 1562 3841 1590 3894; x_wconf 81' lang='grc'>3.</span> <span class='ocrx_word' id='word_1_327' title='bbox 1612 3837 1742 3906; x_wconf 82' lang='lat' dir='ltr'>Subjecto</span> <span class='ocrx_word' id='word_1_328' title='bbox 1757 3842 1903 3912; x_wconf 75' lang='lat' dir='ltr'>proaim03</span> 
     </span>
     <span class='ocr_line' id='line_1_27' title="bbox 220 3913 1904 3994; baseline 0.001 -15"><span class='ocrx_word' id='word_1_329' title='bbox 220 3922 330 3979; x_wconf 86' lang='lat' dir='ltr'>Christo</span> <span class='ocrx_word' id='word_1_330' title='bbox 350 3923 476 3978; x_wconf 91' lang='lat' dir='ltr'>nascenti</span> <span class='ocrx_word' id='word_1_331' title='bbox 493 3923 636 3994; x_wconf 88' lang='lat' dir='ltr'>praebuit,</span> <span class='ocrx_word' id='word_1_332' title='bbox 656 3923 696 3977; x_wconf 90' lang='lat' dir='ltr'>sic</span> <span class='ocrx_word' id='word_1_333' title='bbox 714 3923 827 3992; x_wconf 78' lang='lat' dir='ltr'>politiae</span> <span class='ocrx_word' id='word_1_334' title='bbox 852 3913 983 3978; x_wconf 84' lang='lat' dir='ltr'>exhibent</span> <span class='ocrx_word' id='word_1_335' title='bbox 1001 3924 1048 3977; x_wconf 90' lang='lat' dir='ltr'>ho·</span> <span class='ocrx_word' id='word_1_336' title='bbox 1073 3921 1145 3976; x_wconf 90' lang='lat' dir='ltr'>aliae</span> <span class='ocrx_word' id='word_1_337' title='bbox 1164 3921 1238 3976; x_wconf 87' lang='lat' dir='ltr'>enim</span> <span class='ocrx_word' id='word_1_338' title='bbox 1263 3937 1398 3992; x_wconf 84' lang='lat' dir='ltr'>personae</span> <span class='ocrx_word' id='word_1_339' title='bbox 1420 3921 1576 3993; x_wconf 83' lang='lat' dir='ltr'>funguntur</span> <span class='ocrx_word' id='word_1_340' title='bbox 1600 3923 1750 3978; x_wconf 89' lang='lat' dir='ltr'>ministerio</span> <span class='ocrx_word' id='word_1_341' title='bbox 1777 3927 1904 3981; x_wconf 90' lang='lat' dir='ltr'>ecclesia·</span> 
     </span>
     <span class='ocr_line' id='line_1_28' title="bbox 218 4007 1904 4082; baseline 0.001 -17"><span class='ocrx_word' id='word_1_342' title='bbox 218 4010 329 4080; x_wconf 89' lang='lat' dir='ltr'>spitium</span> <span class='ocrx_word' id='word_1_343' title='bbox 359 4009 500 4064; x_wconf 89' lang='lat' dir='ltr'>ecclesiae.</span> <span class='ocrx_word' id='word_1_344' title='bbox 535 4016 558 4065; x_wconf 87' lang='lat'>5.</span> <span class='ocrx_word' id='word_1_345' title='bbox 579 4008 652 4073; x_wconf 83' lang='lat' dir='ltr'>Quia</span> <span class='ocrx_word' id='word_1_346' title='bbox 670 4008 724 4063; x_wconf 92' lang='lat' dir='ltr'>Dei</span> <span class='ocrx_word' id='word_1_347' title='bbox 749 4008 858 4062; x_wconf 90' lang='lat' dir='ltr'>bonitas</span> <span class='ocrx_word' id='word_1_348' title='bbox 883 4026 937 4063; x_wconf 91' lang='lat' dir='ltr'>non</span> <span class='ocrx_word' id='word_1_349' title='bbox 958 4008 1048 4063; x_wconf 74' lang='lat' dir='ltr'>minum</span> <span class='ocrx_word' id='word_1_350' title='bbox 1074 4008 1155 4077; x_wconf 89' lang='lat' dir='ltr'>stico,</span> <span class='ocrx_word' id='word_1_351' title='bbox 1180 4008 1252 4063; x_wconf 88' lang='lat' dir='ltr'>aliae</span> <span class='ocrx_word' id='word_1_352' title='bbox 1280 4024 1344 4063; x_wconf 89' lang='lat' dir='ltr'>vero</span> <span class='ocrx_word' id='word_1_353' title='bbox 1371 4007 1536 4079; x_wconf 90' lang='lat' dir='ltr'>magistratu</span> <span class='ocrx_word' id='word_1_354' title='bbox 1560 4007 1687 4079; x_wconf 88' lang='lat' dir='ltr'>politico,</span> <span class='ocrx_word' id='word_1_355' title='bbox 1715 4027 1806 4082; x_wconf 88' lang='lat' dir='ltr'>neque</span> <span class='ocrx_word' id='word_1_356' title='bbox 1831 4013 1904 4067; x_wconf 91' lang='lat' dir='ltr'>enim</span> 
     </span>
     <span class='ocr_line' id='line_1_29' title="bbox 218 4094 1905 4166; baseline 0 -13"><span class='ocrx_word' id='word_1_357' title='bbox 218 4096 309 4154; x_wconf 90' lang='lat' dir='ltr'>elucet</span> <span class='ocrx_word' id='word_1_358' title='bbox 325 4096 354 4151; x_wconf 89' lang='lat' dir='ltr'>in</span> <span class='ocrx_word' id='word_1_359' title='bbox 373 4094 528 4159; x_wconf 87' lang='lat' dir='ltr'>beneficiis,</span> <span class='ocrx_word' id='word_1_360' title='bbox 553 4112 625 4166; x_wconf 87' lang='lat' dir='ltr'>quas</span> <span class='ocrx_word' id='word_1_361' title='bbox 649 4111 699 4165; x_wconf 87' lang='lat' dir='ltr'>per</span> <span class='ocrx_word' id='word_1_362' title='bbox 717 4094 909 4166; x_wconf 89' lang='lat' dir='ltr'>magistratum</span> <span class='ocrx_word' id='word_1_363' title='bbox 927 4095 1048 4150; x_wconf 90' lang='lat' dir='ltr'>humano</span> <span class='ocrx_word' id='word_1_364' title='bbox 1074 4095 1206 4162; x_wconf 75' lang='lat' dir='ltr'>convenit,</span> <span class='ocrx_word' id='word_1_365' title='bbox 1223 4112 1308 4147; x_wconf 82' lang='lat' dir='ltr'>uuam</span> <span class='ocrx_word' id='word_1_366' title='bbox 1326 4094 1426 4148; x_wconf 65' lang='lat' dir='ltr'>babae</span> <span class='ocrx_word' id='word_1_367' title='bbox 1444 4095 1584 4162; x_wconf 81' lang='lat' dir='ltr'>duplicem</span> <span class='ocrx_word' id='word_1_368' title='bbox 1597 4097 1815 4164; x_wconf 76' lang='lat' dir='ltr'>professionem,</span> <span class='ocrx_word' id='word_1_369' title='bbox 1839 4100 1905 4154; x_wconf 85' lang='lat' dir='ltr'>scri·</span> 
     </span>
     <span class='ocr_line' id='line_1_30' title="bbox 219 4179 1904 4255; baseline 0 -17"><span class='ocrx_word' id='word_1_370' title='bbox 219 4183 314 4255; x_wconf 88' lang='lat' dir='ltr'>generi</span> <span class='ocrx_word' id='word_1_371' title='bbox 333 4186 472 4253; x_wconf 88' lang='lat' dir='ltr'>praestat,</span> <span class='ocrx_word' id='word_1_372' title='bbox 497 4198 580 4252; x_wconf 88' lang='lat' dir='ltr'>quam</span> <span class='ocrx_word' id='word_1_373' title='bbox 600 4181 629 4235; x_wconf 91' lang='lat' dir='ltr'>in</span> <span class='ocrx_word' id='word_1_374' title='bbox 647 4181 743 4246; x_wconf 91' lang='lat' dir='ltr'>bonis,</span> <span class='ocrx_word' id='word_1_375' title='bbox 769 4198 839 4253; x_wconf 90' lang='lat' dir='ltr'>quac</span> <span class='ocrx_word' id='word_1_376' title='bbox 857 4198 908 4251; x_wconf 88' lang='lat' dir='ltr'>per</span> <span class='ocrx_word' id='word_1_377' title='bbox 926 4180 1049 4237; x_wconf 86' lang='lat' dir='ltr'>ministe·</span> <span class='ocrx_word' id='word_1_378' title='bbox 1074 4179 1117 4235; x_wconf 93' lang='lat' dir='ltr'>bit</span> <span class='ocrx_word' id='word_1_379' title='bbox 1141 4179 1304 4235; x_wconf 85' lang='lat' dir='ltr'>Ambrosius</span> <span class='ocrx_word' id='word_1_380' title='bbox 1330 4179 1360 4233; x_wconf 91' lang='lat' dir='ltr'>in</span> <span class='ocrx_word' id='word_1_381' title='bbox 1385 4186 1529 4235; x_wconf 89' lang='lat' dir='ltr'>comment.</span> <span class='ocrx_word' id='word_1_382' title='bbox 1559 4186 1581 4235; x_wconf 79' lang='lat'>2.</span> <span class='ocrx_word' id='word_1_383' title='bbox 1608 4181 1680 4235; x_wconf 86' lang='lat' dir='ltr'>Tim.</span> <span class='ocrx_word' id='word_1_384' title='bbox 1719 4188 1743 4238; x_wconf 69' lang='lat' dir='ltr'>l.</span> <span class='ocrx_word' id='word_1_385' title='bbox 1775 4183 1904 4253; x_wconf 77' lang='lat' dir='ltr'>Object03</span> 
     </span>
     <span class='ocr_line' id='line_1_31' title="bbox 218 4264 1904 4341; baseline 0.001 -17"><span class='ocrx_word' id='word_1_386' title='bbox 218 4268 290 4325; x_wconf 88' lang='lat' dir='ltr'>rium</span> <span class='ocrx_word' id='word_1_387' title='bbox 313 4267 530 4323; x_wconf 89' lang='lat' dir='ltr'>ecclesiasticum</span> <span class='ocrx_word' id='word_1_388' title='bbox 553 4266 643 4321; x_wconf 90' lang='lat' dir='ltr'>eidem</span> <span class='ocrx_word' id='word_1_389' title='bbox 669 4267 783 4324; x_wconf 85' lang='lat' dir='ltr'>confert</span> <span class='ocrx_word' id='word_1_390' title='bbox 818 4267 936 4338; x_wconf 88' lang='lat' dir='ltr'>Propter</span> <span class='ocrx_word' id='word_1_391' title='bbox 952 4283 1048 4338; x_wconf 89' lang='lat' dir='ltr'>pecca·</span> <span class='ocrx_word' id='word_1_392' title='bbox 1075 4272 1195 4338; x_wconf 85' lang='lat' dir='ltr'>potestas</span> <span class='ocrx_word' id='word_1_393' title='bbox 1216 4264 1402 4321; x_wconf 87' lang='lat' dir='ltr'>ecclesiastica</span> <span class='ocrx_word' id='word_1_394' title='bbox 1421 4271 1574 4337; x_wconf 88' lang='lat' dir='ltr'>occupatur</span> <span class='ocrx_word' id='word_1_395' title='bbox 1596 4267 1625 4320; x_wconf 93' lang='lat' dir='ltr'>in</span> <span class='ocrx_word' id='word_1_396' title='bbox 1650 4268 1734 4323; x_wconf 89' lang='lat' dir='ltr'>rebus</span> <span class='ocrx_word' id='word_1_397' title='bbox 1756 4270 1904 4341; x_wconf 86' lang='lat' dir='ltr'>spirituali·</span> 
     </span>
     <span class='ocr_line' id='line_1_32' title="bbox 218 4351 1905 4426; baseline 0.002 -16"><span class='ocrx_word' id='word_1_398' title='bbox 218 4358 278 4410; x_wconf 88' lang='lat' dir='ltr'>tum</span> <span class='ocrx_word' id='word_1_399' title='bbox 316 4353 550 4426; x_wconf 87' lang='lat' dir='ltr'>protoplastorum</span> <span class='ocrx_word' id='word_1_400' title='bbox 586 4370 641 4407; x_wconf 94' lang='lat' dir='ltr'>non</span> <span class='ocrx_word' id='word_1_401' title='bbox 678 4352 767 4409; x_wconf 90' lang='lat' dir='ltr'>solum</span> <span class='ocrx_word' id='word_1_402' title='bbox 803 4353 993 4424; x_wconf 88' lang='lat' dir='ltr'>spiritualibus</span> <span class='ocrx_word' id='word_1_403' title='bbox 1021 4359 1049 4407; x_wconf 90' lang='lat' dir='ltr'>et</span> <span class='ocrx_word' id='word_1_404' title='bbox 1075 4353 1127 4407; x_wconf 89' lang='lat' dir='ltr'>bus</span> <span class='ocrx_word' id='word_1_405' title='bbox 1146 4352 1181 4407; x_wconf 87' lang='lat' dir='ltr'>ad</span> <span class='ocrx_word' id='word_1_406' title='bbox 1200 4351 1315 4407; x_wconf 91' lang='lat' dir='ltr'>salutem</span> <span class='ocrx_word' id='word_1_407' title='bbox 1336 4353 1556 4423; x_wconf 89' lang='lat' dir='ltr'>consequendam</span> <span class='ocrx_word' id='word_1_408' title='bbox 1579 4354 1736 4410; x_wconf 86' lang='lat' dir='ltr'>immediate</span> <span class='ocrx_word' id='word_1_409' title='bbox 1755 4359 1905 4426; x_wconf 86' lang='lat' dir='ltr'>spectanti-</span> 
     </span>
     <span class='ocr_line' id='line_1_33' title="bbox 218 4438 1905 4513; baseline 0.001 -15"><span class='ocrx_word' id='word_1_410' title='bbox 218 4441 337 4498; x_wconf 82' lang='lat' dir='ltr'>aeternis</span> <span class='ocrx_word' id='word_1_411' title='bbox 354 4440 464 4495; x_wconf 89' lang='lat' dir='ltr'>futurae</span> <span class='ocrx_word' id='word_1_412' title='bbox 481 4438 555 4494; x_wconf 82' lang='lat' dir='ltr'>vitae</span> <span class='ocrx_word' id='word_1_413' title='bbox 572 4439 667 4509; x_wconf 86' lang='lat' dir='ltr'>bonis,</span> <span class='ocrx_word' id='word_1_414' title='bbox 686 4440 736 4494; x_wconf 88' lang='lat' dir='ltr'>sed</span> <span class='ocrx_word' id='word_1_415' title='bbox 758 4440 842 4495; x_wconf 90' lang='lat' dir='ltr'>etiam</span> <span class='ocrx_word' id='word_1_416' title='bbox 858 4439 1048 4513; x_wconf 88' lang='lat' dir='ltr'>corporalibus</span> <span class='ocrx_word' id='word_1_417' title='bbox 1075 4439 1141 4509; x_wconf 83' lang='lat' dir='ltr'>bus3</span> <span class='ocrx_word' id='word_1_418' title='bbox 1168 4439 1283 4510; x_wconf 90' lang='lat' dir='ltr'>politica</span> <span class='ocrx_word' id='word_1_419' title='bbox 1302 4455 1368 4494; x_wconf 87' lang='lat' dir='ltr'>vero</span> <span class='ocrx_word' id='word_1_420' title='bbox 1386 4439 1415 4492; x_wconf 90' lang='lat' dir='ltr'>in</span> <span class='ocrx_word' id='word_1_421' title='bbox 1432 4438 1514 4494; x_wconf 88' lang='lat' dir='ltr'>rebus</span> <span class='ocrx_word' id='word_1_422' title='bbox 1534 4440 1723 4511; x_wconf 89' lang='lat' dir='ltr'>corporalibus</span> <span class='ocrx_word' id='word_1_423' title='bbox 1740 4448 1769 4497; x_wconf 91' lang='lat' dir='ltr'>et</span> <span class='ocrx_word' id='word_1_424' title='bbox 1786 4445 1905 4500; x_wconf 88' lang='lat' dir='ltr'>externis</span> 
     </span>
     <span class='ocr_line' id='line_1_34' title="bbox 219 4524 1905 4598; baseline 0.001 -15"><span class='ocrx_word' id='word_1_425' title='bbox 219 4533 248 4583; x_wconf 87' lang='lat' dir='ltr'>et</span> <span class='ocrx_word' id='word_1_426' title='bbox 266 4527 385 4583; x_wconf 85' lang='lat' dir='ltr'>externis</span> <span class='ocrx_word' id='word_1_427' title='bbox 411 4526 494 4596; x_wconf 91' lang='lat' dir='ltr'>hujus</span> <span class='ocrx_word' id='word_1_428' title='bbox 513 4525 587 4580; x_wconf 89' lang='lat' dir='ltr'>vitae</span> <span class='ocrx_word' id='word_1_429' title='bbox 609 4526 760 4581; x_wconf 78' lang='lat' dir='ltr'>commodis</span> <span class='ocrx_word' id='word_1_430' title='bbox 783 4544 870 4598; x_wconf 89' lang='lat' dir='ltr'>genus</span> <span class='ocrx_word' id='word_1_431' title='bbox 899 4526 1048 4581; x_wconf 91' lang='lat' dir='ltr'>humanum</span> <span class='ocrx_word' id='word_1_432' title='bbox 1075 4525 1245 4581; x_wconf 89' lang='lat' dir='ltr'>adsalutem</span> <span class='ocrx_word' id='word_1_433' title='bbox 1264 4524 1487 4597; x_wconf 89' lang='lat' dir='ltr'>consequendam</span> <span class='ocrx_word' id='word_1_434' title='bbox 1499 4526 1633 4582; x_wconf 88' lang='lat' dir='ltr'>indirecte</span> <span class='ocrx_word' id='word_1_435' title='bbox 1652 4545 1685 4582; x_wconf 89' lang='lat' dir='ltr'>ac</span> <span class='ocrx_word' id='word_1_436' title='bbox 1698 4529 1817 4585; x_wconf 88' lang='lat' dir='ltr'>mediate</span> <span class='ocrx_word' id='word_1_437' title='bbox 1837 4530 1905 4585; x_wconf 91' lang='lat' dir='ltr'>dun·</span> 
     </span>
    </p>

    <p class='ocr_par' dir='ltr' id='par_1_6' title="bbox 110 4611 1905 5033">
     <span class='ocr_line' id='line_1_35' title="bbox 110 4611 1904 4685; baseline 0.001 -14"><span class='ocrx_word' id='word_1_438' title='bbox 110 4618 115 4623; x_wconf 89' lang='lat'>&#39;</span> <span class='ocrx_word' id='word_1_439' title='bbox 219 4615 330 4678; x_wconf 85' lang='lat' dir='ltr'>excidit,</span> <span class='ocrx_word' id='word_1_440' title='bbox 348 4613 397 4669; x_wconf 90' lang='lat' dir='ltr'>sed</span> <span class='ocrx_word' id='word_1_441' title='bbox 414 4612 491 4667; x_wconf 88' lang='lat' dir='ltr'>Deus</span> <span class='ocrx_word' id='word_1_442' title='bbox 504 4612 676 4668; x_wconf 87' lang='lat' dir='ltr'>exmiranda</span> <span class='ocrx_word' id='word_1_443' title='bbox 689 4618 718 4667; x_wconf 90' lang='lat' dir='ltr'>et</span> <span class='ocrx_word' id='word_1_444' title='bbox 737 4629 878 4684; x_wconf 90' lang='lat' dir='ltr'>nunquam</span> <span class='ocrx_word' id='word_1_445' title='bbox 890 4614 957 4669; x_wconf 88' lang='lat' dir='ltr'>satis</span> <span class='ocrx_word' id='word_1_446' title='bbox 971 4630 1049 4685; x_wconf 78' lang='lat' dir='ltr'>prae</span> <span class='ocrx_word' id='word_1_447' title='bbox 1074 4618 1151 4667; x_wconf 86' lang='lat' dir='ltr'>taxat</span> <span class='ocrx_word' id='word_1_448' title='bbox 1179 4611 1379 4682; x_wconf 87' lang='lat' dir='ltr'>spectantibus.</span> <span class='ocrx_word' id='word_1_449' title='bbox 1417 4617 1442 4665; x_wconf 75' lang='lat'>5.</span> <span class='ocrx_word' id='word_1_450' title='bbox 1472 4614 1597 4683; x_wconf 77' lang='lat' dir='ltr'>Effectia</span> <span class='ocrx_word' id='word_1_451' title='bbox 1640 4613 1693 4668; x_wconf 91' lang='lat' dir='ltr'>Per</span> <span class='ocrx_word' id='word_1_452' title='bbox 1722 4615 1904 4672; x_wconf 89' lang='lat' dir='ltr'>ministerium</span> 
     </span>
     <span class='ocr_line' id='line_1_36' title="bbox 219 4698 1905 4772; baseline 0.001 -16"><span class='ocrx_word' id='word_1_453' title='bbox 219 4701 340 4756; x_wconf 89' lang='lat' dir='ltr'>dicanda</span> <span class='ocrx_word' id='word_1_454' title='bbox 375 4699 547 4772; x_wconf 84' lang='lat' dir='ltr'>benignitate</span> <span class='ocrx_word' id='word_1_455' title='bbox 583 4704 698 4770; x_wconf 82' lang='lat' dir='ltr'>propter</span> <span class='ocrx_word' id='word_1_456' title='bbox 730 4699 793 4753; x_wconf 81' lang='lat' dir='ltr'>Filii</span> <span class='ocrx_word' id='word_1_457' title='bbox 825 4699 1049 4754; x_wconf 87' lang='lat' dir='ltr'>intercessionem</span> <span class='ocrx_word' id='word_1_458' title='bbox 1075 4698 1292 4755; x_wconf 86' lang='lat' dir='ltr'>ecclesiasticum</span> <span class='ocrx_word' id='word_1_459' title='bbox 1312 4698 1458 4770; x_wconf 88' lang='lat' dir='ltr'>dispensat</span> <span class='ocrx_word' id='word_1_460' title='bbox 1481 4698 1558 4754; x_wconf 90' lang='lat' dir='ltr'>Deus</span> <span class='ocrx_word' id='word_1_461' title='bbox 1583 4699 1718 4755; x_wconf 86' lang='lat' dir='ltr'>beneficia</span> <span class='ocrx_word' id='word_1_462' title='bbox 1743 4702 1905 4772; x_wconf 86' lang='lat' dir='ltr'>spiritualia,</span> 
     </span>
     <span class='ocr_line' id='line_1_37' title="bbox 219 4784 1904 4858; baseline 0.002 -17"><span class='ocrx_word' id='word_1_463' title='bbox 219 4803 275 4841; x_wconf 91' lang='lat' dir='ltr'>non</span> <span class='ocrx_word' id='word_1_464' title='bbox 292 4786 341 4840; x_wconf 86' lang='lat' dir='ltr'>illa</span> <span class='ocrx_word' id='word_1_465' title='bbox 360 4785 466 4853; x_wconf 90' lang='lat' dir='ltr'>solum,</span> <span class='ocrx_word' id='word_1_466' title='bbox 495 4785 544 4840; x_wconf 89' lang='lat' dir='ltr'>sed</span> <span class='ocrx_word' id='word_1_467' title='bbox 562 4785 645 4841; x_wconf 88' lang='lat' dir='ltr'>etiam</span> <span class='ocrx_word' id='word_1_468' title='bbox 663 4784 733 4840; x_wconf 88' lang='lat' dir='ltr'>baec</span> <span class='ocrx_word' id='word_1_469' title='bbox 749 4786 872 4839; x_wconf 88' lang='lat' dir='ltr'>restituit</span> <span class='ocrx_word' id='word_1_470' title='bbox 889 4802 921 4840; x_wconf 88' lang='lat' dir='ltr'>ac</span> <span class='ocrx_word' id='word_1_471' title='bbox 939 4803 1048 4857; x_wconf 90' lang='lat' dir='ltr'>repara·</span> <span class='ocrx_word' id='word_1_472' title='bbox 1074 4786 1261 4843; x_wconf 88' lang='lat' dir='ltr'>remissionem</span> <span class='ocrx_word' id='word_1_473' title='bbox 1287 4793 1478 4857; x_wconf 88' lang='lat' dir='ltr'>peccatorum,</span> <span class='ocrx_word' id='word_1_474' title='bbox 1508 4788 1738 4858; x_wconf 86' lang='lat' dir='ltr'>tranquillitatem</span> <span class='ocrx_word' id='word_1_475' title='bbox 1764 4792 1904 4847; x_wconf 87' lang='lat' dir='ltr'>conscien-</span> 
     </span>
     <span class='ocr_line' id='line_1_38' title="bbox 219 4866 1905 4944; baseline 0.003 -17"><span class='ocrx_word' id='word_1_476' title='bbox 219 4872 268 4941; x_wconf 91' lang='lat' dir='ltr'>vit,</span> <span class='ocrx_word' id='word_1_477' title='bbox 288 4888 322 4926; x_wconf 92' lang='lat' dir='ltr'>ac</span> <span class='ocrx_word' id='word_1_478' title='bbox 340 4872 433 4926; x_wconf 88' lang='lat' dir='ltr'>media</span> <span class='ocrx_word' id='word_1_479' title='bbox 444 4871 499 4926; x_wconf 90' lang='lat' dir='ltr'>illis</span> <span class='ocrx_word' id='word_1_480' title='bbox 516 4871 712 4927; x_wconf 89' lang='lat' dir='ltr'>conservandis</span> <span class='ocrx_word' id='word_1_481' title='bbox 724 4866 869 4940; x_wconf 78' lang='lat' dir='ltr'>ordinaiit,</span> <span class='ocrx_word' id='word_1_482' title='bbox 889 4872 961 4927; x_wconf 86' lang='lat' dir='ltr'>inter</span> <span class='ocrx_word' id='word_1_483' title='bbox 978 4890 1050 4944; x_wconf 87' lang='lat' dir='ltr'>quaa</span> <span class='ocrx_word' id='word_1_484' title='bbox 1074 4873 1131 4928; x_wconf 87' lang='lat' dir='ltr'>tiae</span> <span class='ocrx_word' id='word_1_485' title='bbox 1150 4873 1299 4936; x_wconf 90' lang='lat' dir='ltr'>internam,</span> <span class='ocrx_word' id='word_1_486' title='bbox 1326 4873 1501 4930; x_wconf 89' lang='lat' dir='ltr'>donationem</span> <span class='ocrx_word' id='word_1_487' title='bbox 1524 4875 1643 4944; x_wconf 83' lang='lat' dir='ltr'>spiritus</span> <span class='ocrx_word' id='word_1_488' title='bbox 1666 4877 1755 4930; x_wconf 91' lang='lat' dir='ltr'>sancti</span> <span class='ocrx_word' id='word_1_489' title='bbox 1773 4882 1802 4931; x_wconf 90' lang='lat' dir='ltr'>et</span> <span class='ocrx_word' id='word_1_490' title='bbox 1818 4878 1905 4932; x_wconf 89' lang='lat' dir='ltr'>vitam</span> 
     </span>
     <span class='ocr_line' id='line_1_39' title="bbox 221 4957 1905 5033; baseline 0.003 -19"><span class='ocrx_word' id='word_1_491' title='bbox 221 4958 342 5014; x_wconf 85' lang='lat' dir='ltr'>eminent</span> <span class='ocrx_word' id='word_1_492' title='bbox 359 4957 487 5029; x_wconf 90' lang='lat' dir='ltr'>politicus</span> <span class='ocrx_word' id='word_1_493' title='bbox 504 4958 690 5030; x_wconf 87' lang='lat' dir='ltr'>magistratus.</span> <span class='ocrx_word' id='word_1_494' title='bbox 1076 4963 1232 5027; x_wconf 68' lang='lat' dir='ltr'>aeternam</span> <span class='ocrx_word' id='word_1_495' title='bbox 1272 4973 1322 5028; x_wconf 91' lang='lat' dir='ltr'>per</span> <span class='ocrx_word' id='word_1_496' title='bbox 1359 4962 1550 5033; x_wconf 88' lang='lat' dir='ltr'>magistratum</span> <span class='ocrx_word' id='word_1_497' title='bbox 1585 4961 1728 5028; x_wconf 90' lang='lat' dir='ltr'>politicum</span> <span class='ocrx_word' id='word_1_498' title='bbox 1759 4970 1905 5019; x_wconf 86' lang='lat' dir='ltr'>conservat</span> 
     </span>
    </p>

    <p class='ocr_par' dir='ltr' id='par_1_7' title="bbox 93 5041 1905 5121">
     <span class='ocr_line' id='line_1_40' title="bbox 93 5041 1905 5121; baseline 0.003 -22"><span class='ocrx_word' id='word_1_499' title='bbox 93 5048 162 5099; x_wconf 70' lang='grc' dir='ltr'>Μ·</span> <span class='ocrx_word' id='word_1_500' title='bbox 257 5050 281 5099; x_wconf 83' lang='lat'>2.</span> <span class='ocrx_word' id='word_1_501' title='bbox 306 5043 378 5108; x_wconf 84' lang='lat' dir='ltr'>Quid</span> <span class='ocrx_word' id='word_1_502' title='bbox 399 5043 472 5114; x_wconf 91' lang='lat' dir='ltr'>qnod</span> <span class='ocrx_word' id='word_1_503' title='bbox 492 5044 520 5098; x_wconf 94' lang='lat' dir='ltr'>in</span> <span class='ocrx_word' id='word_1_504' title='bbox 540 5043 633 5098; x_wconf 84' lang='lat' dir='ltr'>multis</span> <span class='ocrx_word' id='word_1_505' title='bbox 657 5041 829 5116; x_wconf 85' lang='lat' dir='ltr'>magistratui</span> <span class='ocrx_word' id='word_1_506' title='bbox 856 5043 968 5114; x_wconf 90' lang='lat' dir='ltr'>politico</span> <span class='ocrx_word' id='word_1_507' title='bbox 988 5062 1049 5100; x_wconf 93' lang='lat' dir='ltr'>cum</span> <span class='ocrx_word' id='word_1_508' title='bbox 1076 5061 1172 5116; x_wconf 86' lang='lat' dir='ltr'>pacem</span> <span class='ocrx_word' id='word_1_509' title='bbox 1192 5052 1220 5099; x_wconf 90' lang='lat' dir='ltr'>et</span> <span class='ocrx_word' id='word_1_510' title='bbox 1239 5045 1467 5116; x_wconf 89' lang='lat' dir='ltr'>tranquillitatem</span> <span class='ocrx_word' id='word_1_511' title='bbox 1485 5051 1639 5113; x_wconf 81' lang='lat' dir='ltr'>externam,</span> <span class='ocrx_word' id='word_1_512' title='bbox 1663 5049 1839 5105; x_wconf 88' lang='lat' dir='ltr'>administrat</span> <span class='ocrx_word' id='word_1_513' title='bbox 1858 5052 1905 5121; x_wconf 92' lang='lat' dir='ltr'>ju·</span> 
     </span>
    </p>

    <p class='ocr_par' dir='ltr' id='par_1_8' title="bbox 93 5104 1903 5198">
     <span class='ocr_line' id='line_1_41' title="bbox 93 5104 1903 5198; baseline 0.004 -15"><span class='ocrx_word' id='word_1_514' title='bbox 93 5104 208 5195; x_wconf 52' lang='grc' dir='ltr'><strong>ἕῖζῖῗῖ.”</strong></span> <span class='ocrx_word' id='word_1_515' title='bbox 224 5130 374 5186; x_wconf 89' lang='lat' dir='ltr'>ministerio</span> <span class='ocrx_word' id='word_1_516' title='bbox 395 5130 583 5186; x_wconf 86' lang='lat' dir='ltr'>ecclesiastico</span> <span class='ocrx_word' id='word_1_517' title='bbox 600 5131 734 5185; x_wconf 76' lang='lat' dir='ltr'>conuenit.</span> <span class='ocrx_word' id='word_1_518' title='bbox 772 5128 946 5184; x_wconf 83' lang='lat' dir='ltr'>Conveniunt</span> <span class='ocrx_word' id='word_1_519' title='bbox 964 5131 1050 5186; x_wconf 91' lang='lat' dir='ltr'>enim:</span> <span class='ocrx_word' id='word_1_520' title='bbox 1076 5131 1179 5186; x_wconf 88' lang='lat' dir='ltr'>stitiam</span> <span class='ocrx_word' id='word_1_521' title='bbox 1197 5129 1321 5198; x_wconf 89' lang='lat' dir='ltr'>civilem,</span> <span class='ocrx_word' id='word_1_522' title='bbox 1351 5132 1475 5189; x_wconf 78' lang='lat' dir='ltr'>defendit</span> <span class='ocrx_word' id='word_1_523' title='bbox 1492 5130 1653 5198; x_wconf 81' lang='lat' dir='ltr'>facultates,</span> <span class='ocrx_word' id='word_1_524' title='bbox 1677 5134 1781 5189; x_wconf 90' lang='lat' dir='ltr'>famam</span> <span class='ocrx_word' id='word_1_525' title='bbox 1798 5143 1827 5190; x_wconf 91' lang='lat' dir='ltr'>et</span> <span class='ocrx_word' id='word_1_526' title='bbox 1844 5153 1903 5191; x_wconf 92' lang='lat' dir='ltr'>cor·</span> 
     </span>
    </p>

    <p class='ocr_par' dir='ltr' id='par_1_9' title="bbox 95 5205 1903 5297">
     <span class='ocr_line' id='line_1_42' title="bbox 95 5205 1903 5297; baseline 0.003 -25"><span class='ocrx_word' id='word_1_527' title='bbox 95 5205 195 5297; x_wconf 51' lang='grc' dir='ltr'>ζ’]ηῗζξ</span> <span class='ocrx_word' id='word_1_528' title='bbox 225 5223 248 5274; x_wconf 86' lang='lat'>1.</span> <span class='ocrx_word' id='word_1_529' title='bbox 268 5236 369 5287; x_wconf 74' lang='lat' dir='ltr'>qaaere</span> <span class='ocrx_word' id='word_1_530' title='bbox 391 5218 534 5288; x_wconf 74' lang='lat' dir='ltr'>prosim,</span> <span class='ocrx_word' id='word_1_531' title='bbox 564 5217 742 5273; x_wconf 86' lang='lat' dir='ltr'>ministerium</span> <span class='ocrx_word' id='word_1_532' title='bbox 767 5216 982 5272; x_wconf 88' lang='lat' dir='ltr'>ecclesiasticum</span> <span class='ocrx_word' id='word_1_533' title='bbox 1009 5223 1052 5273; x_wconf 90' lang='lat' dir='ltr'>est</span> <span class='ocrx_word' id='word_1_534' title='bbox 1076 5235 1145 5288; x_wconf 90' lang='lat' dir='ltr'>pora</span> <span class='ocrx_word' id='word_1_535' title='bbox 1170 5225 1263 5274; x_wconf 73' lang='lat' dir='ltr'>noema</span> <span class='ocrx_word' id='word_1_536' title='bbox 1282 5226 1366 5291; x_wconf 89' lang='lat' dir='ltr'>atque</span> <span class='ocrx_word' id='word_1_537' title='bbox 1392 5225 1534 5274; x_wconf 81' lang='lat' dir='ltr'>externum</span> <span class='ocrx_word' id='word_1_538' title='bbox 1552 5217 1683 5275; x_wconf 88' lang='lat' dir='ltr'>ecclesiae</span> <span class='ocrx_word' id='word_1_539' title='bbox 1703 5223 1903 5277; x_wconf 87' lang='lat' dir='ltr'>munimentum</span> 
     </span>
    </p>
   </div>
   <div class='ocr_carea' id='block_1_5' title="bbox 95 5303 1904 5481">
    <p class='ocr_par' dir='ltr' id='par_1_10' title="bbox 95 5303 1904 5481">
     <span class='ocr_line' id='line_1_43' title="bbox 95 5303 1902 5377; baseline 0.004 -17"><span class='ocrx_word' id='word_1_540' title='bbox 95 5309 135 5348; x_wconf 74' lang='lat'>¹¹⁸·</span> <span class='ocrx_word' id='word_1_541' title='bbox 223 5313 362 5377; x_wconf 90' lang='lat' dir='ltr'>potestas,</span> <span class='ocrx_word' id='word_1_542' title='bbox 390 5304 568 5376; x_wconf 86' lang='lat' dir='ltr'>magistratus</span> <span class='ocrx_word' id='word_1_543' title='bbox 586 5303 714 5374; x_wconf 91' lang='lat' dir='ltr'>politicus</span> <span class='ocrx_word' id='word_1_544' title='bbox 738 5303 832 5358; x_wconf 89' lang='lat' dir='ltr'>itidem</span> <span class='ocrx_word' id='word_1_545' title='bbox 850 5309 893 5358; x_wconf 89' lang='lat' dir='ltr'>est</span> <span class='ocrx_word' id='word_1_546' title='bbox 910 5309 1050 5374; x_wconf 75' lang='lat' dir='ltr'>potestas3</span> <span class='ocrx_word' id='word_1_547' title='bbox 1076 5310 1209 5377; x_wconf 85' lang='lat' dir='ltr'>praestat.</span> <span class='ocrx_word' id='word_1_548' title='bbox 1249 5308 1274 5361; x_wconf 84' lang='grc'>6.</span> <span class='ocrx_word' id='word_1_549' title='bbox 1295 5305 1387 5358; x_wconf 84' lang='lat' dir='ltr'>Modo</span> <span class='ocrx_word' id='word_1_550' title='bbox 1404 5303 1585 5357; x_wconf 51' lang='lat' dir='ltr'>mamutium}</span> <span class='ocrx_word' id='word_1_551' title='bbox 1598 5313 1624 5358; x_wconf 80' lang='lat' dir='ltr'>et</span> <span class='ocrx_word' id='word_1_552' title='bbox 1638 5309 1902 5367; x_wconf 66' lang='lat' dir='ltr'>administrationis.</span> 
     </span>
     <span class='ocr_line' id='line_1_44' title="bbox 222 5390 1904 5481; baseline 0.003 -35"><span class='ocrx_word' id='word_1_553' title='bbox 222 5395 249 5445; x_wconf 78' lang='grc'>2.</span> <span class='ocrx_word' id='word_1_554' title='bbox 266 5410 353 5446; x_wconf 83' lang='lat' dir='ltr'>caasa</span> <span class='ocrx_word' id='word_1_555' title='bbox 371 5391 509 5481; x_wconf 56' lang='lat' dir='ltr'>efficiente</span> <span class='ocrx_word' id='word_1_556' title='bbox 524 5390 693 5460; x_wconf 73' lang='lat' dir='ltr'>princepali,</span> <span class='ocrx_word' id='word_1_557' title='bbox 712 5406 785 5461; x_wconf 89' lang='lat' dir='ltr'>qnae</span> <span class='ocrx_word' id='word_1_558' title='bbox 796 5395 838 5445; x_wconf 91' lang='lat' dir='ltr'>est</span> <span class='ocrx_word' id='word_1_559' title='bbox 856 5390 932 5446; x_wconf 88' lang='lat' dir='ltr'>Dens</span> <span class='ocrx_word' id='word_1_560' title='bbox 950 5391 1050 5446; x_wconf 88' lang='lat' dir='ltr'>utrius-</span> <span class='ocrx_word' id='word_1_561' title='bbox 1075 5391 1201 5449; x_wconf 83' lang='lat' dir='ltr'>Minister</span> <span class='ocrx_word' id='word_1_562' title='bbox 1225 5390 1358 5448; x_wconf 81' lang='lat' dir='ltr'>ecclesiae</span> <span class='ocrx_word' id='word_1_563' title='bbox 1383 5403 1439 5442; x_wconf 92' lang='lat' dir='ltr'>non</span> <span class='ocrx_word' id='word_1_564' title='bbox 1460 5404 1511 5457; x_wconf 88' lang='lat' dir='ltr'>per</span> <span class='ocrx_word' id='word_1_565' title='bbox 1529 5392 1701 5460; x_wconf 88' lang='lat' dir='ltr'>quaestiones</span> <span class='ocrx_word' id='word_1_566' title='bbox 1719 5393 1854 5450; x_wconf 83' lang='lat' dir='ltr'>violentas</span> <span class='ocrx_word' id='word_1_567' title='bbox 1875 5403 1904 5451; x_wconf 92' lang='lat' dir='ltr'>et</span> 
     </span>
    </p>
   </div>
   <div class='ocr_carea' id='block_1_6' title="bbox 0 0 2014 6004">
    <p class='ocr_par' dir='ltr' id='par_1_11' title="bbox 0 0 2014 6004">
     <span class='ocr_line' id='line_1_45' title="bbox 0 0 2014 6004; baseline 0 0"><span class='ocrx_word' id='word_1_568' title='bbox 0 0 2014 6004; x_wconf 95' lang='lat' dir='ltr'> </span> 
     </span>
    </p>
   </div>
  </div>
 </body>
</html>
