4020 6014
10 494 25 524 ρ.

10 546 25 582 's

10 3962 28 4001 p

615 315 667 371 DE
684 313 908 373 MINISTERIO
923 313 1223 376 nccuesms'ssco
1726 325 1765 384 28

72 466 120 522 ult.
150 472 181 522 et
207 467 288 521 Beda
320 468 348 522 in
375 484 468 537 expos.
496 465 547 522 Ex.
579 473 620 522 25.
659 467 850 523 Theodoretus
881 468 981 533 intas
1001 487 1097 538 preces
1120 487 1152 524 sa
1175 473 1205 525 oi
1230 475 1420 529 ordinationis
1441 482 1489 528 aut
1513 481 1575 527 soto
1599 473 1713 540 recitat,
1737 479 1768 525 at

73 571 170 609 comm.
200 570 285 623 super
308 553 414 610 Cantic.
434 555 468 608 ad
494 554 700 609 concionatores
719 554 910 608 accommodat
921 576 923 627 j
935 558 1077 624 rcpsslaris
1090 560 1240 626 professos
1258 562 1403 629 acriusque
1422 577 1519 622 amas,
1540 561 1628 621 omnis
1647 559 1767 612 clericas

72 641 163 695 locum
186 640 267 696 Cant.
289 647 319 695 4:
348 643 443 693 Facaa
468 641 614 694 distillans
634 641 713 694 labia
737 649 786 694 tna
811 641 866 694 mei
885 649 910 694 ct
934 642 1016 694 ctiam
1033 644 1144 710 primae
1168 654 1274 699 tantam
1300 656 1446 713 toncrcrae,
1477 647 1566 698 omnis
1595 647 1715 698 ἀοπαετω
1741 652 1767 697 et

69 730 114 782 lac
138 728 190 780 sah
213 727 312 793 liapaa
333 735 391 779 too.
427 726 491 782 vid.
512 726 586 780 Bias.
612 725 647 781 de
671 727 752 797 Viog.
773 727 801 780 iu
820 743 845 780 c.
869 734 907 781 19.
934 729 1040 780 dorseta
1060 731 1148 782 ‹ilicos'
1163 733 1298 798 relipioai
1313 731 1511 784 awecclcsiac
1528 729 1653 783 caelari
1668 737 1694 783 ct
1712 747 1767 783 om·

69 816 156 883 Apoe
182 830 209 882 p.
240 813 338 868 tw*
382 811 428 867 Sic
457 813 602 867 Eusebius
620 812 669 867 lib.
700 819 719 867 1,
748 813 811 867 hist.
841 813 907 866 eccl.
935 815 978 866 ais
997 816 1087 874 clitro,
1118 818 1167 883 qai
1187 818 1326 871 orationes
1352 817 1387 869 ab
1413 834 1445 869 co
1464 817 1614 870 ordinatas
1640 816 1701 881 ejus
1718 833 1767 867 ao·

69 918 92 954 c.
113 907 134 954 1.
153 899 189 953 de
210 898 345 952 ecclesiae
364 898 532 966 apostolicae
551 905 577 952 et
596 899 782 966 apostolorum
802 907 906 967 ternpo-
919 902 921 913 '
934 900 1006 952 misce
1024 902 1170 952 recitatur
1207 891 1362 956 Ostendant
1382 918 1446 955 vero
1470 901 1550 955 nobis
1571 902 1599 954 in
1617 900 1767 970 Scripturis

70 984 146 1039 ribus
164 985 306 1055 proximae
327 983 462 1052 episcopis
482 983 636 1052 scripturus
651 983 728 1049 dicit,
748 1000 777 1036 se
796 985 830 1038 de
852 984 905 1037 illis
933 1001 1032 1039 nomen
1050 986 1281 1054 missiticantiurn,
1310 986 1515 1053 monachorum,
1538 986 1685 1052 abbatum,
1709 1003 1767 1040 car·

70 1078 205 1138 acturum,
227 1071 276 1139 qui
290 1069 599 1137 ecclesiaedcuawadc,
612 1077 805 1136 competenter,
819 1087 904 1137 proe-
918 1132 920 1137 ,
933 1071 1066 1125 dinatium
1096 1079 1148 1126 etc.
1190 1073 1245 1142 lpsi
1275 1082 1371 1127 contra
1402 1073 1604 1127 ecclesiasticas
1635 1088 1767 1141 personas

68 1158 175 1219 metica
203 1155 353 1227 (ἡγήσοντό
379 1175 407 1209 τε
435 1161 479 1208 καὶ
505 1160 697 1222 προέστησαν,
724 1155 827 1225 inquit,
858 1142 1053 1226 cad-igerrerali
1075 1159 1261 1228 appellatione
1280 1166 1379 1213 vocant
1403 1160 1527 1212 ciericos.
1565 1159 1604 1213 Ut
1627 1157 1700 1211 enim
1719 1174 1767 1228 ape

69 1259 190 1309 monens,
210 1260 257 1297 eos
274 1242 362 1297 fuisso
381 1242 457 1297 velut
468 1242 598 1296 ductores
610 1249 638 1296 et
650 1240 790 1310 praesides
810 1240 905 1295 Domi·
933 1248 1013 1311 paret
1031 1261 1063 1296 er
1080 1243 1247 1298 Bellarmiuo
1266 1244 1326 1298 libr.
1346 1250 1369 1300 3.
1383 1245 1416 1298 de
1433 1244 1539 1298 clericis
1557 1259 1580 1298 c.
1606 1249 1643 1298 11.
1662 1252 1767 1312 septem

71 1331 122 1384 nici
137 1329 245 1400 gregisl
260 1330 362 1398 quique
374 1328 495 1396 stupidis
512 1328 651 1380 octoadas
664 1328 788 1380 (lisanam
801 1328 905 1379 doctri-
918 1358 921 1443 ι
933 1337 1080 1382 numerant
1099 1330 1209 1383 ordines
1234 1347 1340 1396 sacros,
1361 1331 1389 1382 in
1408 1331 1495 1399 primo
1515 1337 1580 1383 sunt
1596 1331 1768 1397 concreatos,

70 1435 131 1470 som
152 1417 212 1469 sias
230 1418 296 1470 sisa
311 1432 385 1482 socc,
404 1414 461 1466 sinc
481 1414 688 1467 commentariis
707 1415 766 1465 suis
785 1412 1001 1507 calasini->quos
1029 1416 1056 1467 in
1082 1417 1206 1481 oratores
1232 1432 1264 1469 ac
1290 1417 1409 1469 minores
1433 1422 1529 1484 postea
1550 1414 1684 1468 dividunt.
1721 1414 1766 1468 Ad

69 1502 220 1555 straverint
252 1500 310 1566 (τὸν
341 1506 422 1553 θεῖον
451 1500 639 1571 ἐπρέσβευσαν
673 1499 774 1567 λόγον,
808 1498 1050 1570 ἰηοιιί1,1ιηορ“οι·οο
1064 1501 1187 1554 referunt
1202 1503 1400 1569 patriarchas,
1419 1501 1653 1569 archiepiscopos,
1670 1507 1767 1553 metro·

70 1588 178 1653 docens,
199 1604 246 1641 eos
264 1602 368 1656 magna
387 1584 442 1640 tide
460 1593 488 1640 et
505 1586 638 1656 religione
654 1585 768 1638 verbum
782 1585 905 1638 veritatis
917 1600 920 1658 j
929 1588 1073 1655 pole-'timos
1095 1596 1119 1639 ct
1138 1589 1284 1658 episcopos
1289 1611 1299 1656 ,·
1330 1589 1447 1642 rninores
1466 1594 1567 1641 vocant
1583 1587 1767 1654 presbyteros.

69 1680 210 1733 tractasse,
232 1670 377 1739 πρεσβεύω
393 1671 465 1726 enim
479 1671 687 1742 significntnon
708 1678 814 1724 tanturn
830 1668 965 1740 lega-llo
984 1673 1105 1726 secundo
1131 1682 1196 1726 sunt
1220 1677 1336 1727 diaconi
1341 1696 1349 1736 ;
1380 1674 1406 1727 iu
1435 1675 1516 1727 tertio
1537 1673 1719 1739 ecthdiacoai,·
1740 1672 1769 1726 in

68 1760 169 1814 donem
179 1758 259 1819 obeo,
275 1757 420 1811 sedetiam
433 1760 568 1829 προτιμῶ,
599 1757 674 1826 Ergo
688 1755 850 1828 προσβοόοιν
864 1762 905 1809 est
932 1766 1030 1827 quarto
1050 1760 1192 1825 caetrati,-
1222 1760 1249 1812 in
1270 1760 1366 1830 quinto
1387 1760 1519 1826 lectorcs;
1546 1759 1575 1812 in
1596 1765 1672 1812 serto
1689 1775 1767 1811 eaor·

69 1845 182 1900 verbum
195 1843 250 1897 Dei
263 1858 365 1913 magna
377 1860 439 1897 cum
452 1842 587 1912 religione
599 1848 737 1896 tractarel¹
762 1842 905 1896 Vocantur
931 1845 1032 1905 cistea-
1050 1843 1078 1896 in
1089 1844 1206 1913 septimo
1224 1846 1344 1908 ostiarii.
1367 1846 1400 1898 de
1416 1863 1532 1915 quorum
1551 1843 1768 1912 nomenclatura,

69 1933 148 1987 etiam
168 1930 304 1984 ecclcsiae
332 1928 449 1982 ministri
476 1928 613 1995 [πάροικοι.
651 1928 789 1982 Eusebius
811 1927 858 1983 lib.
880 1932 904 1993 3,
931 1928 1029 1983 officiis
1056 1937 1083 1983 et
1108 1930 1265 1985 discrimine
1288 1931 1403 1985 inferius
1427 1931 1542 1985 dicetur.
1582 1928 1685 1984 Omnes
1708 1929 1769 1984 illos

68 2018 127 2072 hist
151 2021 192 2071 13.
228 2014 370 2068 Anianum
397 2022 478 2068 vocat
496 2014 613 2084 primum
631 2015 765 2068 ecclesiae
784 2013 904 2068 Alexan·
932 2023 1032 2069 vocant
1051 2016 1181 2084 ciericos,
1210 2032 1280 2085 quos
1303 2033 1321 2069 a
1348 2016 1425 2070 laicis
1451 2023 1479 2070 et
1505 2015 1645 2069 monachis
1672 2014 1768 2068 distin

68 2104 162 2158 drinae
173 2118 333 2173 paroecum‚
345 2101 419 2154 unde
430 2102 559 2170 paroecia
570 2118 602 2154 ao
616 2107 745 2169 corrupta
764 2098 903 2169 parochia,
931 2110 1028 2172 gaunt.
1064 2103 1173 2157 Nomen
1191 2102 1284 2158 clerici
1302 2102 1446 2158 descendit
1467 2120 1484 2155 a
1500 2103 1610 2166 κλῆρος,
1641 2101 1716 2171 quod
1734 2101 1768 2154 si·

69 2193 97 2242 ut
116 2195 145 2243 et
165 2187 261 2242 Germ.
281 2187 391 2255 Diana.
428 2187 560 2240 Budaeus
581 2188 609 2240 in
637 2186 736 2256 pand:
767 2186 838 2239 Sorte
856 2185 906 2253 qai
932 2188 1046 2259 gnificat
1075 2196 1189 2251 sortem,
1227 2195 1334 2257 partem
1367 2206 1398 2241 ac
1430 2188 1619 2242 hereditatem.
1669 2187 1768 2241 Petrus

65 2276 218 2343 parochias
238 2275 305 2326 inde
324 2273 486 2341 appellatas
505 2282 649 2339 censeant,
668 2272 766 2341 quibas
785 2272 904 2340 nicapolis
934 2281 954 2328 1.
978 2275 1056 2343 epist.
1077 2283 1100 2339 ο,
1120 2292 1144 2328 r.
1164 2281 1188 2329 1.
1210 2271 1327 2343 κλήρους
1347 2283 1429 2327 vocat
1441 2272 1492 2326 Dei
1514 2272 1667 2333 ecclesiam,
1683 2271 1767 2342 respi-

67 2363 225 2415 aacsrdotea
247 2361 293 2413 sai
317 2360 453 2411 destinati
473 2368 537 2412 sent
560 2362 596 2412 ab
616 2359 781 2413 exhibitione
799 2358 904 2410 scilicet
930 2361 1006 2414 ciens
1033 2361 1068 2413 ad
1095 2360 1227 2430 populum
1252 2360 1447 2422 Israbliticunr,
1479 2377 1560 2429 quem
1587 2358 1664 2413 Deus
1691 2358 1767 2411 velut

68 2445 246 2502 saoeosancti
275 2448 370 2516 panis.
414 2447 476 2511 Epo
507 2462 573 2498 occo
598 2463 653 2498 noa
674 2445 827 2512 parochias
845 2444 903 2509 pri-
931 2444 1083 2514 portionem
1113 2444 1253 2515 quandam
1277 2462 1295 2497 a
1320 2445 1431 2514 rehquis
1456 2443 1587 2514 gentibus
1610 2450 1766 2512 separatam

68 2552 146 2600 aava,
164 2534 218 2585 ced
221 2533 376 2600 paroecias
393 2531 554 2600 appellatas
572 2546 630 2582 aare
642 2547 746 2584 ceriaco.
775 2528 902 2598 πάροικοι
932 2532 959 2583 iu
972 2530 1111 2600 peculium
1124 2529 1176 2584 sibi
1189 2531 1319 2601 elegerat,
1339 2529 1421 2584 Deut.
1444 2537 1468 2595 1,
1487 2548 1511 2582 v.
1532 2536 1572 2584 29,
1599 2545 1622 2583 e.
1643 2536 1667 2597 9,
1686 2548 1710 2582 v.
1724 2534 1766 2585 29.

68 2621 137 2672 enim
155 2625 223 2672 artat
240 2617 368 2683 moloc,
393 2632 480 2684 piare
504 2616 554 2684 qui
563 2617 669 2683 sanaim
688 2616 806 2683 aliquod
825 2632 903 2668 acco·
934 2623 956 2670 1.
975 2616 1044 2686 Reg.
1063 2622 1091 2679 8,
1117 2635 1143 2672 v.
1166 2623 1174 2671 1
1207 2623 1259 2670 etc.
1281 2616 1426 2685 eidemque
1455 2623 1555 2669 terram
1576 2614 1689 2669 Canaan
1716 2631 1766 2683 per

69 2706 134 2768 tunt,
150 2704 272 2773 paroecs'
288 2709 353 2755 aurit
374 2701 453 2768 dicti,
472 2703 599 2769 ejusdem
626 2701 734 2754 scilicet
752 2702 821 2764 fani
837 2718 902 2753 con·
930 2711 1030 2756 sortem
1048 2702 1176 2757 distribui
1191 2704 1326 2772 jusserat,
1358 2701 1432 2757 Num
1453 2708 1503 2770 16,
1523 2719 1549 2755 v.
1571 2707 1612 2755 55.
1646 2701 1704 2756 Jos.
1726 2706 1764 2769 lt,

67 2799 153 2845 sortes
172 2797 198 2843 ct
215 2789 353 2858 paroecia
373 2789 534 2841 accolarum
553 2795 701 2841 conversios
713 2794 739 2839 ct
759 2786 903 2840 accolatus
929 2806 955 2841 v.
977 2794 1000 2843 2.
1023 2794 1073 2843 etc.
1102 2788 1129 2841 in
1155 2788 1236 2857 cujus
1260 2787 1352 2840 locum
1377 2803 1440 2841 cum
1460 2785 1609 2841 Christiani
1629 2787 1658 2839 in
1675 2785 1709 2841 N.
1730 2785 1763 2839 Τ,

66 2891 204 2946 canopus
224 2874 337 2927 ricinia.
372 2872 451 2928 Haec
476 2873 614 2927 Budaeus.
653 2872 837 2925 Sacerdotem
855 2889 901 2925 nc
929 2872 1118 2938 successerint,
1138 2872 1203 2926 inde
1217 2872 1316 2926 Petrus
1329 2871 1474 2926 ecclesiam
1487 2871 1670 2926 Christianam
1684 2875 1765 2924 vocat

65 2978 125 3016 men
144 2976 203 3032 quo
222 2976 306 3014 sensu
326 2957 503 3028 peculiariter
521 2957 654 3013 ecclcsiae
672 2958 803 3012 ministris
825 2958 902 3011 attri-
929 2962 1044 3028 κλῆρον,
1068 2958 1257 3022 hereditatem,
1276 2957 1387 3012 Domini
1408 2975 1442 3010 cr
1460 2957 1533 3013 Psal.
1555 2962 1584 3025 2,
1608 2975 1633 3010 v.
1652 2962 1681 3012 8:
1708 2956 1765 3009 Po-

65 3046 110 3102 bui
130 3051 263 3116 coeptum
280 3044 373 3112 luerit,
394 3044 498 3098 dictum
521 3048 563 3098 est
580 3043 714 3114 superius.
748 3043 903 3114 Progressa
929 3046 1003 3099 stata
1024 3063 1042 3098 a
1056 3061 1107 3111 ms,
1126 3052 1151 3098 et
1172 3045 1245 3098 daho
1257 3045 1309 3098 tibi
1318 3051 1412 3111 pentes
1426 3046 1456 3096 in
1474 3045 1663 3106 hereditatem,
1680 3059 1764 3112 quam

64 3132 193 3202 temporis
214 3130 268 3185 snb
294 3136 400 3201 papatu
424 3128 580 3184 sacerdotia
599 3129 735 3199 appellari
753 3137 903 3199 coeperunt
929 3131 1033 3186 scilicet
1063 3130 1118 3185 sibi
1141 3130 1227 3202 elegit
1252 3131 1281 3184 in
1308 3130 1442 3201 populum
1471 3126 1633 3197 περιούσιον
1657 3128 1713 3184 Tit.
1740 3134 1765 3194 2,

64 3219 205 3281 benificia.
250 3215 323 3270 Olim
356 3216 426 3270 enirn
456 3214 579 3269 officium
609 3215 823 3270 ecclesiasticum
852 3232 902 3285 pro
929 3236 953 3269 v.
976 3224 1013 3272 11.
1039 3234 1072 3271 ac
1097 3216 1174 3271 dedit
1198 3215 1313 3272 cuilibet
1334 3234 1399 3271 vero
1424 3216 1497 3271 illius
1516 3215 1638 3270 membro
1657 3219 1764 3283 partem

64 3321 145 3360 enac
163 3303 363 3373 reputabatur,
390 3302 439 3356 sed
462 3319 524 3355 cum
544 3311 640 3370 postea
660 3301 802 3356 laboribus
824 3319 901 3371 prae·
929 3308 978 3358 τοῦ
997 3301 1099 3374 κλήρου
1115 3306 1169 3358 τῶν
1187 3301 1276 3372 ἁγίων
1288 3304 1319 3355 tv
1338 3290 1376 3370 soi
1388 3307 1464 3374 φωτί
1476 3301 1579 3356 Coloss.
1597 3307 1617 3363 1,
1631 3318 1655 3352 r.
1676 3305 1714 3353 12.
1734 3305 1765 3352 nt

65 3389 199 3446 arnissis
219 3389 297 3443 lucro
315 3392 424 3442 tantum
441 3387 581 3441 inhiarent
597 3388 704 3451 clerici,
728 3387 792 3442 inde
812 3388 902 3457 ipsum
931 3390 966 3442 de
985 3388 1112 3442 omnibus
1130 3393 1159 3442 et
1177 3387 1294 3458 singulis
1313 3404 1377 3442 vere
1399 3387 1452 3456 piis
1479 3385 1535 3439 dici
1560 3385 1661 3454 possit,
1689 3385 1765 3451 qaod

64 3492 175 3548 quoqne
195 3490 297 3530 nomen
318 3474 372 3529 fuit
390 3479 535 3528 mutatum.
572 3473 726 3529 Duarcnsis
756 3473 804 3530 lib.
826 3480 848 3527 2.
868 3474 902 3527 de
930 3480 1004 3530 sorte
1024 3475 1117 3528 οοοοιι·
1134 3474 1383 3539 siocadscits'siat,
1404 3472 1503 3542 Ephes.
1526 3477 1548 3534 1,
1565 3491 1589 3526 v.
1613 3476 1651 3525 11.
1670 3470 1699 3546 in
1716 3486 1764 3539 po·

64 3579 134 3617 sacr.
158 3560 258 3616 eccles.
283 3559 387 3613 minist
419 3575 444 3616 c.
471 3564 502 3614 3:
533 3560 615 3622 Quod
633 3561 697 3613 olim
723 3561 752 3612 ia
780 3559 903 3626 antiquis
929 3562 1024 3631 pulum
1042 3560 1148 3614 scilicet
1166 3560 1228 3626 Dei,
1242 3567 1398 3612 sanctorum
1417 3558 1635 3611 communionem
1648 3561 1676 3610 et
1689 3555 1762 3608 vitae

62 3648 219 3703 maenibus
235 3653 262 3699 ct
283 3644 411 3698 concds's's
430 3645 611 3699 ministeriam
639 3646 801 3712 vocabatur,
828 3653 902 3712 post·
929 3653 1057 3702 aeternae
1074 3647 1264 3701 hereditatem.
1302 3644 1401 3698 Merito
1414 3643 1499 3714 igitur
1512 3645 1593 3714 juxta
1606 3641 1765 3711 Scripturas

62 3752 148 3804 quam
157 3731 354 3801 possessiones
369 3738 551 3798 accesserant,
572 3733 613 3784 act
626 3732 806 3785 imitationem
816 3733 902 3799 fibra·
929 3750 1039 3788 sensum
1057 3749 1152 3786 omnes
1170 3747 1234 3785 rere
1246 3731 1390 3784 credentes
1409 3746 1442 3784 ac
1460 3729 1500 3798 pii
1513 3729 1643 3782 dicuntur
1663 3726 1765 3795 clerici,

62 3820 133 3874 aaa
154 3819 184 3871 ia
198 3818 299 3882 sardis
315 3818 485 3870 sedator-nm
506 3818 606 3871 occari
628 3818 718 3886 coepit
737 3817 901 3879 beneficium.
931 3820 996 3888 quia
1021 3817 1125 3872 scilieet
1151 3816 1290 3885 pertinent
1313 3816 1349 3870 ad
1369 3815 1448 3869 illum
1467 3818 1584 3887 κλῆρον,
1610 3813 1764 3883 portionem
1793 3887 1794 3890 Ἴ

97 3910 129 3960 31
164 3902 305 3958 Pontificii
324 3910 479 3957 nostrarum
497 3903 675 3958 ecclesiarum
696 3903 833 3957 ministros
852 3918 902 3970 per
929 3921 962 3958 ac
982 3903 1161 3957 hereditatem
1182 3901 1300 3967 Domini,
1321 3902 1457 3956 immerito
1476 3907 1573 3956 contra
1592 3901 1656 3955 solis
1674 3915 1764 3954 sacer·

62 3995 256 4059 contemptum
275 4005 374 4043 vocare
392 3989 482 4042 solent
501 3989 701 4056 praedicantes
721 4004 754 4041 ac
772 4004 900 4057 magnam
929 3989 1039 4044 dotibus
1058 3988 1218 4042 clericorum
1240 4004 1340 4042 nomeu
1360 3987 1388 4041 ir
1402 3993 1506 4056 papatu
1524 3985 1688 4040 vendicatur
1706 3984 1765 4051 tubi

10 4070 119 4156 [Willis
135 4075 190 4129 hoc
207 4073 318 4128 nomine
334 4073 513 4144 ignominiam
523 4073 640 4144 irrogari
653 4073 816 4127 existimant.
846 4072 900 4127 Sed
927 4082 1000 4139 nota,
1017 4092 1111 4130 vocem
1131 4074 1232 4146 κλήρου
1252 4072 1387 4127 tredecies
1401 4073 1429 4125 in
1443 4072 1477 4128 N.
1495 4071 1527 4124 Τ.
1547 4070 1689 4140 usurpari,
1715 4069 1764 4124 sed

61 4166 221 4216 causator
235 4158 392 4230 Scripturis,
412 4176 513 4214 nomen
525 4159 712 4228 praedicantis
728 4175 761 4213 ac
778 4157 899 4213 officium
928 4178 960 4215 ex
979 4161 1045 4216 locis
1071 4160 1125 4214 illis
1153 4159 1280 4214 omnibus
1308 4158 1413 4212 nullum
1441 4175 1517 4221 esse,
1543 4157 1571 4210 iu
1598 4174 1654 4227 quo
1680 4173 1763 4212 sensu

60 4244 247 4317 praedicandi
261 4243 346 4299 tribui
359 4243 477 4300 Christo.
512 4244 586 4300 Esai.
606 4252 647 4307 91,
667 4263 693 4300 ν.
708 4252 730 4300 2.
763 4242 862 4299 March.
875 4251 900 4311 4,
926 4246 1072 4302 Pontificio
1091 4246 1181 4315 accipi
1205 4263 1266 4299 cam
1292 4251 1438 4315 oporteat).
1474 4242 1610 4298 Nimirum
1634 4242 1763 4297 convenit

58 4350 86 4388 v.
111 4338 151 4388 11.
171 4336 200 4385 st
217 4335 260 4388 29.
279 4336 340 4386 erat
357 4331 521 4400 praedicans
541 4331 570 4384 in
590 4331 756 4401 synagogis,
784 4330 853 4384 Luc.
875 4338 899 4397 4,
926 4335 980 4388 illis
998 4334 1049 4386 hac
1068 4332 1097 4385 in
1115 4348 1144 4386 re
1164 4349 1226 4385 oum
1244 4330 1414 4393 Pharisacis,
1441 4329 1488 4400 qui
1520 4346 1549 4385 se
1577 4329 1629 4383 hoc
1652 4326 1761 4384 uomina

61 4435 90 4473 v.
113 4423 156 4473 11.
176 4415 285 4489 angelis
305 4417 394 4488 Apso.
416 4423 440 4485 5,
461 4435 486 4471 v.
506 4424 529 4474 2.
549 4416 691 4489 prophetis
709 4416 766 4472 Jcr.
785 4423 809 4486 7,
829 4435 851 4471 v.
875 4423 897 4472 2.
926 4418 1119 4488 appellabant,
1144 4417 1218 4487 (lund
1244 4416 1317 4470 vitae
1336 4415 1519 4470 sauctimonia
1542 4423 1570 4470 et
1588 4412 1725 4468 mundicia
1745 4429 1762 4465 a

58 4519 84 4559 a.
106 4508 149 4569 19,
169 4519 194 4556 v,
215 4505 239 4557 2.
275 4518 299 4557 e.
320 4508 362 4568 50,
380 4509 442 4559 ul.
478 4503 540 4559 Jon.
558 4509 656 4567 l,v.2.
691 4501 899 4573 dobarmissap·
926 4505 1038 4574 reliquis
1061 4503 1178 4558 Judaeis
1208 4509 1300 4555 essent
1324 4502 1442 4572 sejuncti
1466 4508 1495 4555 et
1517 4500 1651 4569 separati,
1678 4513 1762 4567 quarn

58 4586 257 4644 tistaebiattb.
270 4593 294 4656 ³,
308 4605 333 4640 v.
349 4595 370 4644 1.
391 4594 475 4644 Marc.
495 4596 517 4657 1,
530 4607 555 4642 v.
566 4597 589 4644 1.
610 4587 742 4658 apostolis
751 4588 899 4652 Matthlb,
925 4589 1096 4660 pharisaicae
1119 4586 1312 4658 appellationis
1345 4589 1542 4659 etymologiam
1564 4585 1678 4639 tradunt
1703 4582 1762 4638 Orr-

58 4691 86 4729 ν.
114 4680 137 4727 ἵ.
174 4673 261 4729 Mare
291 4680 335 4741 19,
363 4691 388 4726 v.
420 4681 457 4729 15.
495 4674 562 4728 Luc.
590 4680 620 4738 9,
647 4693 671 4729 v.
700 4680 722 4729 2.
758 4674 837 4728 Ronr.
860 4680 899 4740 19,
925 4694 1010 4747 geues
1036 4677 1066 4729 in
1090 4693 1114 4731 c.
1142 4679 1183 4730 23.
1208 4673 1306 4729 Matth.
1330 4674 1520 4729 Tertullianus
1547 4672 1581 4726 de
1599 4671 1763 4740 praescript,

59 4777 86 4815 v.
113 4764 151 4816 14.
175 4764 229 4813 etc.
254 4775 323 4831 ergo
346 4775 446 4814 nomen
471 4759 541 4814 illud
567 4767 610 4814 est
626 4758 819 4815 honorificum.
850 4778 900 4829 per
926 4761 1099 4832 Epiphanius
1112 4760 1185 4815 haer.
1204 4765 1240 4815 16.
1256 4760 1417 4814 Ambrosius
1429 4759 1522 4813 libra.
1536 4758 1565 4811 in
1575 4756 1644 4812 Luc.
1657 4763 1686 4812 et
1698 4775 1761 4812 con-

59 4844 139 4917 quod
158 4845 332 4901 amatissimo
352 4845 469 4911 Christi,
496 4845 693 4916 prophetarum
718 4852 746 4899 et
763 4846 899 4914 apostolo·
926 4848 1017 4901 firmat
1030 4847 1154 4900 fastuosa
1166 4846 1287 4915 precatio
1301 4845 1441 4899 l'hurisaei
1454 4844 1521 4898 Luc.
1543 4848 1581 4907 18,
1595 4860 1619 4896 v.
1635 4850 1674 4899 19.
1700 4844 1762 4898 Pari

58 4948 123 4986 rum
142 4929 264 5002 collegio
289 4931 479 4988 adscribimur.
515 4933 547 4966 ⁸*
554 4932 628 4986 Ante
655 4947 742 4985 annos
766 4932 900 4987 ducentos
926 4933 1031 4987 ratione
1048 4933 1165 4986 ministri
1181 4949 1320 4985 sacrorum
1340 4933 1367 4984 in
1386 4936 1491 5000 papatu
1512 4938 1614 4984 vocant
1630 4946 1689 4984 sese
1709 4931 1761 4983 clo·

58 5016 184 5088 amplius
197 5016 251 5071 snb
270 5017 331 5085 ipso
349 5025 468 5088 papatus
488 5017 555 5071 flore
576 5018 657 5087 louge
670 5023 734 5071 anto
748 5016 899 5070 Lutherum
927 5021 1006 5083 ricos,
1029 5019 1108 5089 quasi
1127 5019 1177 5073 soli
1199 5019 1256 5072 sint
1273 5018 1308 5073 de
1333 5023 1406 5072 sorte
1432 5016 1553 5073 Domini.
1590 5034 1614 5072 c.
1639 5016 1762 5071 Clericus

58 5102 197 5158 Nicolaum
222 5103 258 5159 de
281 5102 441 5174 camargis
467 5103 563 5158 doctor
585 5102 749 5157 Parisieusis
769 5105 897 5167 praecia·
926 5122 1011 5159 causa
1032 5112 1070 5172 12,
1090 5122 1115 5175 q.
1139 5111 1164 5158 l:
1186 5103 1320 5170 Clericus,
1340 5103 1389 5171 poi
1404 5102 1509 5156 Christi
1519 5105 1604 5157 servit
1619 5087 1762 5169 ecclcsiae,

57 5189 205 5243 desimam
230 5189 425 5258 praedicandi
455 5190 580 5257 officiam
605 5192 685 5256 apud
711 5190 900 5243 Itomanoaacs
926 5197 1123 5258 ,iuterpretctor
1146 5191 1270 5258 primam
1294 5189 1458 5242 vocobulum
1483 5208 1564 5242 soram
1591 5198 1616 5242 ct
1641 5188 1762 5242 concinis

58 5275 186 5344 apathes
209 5273 315 5329 scribit.
346 5272 487 5328 Pontificii
517 5273 571 5343 ipsi
602 5273 734 5328 ecclcsiae
774 5274 899 5328 doctores
926 5277 1087 5341 anfivtitiooc
1101 5275 1220 5344 prolata
1234 5276 1340 5328 scitatur
1353 5291 1410 5327 coac
1425 5277 1502 5343 qood
1519 5275 1633 5341 diodor,
1650 5274 1676 5325 si
1689 5274 1762 5326 caim

58 5360 233 5433 nandoque
250 5367 353 5416 vocant
372 5361 524 5428 ministros,
544 5366 576 5414 ut
588 5366 704 5430 apparet
722 5377 754 5414 er
770 5360 899 5415 Lorichio
926 5365 1023 5432 κ1ῆρος
1045 5361 1171 5427 Graeco,
1201 5360 1299 5413 Latiae
1319 5377 1382 5413 sors
1401 5361 1581 5429 appellator,
1608 5368 1763 5429 propterca

58 5448 88 5504 in
107 5446 179 5502 uos.
206 5445 328 5518 theolog.
348 5462 415 5501 voce
440 5445 566 5501 Minister
592 5445 638 5500 fol.
666 5451 729 5500 1389
754 5445 803 5499 ubi
821 5445 899 5500 mini·
926 5448 1024 5501 clerici
1047 5448 1193 5512 (timeatur,
1220 5446 1289 5514 quia
1315 5447 1350 5498 de
1373 5452 1448 5499 corto
1474 5446 1593 5499 Domini
1609 5454 1685 5512 auat,
1718 5451 1761 5503 vel

58 5539 146 5591 mm
164 5530 286 5589 ridicule
295 5530 436 5600 describit,
456 5533 534 5600 quod
549 5532 586 5586 eit
603 5532 701 5599 oman,
722 5532 771 5600 poi
791 5532 898 5586 irretita·
925 5535 992 5603 quia
1014 5533 1073 5602 ipsc
1093 5533 1232 5586 Dominus
1252 5549 1325 5600 scre,
1342 5532 1378 5585 id
1389 5540 1428 5586 cet
1443 5549 1513 5600 pars
1528 5533 1694 5587 clericorum
1712 5541 1761 5603 set,

1780 1482 1902 1525 IMR.
