4020 6014
661 209 720 266 nr..
733 205 986 298 1111111111
1004 206 1189 264 rosmco.
1374 261 1377 274 ,
1688 213 1749 275 sss

54 369 110 419 tat.
136 369 158 421 1.
178 365 311 436 quaestio.
334 369 372 422 11.
391 371 486 438 punct.
507 371 531 422 3.
551 364 696 437 Scioppius
713 367 744 421 in
761 366 893 437 Scaliger.
921 369 948 418 et
964 363 1117 419 illustribus
1136 361 1276 418 miraculis
1294 361 1471 433 liberaverat,
1490 380 1648 434 quamprae
1663 365 1749 418 omni·

54 451 188 522 hypobol.
212 469 239 522 p.
265 458 323 508 319.
367 452 442 507 Β111
460 454 512 508 vol.
543 461 565 508 1.
586 452 632 508 iol.
654 456 736 523 153&y
745 453 794 508 ubi
811 455 894 509 etiam
920 451 971 504 bus
994 450 1109 521 reliquis
1127 450 1237 521 populis
1260 450 1289 503 in
1307 450 1446 520 peculium
1466 450 1518 504 sibi
1543 450 1679 521 elegerat,
1705 450 1749 504 eui

55 539 166 592 addunt
182 538 272 591 locum
290 537 376 592 Exod.
406 545 455 602 22,
480 558 506 595 v.
528 546 574 594 2οε
602 539 656 600 Qui
678 541 803 594 immolat
829 539 895 605 diis,
920 552 970 606 per
986 536 1233 607 promulgationem
1253 535 1392 591 solennem
1408 535 1517 591 divinae
1537 536 1615 607 legis,
1636 536 1749 592 cibatio·

57 627 208 678 occidetur.
238 624 464 695 Respondemus:
484 625 573 695 primo
589 625 738 696 ingenere.
765 632 788 682 l.
803 626 894 697 Leges
921 641 982 678 nem
1012 623 1203 678 miraculosam
1232 625 1261 677 iu
1289 623 1411 690 deserto,
1441 624 1531 677 varias
1560 623 1689 677 victorias
1717 639 1750 677 ex

59 710 123 764 illas
144 711 290 780 complecti
308 712 370 781 duo,
389 728 461 782 quae
475 718 540 766 sunt
556 719 685 766 accurate
704 710 895 776 discernenda,
920 707 1045 762 hostibus
1072 718 1100 764 st
1122 708 1258 764 beneficia
1277 709 1332 763 alia
1357 724 1417 763 sese
1441 708 1542 780 insigni
1563 709 1644 762 modo
1662 708 1749 762 mani·

58 796 137 865 prius
155 803 197 851 est
213 799 334 866 morale,
359 799 433 867 quod
461 803 503 853 est
525 805 689 869 perpetuum
715 804 743 852 et
761 798 791 851 in
809 797 844 852 N.
861 796 895 850 Τ.
919 792 1082 864 scotaverat,
1111 797 1175 850 riva
1195 812 1263 850 voce
1286 795 1315 848 in
1341 795 1432 849 medio
1454 794 1541 865 ipsius
1564 795 1749 865 praesentiam

57 883 152 937 adhuc
170 899 221 936 nos
239 883 361 953 obligat3
382 885 519 953 posterius
538 891 580 939 est
596 884 746 952 judiciale,
764 883 838 955 quod
858 884 894 936 ad
920 898 998 935 suam
1016 886 1135 936 testatus
1154 887 1221 944 erat,
1242 882 1271 934 in
1289 881 1416 934 columna
1434 880 1507 952 iguis
1526 888 1555 935 et
1571 882 1653 936 nubis
1670 897 1748 951 prae·

58 967 209 1023 iudaicam
239 968 375 1023 duntaxat
403 970 528 1040 politiam
556 976 671 1039 spectat.
719 970 835 1023 Moraie
862 967 1034 1023 accedebat
1058 985 1091 1022 11
1117 974 1224 1022 tantum
1247 984 1302 1021 non
1335 966 1461 1020 manibus
1494 965 1665 1037 palpandum
1689 984 1748 1022 sese

61 1061 226 1124 perpetuum
240 1062 290 1124 est,
309 1055 496 1111 sinceritatem
508 1056 649 1126 religionis
663 1060 692 1110 et
705 1054 790 1109 divini
803 1055 894 1109 cultus
919 1053 1089 1108 exhibuerat.
1132 1052 1332 1108 Gravissimum
1357 1052 1443 1122 igitur
1467 1052 1634 1122 supplicium
1653 1054 1749 1107 merito

60 1156 169 1194 summo
189 1141 282 1195 studio
301 1157 361 1195 esse
380 1141 605 1208 conservandam,
624 1140 789 1195 coercendos
808 1141 894 1212 igitur
919 1137 1075 1193 dictabatur
1102 1140 1359 1211 pseudoprophetae
1388 1156 1402 1191 e
1429 1140 1521 1190 medio
1543 1139 1627 1208 hujus
1647 1140 1751 1209 populi

60 1242 94 1279 ac
111 1227 265 1295 puniendos
283 1244 343 1281 esse
355 1242 409 1295 eos,
429 1228 476 1297 qui
486 1242 616 1296 perversa
634 1226 759 1280 doctrina
776 1228 892 1280 eandem
905 1241 907 1282 l
918 1226 1049 1296 surgenti,
1068 1233 1099 1280 ut
1118 1232 1247 1280 notanter
1264 1226 1386 1296 loquitur
1397 1223 1506 1295 Moyses
1520 1224 1602 1280 Deut.
1623 1232 1661 1290 13,
1681 1243 1706 1279 v.
1729 1233 1749 1281 1.

60 1313 250 1366 contaminant
268 1329 301 1367 ac
320 1319 496 1382 pervertunt,
509 1313 652 1380 judiciale
664 1328 697 1365 ac
716 1312 825 1367 forense
842 1316 893 1378 cst,
919 1313 1001 1365 etad
1021 1313 1188 1382 apostasiam
1207 1329 1225 1365 1
1242 1327 1307 1365 vero
1332 1311 1380 1365 illo
1400 1310 1461 1365 Deo
1481 1310 1580 1365 frames
1605 1329 1668 1366 suos
1688 1312 1749 1366 soli·

60 1398 175 1466 capitali
189 1398 324 1468 supplicio
335 1398 591 1468 pseudoprophetas
607 1415 666 1452 esse
681 1397 892 1465 interficiendos,
919 1397 1024 1452 citanti.
1058 1398 1154 1452 Potest
1173 1398 1256 1453 etiam
1277 1397 1350 1451 circa
1362 1414 1492 1467 personas
1505 1397 1556 1452 hoc
1574 1397 1748 1466 considerari,

61 1484 131 1537 illud
157 1501 222 1554 ergo
248 1484 435 1539 Christianum
458 1484 650 1555 magistratum
675 1485 705 1538 in
729 1484 762 1540 N.
782 1484 813 1537 T.
839 1502 893 1537 non
921 1485 995 1553 quod
1018 1484 1121 1539 ludaei
1145 1485 1180 1538 ad
1204 1483 1386 1538 idololatriam
1409 1491 1436 1538 et
1459 1484 1660 1538 contumaciam
1680 1483 1749 1537 alias

61 1570 176 1641 obligat.
213 1569 242 1624 Si
268 1570 330 1641 quis
348 1570 439 1637 dicat,
455 1571 629 1640 principium
642 1571 706 1641 peti
722 1571 775 1624 loc
795 1572 894 1624 distin·
921 1571 1055 1639 proclives
1078 1571 1196 1635 inerint,
1227 1577 1259 1624 ut
1283 1570 1396 1625 historin
1418 1569 1454 1626 V.
1472 1569 1505 1623 Τ.
1524 1575 1656 1640 testatur,
1674 1570 1750 1626 Deus

62 1658 160 1720 ctione,
178 1654 217 1710 illi
235 1657 398 1726 opponimus
411 1658 480 1711 alias
498 1656 574 1727 leges
588 1658 735 1725 Moesicas,
752 1656 895 1729 inquibus
921 1656 1006 1727 igitur
1024 1663 1157 1728 tanquam
1173 1656 1391 1727 sapientissimus
1404 1661 1558 1729 νομοθέτης
1569 1657 1751 1712 severioribus

62 1749 168 1796 certum
192 1759 279 1813 genus
307 1759 412 1811 poenae
434 1744 646 1810 determinatur,
667 1759 738 1814 quae
757 1749 850 1797 tamen
867 1742 896 1794 in
921 1742 1073 1813 legibusac
1086 1745 1181 1814 poenis
1194 1743 1487 1816 gravioribuseandem
1496 1748 1622 1799 coercere
1631 1761 1750 1815 aequum

62 1828 97 1884 N.
116 1828 150 1883 T.
171 1846 226 1882 non
244 1828 431 1883 observantur.
470 1828 558 1885 Exod.
581 1836 627 1897 21,
645 1846 671 1883 v.
695 1836 740 1884 15:
765 1829 895 1897 (111111-
922 1835 950 1882 et
972 1829 1093 1885 salutare
1115 1831 1260 1901 judicavit.
1304 1830 1442 1901 Respectu
1468 1828 1601 1896 temporis
1620 1830 1750 1885 delictum

62 1916 179 1968 11111111
196 1923 307 1984 patrem
329 1933 409 1967 sunm
426 1922 475 1968 111
492 1924 622 1983 matrem,
642 1924 730 1969 morte
749 1916 893 1977 moriatur,
921 1915 1089 1971 reddebatur
1106 1917 1232 1988 gravius,
1259 1918 1324 1987 quia
1341 1934 1428 1987 nuper
1452 1917 1599 1972 admodum
1617 1917 1646 1970 in
1664 1933 1750 1987 popu·

60 2018 88 2054 v.
117 2008 155 2056 11.
183 2000 233 2069 qui
257 2000 435 2054 malediceris
454 2003 539 2070 petri
559 2002 672 2056 111111
690 2001 789 2067 matri,
806 2008 892 2053 morte
922 2002 979 2055 lum
998 2002 1051 2057 Dei
1070 2003 1238 2072 peculiarem
1264 2009 1351 2057 erant¹
1365 2004 1445 2058 electi
1466 2012 1493 2059 et
1510 2003 1634 2058 maximis
1656 2001 1751 2057 aDeo

62 2089 206 2141 moriatur.
225 2103 250 2140 v.
271 2091 311 2142 29.
342 2087 484 2141 Sidonem
510 2097 689 2157 cornupetam
706 2088 790 2141 ierus
805 2087 894 2156 ipsine
922 2087 1063 2143 beneficiis
1084 2089 1190 2154 effecti,
1209 2106 1325 2160 quorum
1342 2090 1501 2144 memoriam
1519 2097 1576 2144 tam
1593 2090 1649 2143 cito
1668 2083 1750 2158 depo-¹

57 2183 124 2243 port
139 2175 326 2243 praemissam
345 2174 563 2227 admonitionem
579 2191 636 2226 ncn
652 2175 812 2236 recluserit,
838 2191 895 2226 nna
921 2192 985 2231 nere
996 2182 1091 2230 ettam
1103 2175 1204 2229 malam
1215 2176 1268 2246 ipsi
1280 2176 1398 2247 gratiam
1409 2174 1750 2247 reterregrandeomuino

62 2277 124 2312 enm
145 2259 206 2329 ipso
226 2261 290 2313 bove
310 2260 446 2314 hominem
466 2262 647 2325 interficiente
666 2261 757 2314 occidi
769 2261 894 2328 jubetur.
920 2269 981 2316 erat
998 2262 1181 2333 sacrilegium
1217 2261 1355 2333 Respectu
1379 2262 1437 2316 loci
1461 2263 1668 2334 aggravabatur
1686 2261 1750 2317 hae-

63 2346 151 2403 Exod.
176 2352 222 2409 31,
248 2363 273 2398 v.
301 2353 340 2401 15.
358 2347 453 2412 omnis,
472 2347 522 2415 qni
534 2347 581 2399 die
598 2347 726 2399 sabbatii
737 2364 806 2416 opus
817 2349 894 2412 fece·
920 2365 1012 2403 reseos
1029 2356 1182 2419 peceatum,
1203 2350 1268 2419 quia
1286 2355 1360 2402 terra
1380 2346 1493 2403 Cauaan
1513 2354 1572 2403 erat
1591 2347 1679 2417 primo
1692 2349 1752 2401 Dei

43 2436 114 2502 rit,
138 2434 229 2487 occidi
245 2434 368 2503 jubetur.
405 2432 494 2486 Levit.
514 2439 561 2496 20,
586 2450 611 2488 v.
627 2416 672 2489 18.
694 2435 894 2487 concumbenti·
921 2436 1005 2504 quusi
1016 2434 1174 2504 peculium,
1198 2434 1228 2488 iu
1248 2451 1329 2504 quam
1346 2441 1479 2505 tanquam
1499 2435 1528 2487 in
1548 2450 1625 2487 suam
1642 2449 1749 2502 rempu-

63 2520 112 2572 bus
132 2528 253 2589 tempore
265 2520 398 2572 mensium
417 2519 536 2588 capitale
555 2520 721 2589 supplicium
734 2519 893 2575 destinatur.
920 2520 1020 2575 blicam
1038 2520 1162 2575 ludaeos
1184 2527 1316 2591 tanquam
1342 2521 1502 2592 peregrinos
1527 2526 1555 2576 et
1573 2520 1693 2574 advenas
1717 2535 1749 2573 ex

10 2668 13 2672 ¹
62 2622 87 2658 c.
114 2611 161 2672 21,
194 2623 218 2658 v.
241 2610 264 2659 9.
296 2606 323 2657 si
347 2605 410 2669 filiu
434 2607 591 2659 sacerdotis
619 2607 742 2660 scortari
767 2608 894 2676 incipiat,
920 2624 996 2661 mera
1012 2607 1103 2678 gratia
1121 2615 1264 2677 receperat
1287 2606 1375 2661 Levit.
1396 2612 1442 2672 25,
1467 2626 1492 2664 v.
1511 2613 1556 2663 23:
1584 2608 1673 2660 Terra
1693 2624 1749 2659 non

57 2693 183 2760 flammis
204 2691 283 2744 esuri
296 2689 418 2760 jubetur.
454 2690 537 2745 Dent
555 2695 600 2760 21,
627 2707 653 2746 v.
672 2698 712 2750 21.
734 2693 811 2758 filins
825 2710 894 2761 pro·
920 2694 1054 2746 vendetur
1072 2694 1102 2746 in
1117 2694 1269 2762 peculium,
1289 2694 1357 2763 quic
1374 2711 1436 2746 meo
1457 2701 1497 2746 est
1515 2701 1606 2747 11111
1624 2695 1749 2746 advenae

64 2787 157 2832 ternos
193 2787 218 2830 et
253 2786 399 2830 contemne
433 2778 576 2846 lapidibus
604 2779 687 2832 obrui
716 2780 893 2851 praecipitur.
921 2787 947 2832 et
964 2779 1058 2833 coloni
1081 2781 1137 2832 mei
1158 2781 1231 2832 11111.
1266 2778 1503 2842 Quemadmodum
1529 2796 1594 2850 ergo
1612 2779 1750 2849 peregrini

63 2883 88 2921 c.
110 2870 157 2931 22,
177 2880 203 2919 v.
223 2870 262 2918 21.
281 2881 328 2927 11,
346 2881 418 2932 quoe
434 2883 490 2916 non
508 2865 619 2918 inventa
630 2867 726 2930 suerit
744 2867 831 2935 virgo,
851 2865 893 2919 111-
921 2878 1058 2937 coguntur
1077 2864 1267 2935 obtemperare
1296 2865 1404 2935 legibus
1422 2864 1495 2918 illius
1514 2865 1696 2934 reipublicae,
1721 2866 1750 2917 in

63 2951 126 3005 dem
151 2949 289 3020 lapidibus
313 2950 392 3003 obrui
418 2949 540 3019 jubetur.
586 2949 648 3005 Hae
673 2960 701 3006 st
724 2953 796 3007 aliae
819 2953 894 3023 leges
920 2968 1002 3023 quam
1036 2951 1221 3022 recipiuntur3
1255 2949 1294 3004 ita
1327 2967 1436 3020 quoque
1472 2950 1581 3005 divinae
1612 2951 1749 3020 majestati

63 3038 155 3109 quoad
182 3043 286 3091 certum
304 3052 337 3089 ae
355 3036 566 3090 determinatum
581 3037 650 3091 iliud
675 3056 763 3109 genus
781 3055 895 3110 poenae,
920 3039 1030 3094 omnino
1047 3038 1127 3093 licuit
1146 3037 1308 3092 arctioribus
1326 3036 1419 3107 legum
1438 3036 1553 3090 vinculis
1570 3036 1643 3090 huuc
1661 3055 1749 3108 popu-

64 3124 137 3196 quod
158 3125 325 3194 exprimunt,
349 3141 403 3178 non
427 3123 551 3195 obligant
571 3123 740 3179 Christianos
758 3126 788 3180 in
807 3126 841 3182 N.
860 3126 892 3181 T.
920 3126 1022 3180 lumin
1042 3131 1144 3180 terram
1171 3124 1288 3179 alienam
1313 3131 1454 3193 receptum
1478 3127 1604 3178 coercere
1632 3131 1751 3179 111111-

63 3211 112 3265 sed
142 3216 250 3264 tantum
287 3209 323 3263 ad
358 3209 482 3279 politiam
511 3209 659 3264 iudaicam
695 3212 895 3283 pertinuerunt,
920 3212 1038 3266 rioribus
1057 3213 1154 3283 poenis
1174 3211 1364 3283 delinquentes
1388 3213 1522 3264 coercere.
1562 3210 1669 3265 Deinde
1692 3218 1753 3265 erat

62 3298 178 3367 proinde
198 3296 352 3351 necessario
369 3296 494 3366 cogimur
511 3296 547 3350 ad
565 3296 634 3350 illud
652 3311 801 3368 recurrere,
820 3299 895 3370 qnod
918 3301 1048 3364 futurum
1072 3300 1197 3352 Messius
1222 3298 1360 3367 promissi
1381 3297 1546 3365 hospitium,
1573 3298 1620 3367 qui
1645 3313 1677 3350 ex
1704 3297 1752 3351 illo

63 3382 116 3437 hae
134 3382 208 3453 leges
229 3383 284 3436 duo
304 3382 477 3450 contineant,
497 3399 612 3453 quorum
628 3401 713 3438 unum
732 3392 774 3440 est
793 3384 895 3439 morale
921 3386 1024 3456 populo
1045 3392 1072 3440 et
1091 3403 1125 3440 ex
1143 3386 1190 3438 illa
1209 3385 1320 3455 regione
1335 3384 1418 3453 juxta
1437 3382 1600 3453 promissum
1619 3381 1673 3438 Dei
1693 3388 1753 3437 erat

63 3485 97 3522 ac
117 3474 295 3539 perpetuum,
324 3469 453 3523 videlicet
469 3470 540 3525 tales
558 3470 748 3542 delinquentes
767 3488 827 3527 esse
845 3489 896 3542 pu·
923 3473 1132 3542 exspectandus,
1145 3470 1267 3541 proinde,
1280 3488 1315 3526 ne
1329 3470 1432 3540 populo
1444 3469 1492 3523 illo
1504 3469 1532 3523 iu
1544 3469 1633 3524 varias
1653 3476 1751 3538 sectas,

64 3555 195 3621 niendos3
210 3555 450 3624 alterumsorense,
463 3556 538 3627 quod
552 3574 583 3612 eo
595 3557 677 3612 modo
688 3558 744 3612 sint
755 3559 896 3628 puniendi.
920 3559 1055 3613 factiones
1078 3562 1107 3612 et
1131 3556 1299 3610 idololatrias
1322 3557 1454 3611 distracto
1479 3556 1564 3610 dubia
1591 3556 1752 3611 redderetur

64 3640 94 3695 si
113 3641 197 3709 dicas,
215 3642 244 3693 ln
263 3641 422 3709 quaestione
442 3644 535 3695 adbuc
553 3660 621 3714 esse,
639 3648 730 3699 cnud
742 3645 895 3713 illcslepee
921 3645 1039 3701 Messias
1065 3643 1234 3715 praeseutia,
1258 3642 1363 3697 familia
1387 3661 1420 3698 ac
1442 3644 1585 3711 nativitas,
1609 3643 1671 3699 ideo
1695 3651 1752 3698 tam

58 3729 202 3801 pertineat
225 3729 292 3781 laec
317 3729 382 3796 ipsc
407 3730 442 3781 de
458 3731 612 3798 puniendis
634 3733 896 3802 pseudoprophetis,
922 3732 1024 3786 severis
1042 3730 1152 3802 legibus
1169 3729 1470 3800 pseudoprophetarum
1488 3730 1663 3785 seductiones
1675 3730 1752 3786 Deus

62 3832 194 3885 urgemus
215 3813 275 3878 hoc,
297 3814 371 3884 quod
389 3813 433 3869 lex
450 3816 498 3870 illa
511 3816 545 3872 de
565 3819 679 3887 capitali
696 3818 894 3874 haereticorum
923 3816 1087 3873 coercendas
1107 3834 1166 3872 esse
1183 3818 1298 3871 censuit.
1328 3817 1457 3889 Denique
1474 3824 1534 3873 erat
1553 3819 1684 3872 ecclesiae
1703 3821 1752 3872 do·

64 3901 200 3971 supplicio
226 3901 255 3954 iu
273 3901 307 3957 N.
326 3900 358 3956 T.
384 3919 439 3956 non
459 3904 545 3957 solum
572 3905 698 3975 nuspiam
717 3905 752 3959 sit
770 3905 896 3976 repetita,
922 3906 1071 3973 micilium,
1096 3920 1167 3975 quas
1186 3904 1215 3957 in
1234 3902 1270 3959 V.
1288 3903 1321 3959 T.
1339 3903 1463 3975 angustis
1482 3904 1537 3959 illis
1557 3905 1752 3961 1111110111-

65 3990 115 4043 sed
139 3988 220 4043 etiam
246 4005 295 4057 per
318 3988 477 4058 parabolam
500 3989 535 4044 de
559 3991 719 4047 1111111111
743 3993 896 4049 doctrinam
922 4009 1007 4048 naeae
1027 3989 1160 4044 limitibus
1179 3989 1406 4060 concludebatur,
1424 4007 1515 4062 neque
1533 3991 1598 4045 dum
1618 3992 1646 4045 in
1664 3999 1752 4047 totum

65 4091 99 4128 11
133 4074 232 4144 praxin
259 4074 361 4128 Christi
390 4084 418 4129 et
448 4077 635 4146 apostolorum
666 4078 789 4149 ejusdem
821 4082 897 4153 rigor
922 4085 1056 4134 terrarum
1079 4077 1174 4132 orbem
1197 4083 1257 4131 erat
1281 4081 1442 4148 propagata.
1485 4077 1576 4140 Quare
1600 4095 1662 4131 cum
1688 4078 1753 4132 huic

10 4167 51 4210 tta
65 4160 223 4232 mitigatum
246 4178 374 4231 urgemus
402 4162 483 4216 etiam
503 4163 704 4232 praedictiones
720 4166 896 4237 propheticas
923 4164 1025 4236 populo
1043 4181 1137 4218 omnes
1161 4181 1195 4218 ex
1218 4163 1346 4217 omnibus
1369 4163 1499 4234 gentibus
1524 4181 1583 4219 sese
1599 4180 1753 4235 aggregare

66 4247 102 4301 de
122 4248 203 4302 modo
221 4248 418 4318 propagandae
439 4249 572 4304 ecclesiae
592 4251 620 4304 in
639 4250 673 4307 N.
693 4251 726 4309 T.
746 4253 774 4307 in
796 4254 896 4326 quibus
922 4259 1099 4324 cogerentur,
1125 4249 1173 4320 qui
1196 4250 1292 4303 salutis
1318 4249 1468 4319 participes
1492 4248 1551 4303 fieri
1579 4249 1753 4319 expetebant,

65 4334 101 4388 V.
123 4340 151 4388 et
169 4333 204 4388 N.
225 4332 257 4385 T.
284 4341 371 4387 status
395 4334 448 4389 sibi
468 4336 584 4390 invicem
606 4345 796 4409 opponuntur,
817 4358 897 4412 urge·
924 4337 986 4392 ideo
1005 4337 1131 4392 haereses
1148 4342 1175 4390 et
1192 4335 1361 4390 idololatrias
1373 4335 1401 4388 in
1415 4335 1463 4389 illo
1481 4335 1583 4405 populo
1595 4341 1652 4388 tam
1664 4335 1754 4405 gravi·

66 4436 127 4473 mus
140 4420 270 4493 κριτήρια,
290 4437 323 4474 ex
338 4421 436 4490 quibus
450 4423 561 4492 agnosci
575 4431 667 4493 potest
678 4442 711 4479 ac
723 4426 815 4497 debet,
831 4428 897 4498 quid
924 4423 976 4479 bus
994 4424 1089 4495 poeuis
1107 4422 1267 4492 praecaveri
1285 4421 1346 4476 Deo
1365 4420 1480 4491 placuit.

67 4506 96 4559 in
115 4506 240 4576 qualibet
256 4506 318 4577 lege
336 4507 371 4561 sit
389 4509 499 4569 morale.
519 4509 548 4562 in
568 4509 748 4566 determinato
766 4513 813 4566 illo
833 4530 898 4584 poc·
960 4516 1016 4566 345.
1055 4511 1096 4563 Ex
1122 4509 1222 4580 quibus
1246 4508 1374 4563 omnibus
1400 4507 1475 4561 sacili
1494 4505 1605 4577 negotio
1624 4504 1753 4575 intelligi-

67 4609 120 4646 uae
140 4609 254 4663 genere,
279 4593 391 4662 capitali
410 4594 516 4649 scilicet
533 4595 733 4651 haereticorum
753 4600 897 4669 supplicio,
924 4606 981 4666 tur,
1012 4595 1079 4667 quid
1102 4595 1139 4649 ad
1167 4594 1273 4648 Calvini
1299 4595 1326 4648 in
1351 4594 1465 4648 historia
1490 4591 1595 4646 Serveti
1620 4609 1647 4661 p.
1667 4595 1707 4647 32.
1728 4599 1755 4645 11

67 4679 159 4733 locum
178 4695 352 4749 nequaquam
369 4680 487 4750 habere3
508 4700 639 4755 urgemus
650 4685 710 4754 ipsa
721 4686 808 4739 rerba
819 4687 898 4759 legis,
924 4684 1016 4737 Besae
1044 4681 1072 4734 iu
1097 4681 1115 4735 l.
1141 4680 1175 4735 de
1200 4679 1345 4734 haereticis
1369 4680 1422 4737 vol.
1447 4686 1467 4734 1.
1490 4677 1510 4732 f.
1539 4684 1596 4732 155.
1626 4678 1755 4731 ἔνστασιν

64 4767 92 4818 si
116 4767 145 4817 in
167 4766 260 4817 medio
279 4766 322 4817 tui
339 4767 456 4820 surrexit
480 4769 628 4839 propheta,
653 4786 719 4842 ergo
742 4772 776 4826 dc
795 4772 898 4842 populo
924 4766 1084 4839 responderi
1101 4767 1211 4822 debeat.
1256 4766 1347 4820 Nullo
1372 4764 1520 4836 (inquiunt)
1545 4764 1648 4817 idonea
1663 4771 1756 4834 potest

64 4852 220 4907 israelitico
237 4858 265 4907 et
278 4853 376 4922 politia
387 4853 507 4909 ludaica
523 4862 632 4910 tantum
652 4859 758 4929 agitur3
779 4859 897 4930 denique
924 4855 1026 4926 offerri
1036 4854 1120 4922 ratio,
1139 4871 1190 4907 cur
1202 4854 1262 4907 Dei
1272 4853 1407 4920 maiestas
1421 4859 1446 4904 et
1459 4851 1591 4904 ecclesiae
1603 4851 1757 4905 auctoritas

64 4955 195 5009 urgemus
214 4939 433 4994 circumstantias
451 4940 521 5009 illas,
539 4943 639 5012 quibus
658 4944 791 4999 delictum
802 4945 897 4999 baere-
925 4943 1043 4996 minoris
1060 4943 1141 5012 opud
1160 4958 1211 4995 nos
1232 4942 1329 4994 debeat
1348 4956 1405 4993 csse
1420 4939 1566 5008 penderis,
1588 4957 1671 5007 qnam
1690 4939 1756 4992 clim

63 5042 125 5079 reos
144 5033 172 5080 et
189 5026 360 5081 idololatriae
382 5027 410 5080 in
433 5027 535 5096 populo
555 5029 709 5084 Israelitico
727 5031 897 5102 aggravaba·
925 5031 1005 5098 apud
1016 5029 1146 5082 Judueos
1163 5027 1263 5094 fcerit,
1282 5028 1336 5080 imo
1355 5044 1420 5080 cero
1441 5026 1605 5092 Chrestiani,
1623 5025 1650 5078 ri
1662 5042 1757 5078 cerum

64 5120 112 5165 tur
131 5119 160 5166 et
177 5113 293 5182 proinde
311 5114 393 5167 etiam
414 5114 532 5167 severior
550 5130 639 5184 poena
657 5116 697 5170 illi
716 5117 897 5191 irrogabatur.
923 5116 1088 5184 religionem
1106 5122 1301 5184 aspernentur,
1320 5122 1368 5167 aut
1387 5114 1493 5167 minore
1512 5113 1605 5166 studio
1619 5119 1758 5177 tricentur,

63 5198 181 5268 Triplici
214 5199 287 5253 enim
319 5200 536 5266 circumstantia,
563 5218 752 5269 personarum
784 5203 897 5272 scilicet,
925 5220 1008 5273 quem
1027 5202 1094 5257 olim
1111 5202 1234 5268 Jadoei,
1252 5218 1283 5254 eo
1300 5199 1392 5253 minus
1411 5198 1541 5252 111111νί
1552 5206 1683 5268 possunt,
1704 5214 1757 5266 qno

67 5285 200 5353 temporis
228 5302 261 5340 ac
280 5286 416 5355 iocorum,
442 5287 567 5341 seductio
593 5290 808 5360 aggravabatur.
844 5290 897 5344 Re·
924 5289 1031 5343 clarius
1065 5305 1095 5343 ee
1121 5289 1261 5342 Dominus
1281 5303 1337 5356 per
1359 5285 1466 5339 Filium
1490 5302 1570 5338 scum
1602 5301 1685 5353 quam
1703 5301 1757 5352 per

65 5378 164 5442 spectu
178 5388 382 5441 personarum,
408 5372 474 5444 quia
491 5372 567 5443 leges
588 5373 651 5427 illae
670 5376 752 5430 datae
771 5383 837 5431 sunt
853 5377 899 5431 isti
921 5376 1077 5446 propbetas
1093 5365 1240 5447 patefecit,
1257 5371 1331 5426 unde
1349 5371 1488 5440 inferunt,
1511 5371 1657 5440 principes
1677 5368 1758 5423 Ciri-

64 5458 180 5526 populo‚
200 5476 281 5528 quem
294 5458 372 5514 Deus
391 5477 424 5515 ex
441 5458 619 5530 Aegyptiace
638 5460 771 5515 servitute
790 5462 898 5533 magnis
925 5463 1041 5532 stiones,
1061 5462 1089 5515 ei
1103 5479 1158 5513 non
1179 5460 1241 5529 ipro
1255 5475 1366 5527 poenae
1384 5459 1483 5527 modo,
1500 5463 1592 5510 111111
1611 5457 1641 5510 in
1658 5472 1758 5525 genere

117 5552 217 5594 cortun
231 5554 280 5596 ner.
300 5555 334 5595 vr
1392 5569 1424 5619 30
