4020 6014
598 394 681 450 DEM
697 392 889 451 misaamo
908 393 1208 452 Eccusssms'rlco,
1688 402 1748 459 247

26 536 140 600 “iun
143 549 476 622 ‚Vigilantiuseonjngii
490 550 689 615 necessitatem,
709 547 892 603 nosmedium
918 538 1037 619 negotiis
1055 568 1087 605 ao
1114 549 1297 605 mercimoniis
1316 547 1444 602 militiam
1466 549 1567 602 ιιιιιιιι
1589 554 1617 603 et
1632 544 1750 618 'impera-

24 589 184 691 metlies
202 635 355 690 coelibatus
376 636 533 691 libertatem
553 652 767 707 propugnamus.
917 634 984 688 toris
1003 636 1083 690 nutui
1101 654 1130 690 se
1150 635 1357 690 accommodare
1376 633 1494 704 cogitur,
1512 651 1563 688 nec
1578 635 1618 689 ita
1630 634 1751 689 intentus

56 710 154 778 ³29.
202 722 244 777 Ex
272 721 420 792 Scripturis
450 722 636 778 Bellarminus
662 722 791 791 producit
821 721 891 775 haec
917 722 1015 775 estrei
1035 721 1179 790 familiari,
1199 730 1230 776 ut
1250 721 1428 792 praecipuam
1447 720 1562 776 militiae
1582 739 1650 776 suae
1669 737 1750 776 roca-

27 789 248 866 fundamenta.
284 813 308 863 1.
325 810 435 864 Paulus
453 811 509 865 Tit.
533 816 553 865 t.
571 810 696 879 Oportet,
716 808 815 877 inquit,
834 808 891 876 epi·
917 806 1018 861 tionem
1037 808 1168 880 negligat
1205 813 1229 863 4.
1248 807 1278 863 Si
1297 823 1346 876 per
1365 806 1477 877 negotia
1495 805 1630 862 secularia
1648 805 1749 860 intelli·

10 881 171 949 ιωΡῡιιιι
189 911 248 949 esse
266 896 440 964 hospitalem,
456 897 610 963 tenipnum,
627 896 750 948 sobrium
752 894 890 962 ,ιἰιιιιιιιι,
917 899 1029 963 geretur
1048 895 1223 964 conjupium,
1242 909 1412 962 consequens
1430 893 1516 959 foret,
1534 909 1628 947 omnes
1648 893 1749 947 milites

10 974 191 1050 ”leem
212 983 405 1048 cmtinmtem,
426 982 475 1033 uti
496 984 650 1036 notandum
667 997 724 1049 pro
743 997 791 1046 eo,
815 980 892 1047 quod
918 978 1089 1034 debereesse
1107 979 1234 1043 coelibes,
1253 978 1434 1034 acneminem
1446 995 1527 1049 posse
1546 995 1607 1033 esse
1625 979 1750 1046 militem,

46 1057 91 1098 ⁸⁰⁸
122 1065 255 1120 Ιιιιὸιιιιιιι
273 1068 409 1135 sobrium,
436 1066 546 1121 Graece
566 1085 625 1120 esse
644 1066 792 1138 σώφρονα,
816 1066 893 1135 quood
917 1066 969 1119 nisi
991 1065 1026 1119 sit
1051 1067 1168 1122 coelebs.
1210 1074 1235 1123 5.
1261 1067 1288 1121 Si
1316 1067 1350 1120 de
1379 1065 1514 1136 spirituali
1534 1065 1621 1119 milite
1643 1064 1749 1120 dictum

10 1135 76 1209 ..¹²
97 1142 324 1220 Hieronymus
312 1170 342 1204 ιιι
358 1153 430 1205 tunc
454 1153 546 1206 locum
564 1152 647 1221 dicit,
674 1153 835 1221 ambipuum
851 1158 892 1202 est
916 1153 1034 1221 apostoli
1048 1153 1229 1224 acciperetur,
1242 1170 1412 1224 consequens
1425 1151 1504 1220 foret,
1519 1151 1657 1206 neminem
1670 1150 1750 1220 spiri·

10 1180 79 1265 Pa
108 1240 283 1306 pnsdentenq
313 1239 444 1306 sobrium,
473 1247 579 1292 eastum
605 1239 766 1306 sipnificare
789 1244 890 1307 potest,
915 1240 1019 1294 tunlem
1047 1239 1159 1295 militem
1183 1255 1249 1296 esse
1276 1254 1356 1309 posse
1381 1255 1413 1292 ac
1445 1238 1498 1292 sub
1523 1238 1622 1292 vexillo
1647 1234 1749 1292 Christi

98 1334 220 1378 nouum
238 1325 299 1378 loco
316 1325 457 1390 sipnifieot
477 1333 593 1377 ιαιιιιιιι.
631 1325 704 1386 Quia
722 1341 787 1376 sero
807 1323 890 1375 casti·
916 1341 1050 1394 pugnare,
1067 1326 1120 1379 nisi
1138 1325 1211 1379 idem
1223 1325 1260 1378 sit
1277 1324 1396 1389 coelebs,
1419 1323 1515 1394 sicque
1534 1322 1677 1393 conjugati
1695 1339 1750 1376 non

60 1391 108 1458 ²⁰0
122 1412 205 1464 etiam
227 1411 385 1479 conjuqatis
403 1410 559 1463 communis
578 1417 632 1471 est,
657 1410 722 1463 ideo
747 1409 891 1478 apostolus
914 1417 1028 1479 possent
1044 1428 1105 1466 esse
1124 1411 1282 1480 spirituales
1301 1411 1401 1465 milites
1419 1409 1530 1464 Christi.
1566 1409 1605 1462 At
1623 1423 1751 1477 curapo·

60 1495 140 1550 “sidit
159 1499 243 1550 etiam
263 1497 459 1563 continentem,
485 1497 562 1563 qreod
580 1497 684 1549 ibidem
701 1496 890 1563 Hieronymus
914 1495 1001 1549 stolus
1021 1497 1182 1567 panopliam
1196 1497 1365 1566 spiritualem
1382 1496 1465 1550 etiam
1476 1495 1632 1566 conjugatis
1644 1511 1750 1549 accom-

61 1587 167 1652 onnit
185 1585 222 1637 ab
239 1584 337 1636 enoris
356 1582 536 1651 amplexibus.
571 1581 795 1652 Respondemus:
817 1588 838 1634 t.
859 1579 889 1635 si
916 1582 1012 1635 modat
1035 1582 1138 1654 Ephes.
1168 1588 1192 1638 6.
1218 1600 1268 1637 cur
1283 1581 1374 1653 jubet,
1393 1582 1559 1651 conjugatos
1585 1582 1752 1635 revertisti

62 1678 92 1722 tx
107 1676 256 1740 praecepto
276 1668 429 1739 apostolico
453 1668 576 1737 episcopi
602 1667 638 1722 ab
657 1666 789 1721 uxoribus
805 1665 890 1720 absti-
915 1670 1091 1738 conjupolem
1118 1672 1358 1730 consuetudinem,
1384 1684 1419 1722 ne
1445 1674 1529 1720 tentet
1553 1683 1600 1721 eos
1626 1665 1750 1723 suanm

59 1768 122 1812 acre
146 1763 290 1821 tenentur,
320 1755 416 1826 utique
444 1754 597 1809 coelibatus
619 1756 684 1825 jure
714 1752 809 1807 divino
836 1755 890 1806 erit
918 1759 939 1809 l.
958 1754 1082 1812 Corinth.
1102 1762 1131 1820 7,
1155 1774 1181 1812 v.
1201 1763 1225 1810 5.
1243 1756 1268 1809 si
1286 1753 1438 1824 spiritualis
1455 1752 1555 1807 militia
1574 1752 1602 1806 in
1620 1752 1751 1825 conjugio

60 1843 208 1898 ministerio
228 1858 359 1908 annexus,
381 1859 455 1911 quse
472 1840 699 1910 enimapostolus
716 1840 769 1894 hoc
787 1840 816 1893 in
829 1839 889 1892 loco
915 1857 970 1895 non
996 1841 1081 1896 habet
1109 1841 1221 1896 locum?
1265 1840 1458 1912 Recognoscat
1484 1838 1671 1894 Bellarminus
1700 1856 1751 1893 sua

56 1928 222 1999 praescribit
238 1927 390 1997 episcopis,
415 1932 533 1981 essunt
548 1926 619 1995 juris
638 1926 733 1981 divini.
771 1930 795 1980 2.
814 1924 889 1994 spo·
915 1926 1001 1981 verba
1019 1945 1053 1982 ex
1071 1928 1119 1983 lib.
1133 1934 1156 1983 5.
1171 1927 1204 1982 de
1222 1926 1352 1997 pontifice
1372 1942 1434 1995 cap.
1455 1926 1505 1980 ult.
1525 1921 1552 1998 ξ.
1581 1924 1684 1989 Quinto
1702 1925 1752 1980 ob·

55 2016 143 2071 stolus
168 2015 197 2069 in
223 2012 276 2068 hoe
302 2015 361 2083 ipso
387 2013 447 2067 loco
471 2013 555 2066 unius
584 2013 681 2067 tenoris
708 2013 890 2065 maritumst
911 2013 1026 2083 jicitur:
1050 2015 1193 2067 Dicuntur
1218 2014 1286 2067 boec
1310 2012 1425 2083 (inquit)
1451 2031 1470 2065 a
1493 2011 1587 2065 Paulo
1612 2020 1669 2065 tom
1693 2013 1751 2080 epi·

49 2103 131 2168 filios
149 2101 293 2154 latentem
320 2099 355 2153 sd
374 2100 563 2169 episcopatum
589 2098 727 2168 admittit,
752 2096 889 2169 quomodo
915 2117 1008 2168 scopo,
1027 2118 1110 2170 meam
1122 2101 1190 2154 adis
1202 2099 1368 2167 bominibus,
1382 2115 1475 2152 omnes
1490 2099 1562 2151 enim
1574 2099 1652 2162 laici,
1665 2099 1749 2152 etiam

53 2189 142 2261 igitur
166 2184 333 2241 coelibatum
358 2185 387 2239 in
410 2184 539 2254 episeopo
561 2191 685 2254 praecise
711 2190 739 2239 et
764 2183 890 2237 absolute
916 2203 996 2253 repes
1012 2187 1115 2240 milites
1137 2185 1244 2240 Christi
1268 2202 1328 2240 esse
1349 2186 1457 2239 debent.
1491 2184 1536 2237 En
1554 2184 1673 2238 hominis
1691 2201 1750 2239 ver·

54 2275 196 2344 requirere
210 2271 363 2327 dicendus?
388 2277 410 2326 3.
420 2270 604 2326 Bellarminus
617 2271 734 2325 incurrit
742 2269 890 2324 anathema
916 2271 1040 2343 tiginem‚
1060 2280 1093 2327 ut
1109 2272 1233 2344 conjugii
1248 2272 1312 2342 jure
1330 2270 1474 2341 episcopos
1494 2269 1602 2339 spoliet,
1621 2269 1751 2326 hocloco

55 2360 167 2415 concilii
194 2358 352 2413 Tridentini
380 2358 547 2412 discedendo
574 2373 593 2411 a
620 2356 736 2428 vulgata
757 2356 889 2418 versione,
916 2364 1021 2413 textum
1051 2359 1233 2428 apostolicum
1258 2357 1295 2411 sd
1324 2357 1397 2411 solos
1421 2356 1568 2426 episcopos
1591 2355 1750 2427 restringit3

53 2465 127 2519 quae
151 2444 286 2517 σώφρονα
305 2444 427 2499 reddidit
448 2443 576 2497 sobrium.
608 2451 632 2498 4.
653 2442 817 2499 Ambrosius
836 2439 889 2496 oui·
917 2444 965 2499 sed
984 2445 1095 2515 quando
1120 2446 1211 2500 locum
1233 2444 1312 2498 illum
1335 2459 1466 2514 urgemus
1492 2448 1589 2496 contra
1607 2441 1750 2513 episcopos

54 2551 151 2605 epora
164 2532 248 2586 vertit
258 2533 444 2599 prudentem
471 2529 603 2584 Erasmus
621 2535 723 2597 monet,
740 2530 830 2584 notari
847 2546 889 2580 so·
916 2531 1052 2587 secularis
1075 2531 1182 2602 judicia
1206 2536 1377 2598 exercentes,
1404 2529 1440 2583 ad
1463 2545 1558 2584 omnes
1582 2527 1751 2584 Christianos

55 2622 148 2673 trium
162 2626 188 2671 et
206 2633 295 2671 sanae
312 2616 419 2682 mentis,
438 2622 469 2668 ut
486 2617 677 2684 intelligamus
695 2616 818 2669 animum
835 2613 891 2666 siet
916 2635 979 2672 eum
994 2617 1088 2672 refert.
1121 2617 1233 2674 **Ibid.
1253 2617 1323 2671 dicit
1342 2634 1391 2687 per
1410 2619 1602 2689 npuypnrsiae
1619 2618 1667 2669 τοῦ
1687 2622 1750 2684 βίου

49 2712 231 2776 praesentem
273 2711 299 2755 et
340 2702 428 2755 nullis
467 2703 644 2756 temulentum
680 2699 889 2770 cupiditatibus.
916 2705 988 2758 nibil
1012 2705 1096 2758 aliud
1120 2705 1243 2772 intellipi
1261 2722 1344 2774 qisam
1363 2721 1461 2757 curam
1480 2703 1567 2756 uictus
1586 2708 1611 2753 et
1625 2702 1750 2770 proinde

56 2801 81 2849 5.
97 2788 259 2861 ’Errenesis
280 2795 313 2842 ut
331 2788 388 2842 late
407 2794 546 2843 ostensum
565 2788 620 2842 tuit
642 2787 781 2858 superius,
805 2783 889 2855 signi·
915 2789 1118 2859 nepotiotiones
1148 2797 1173 2843 et
1199 2789 1387 2842 mercimonia.
1433 2786 1475 2842 At
1501 2786 1663 2856 conjugium
1693 2804 1750 2841 non

54 2878 208 2941 ficsteum,
228 2877 278 2945 qui
289 2891 319 2928 ιι
337 2876 641 2944 ιοιιὶπιιιιιιιιιιίιίιι
654 2875 724 2935 siba
737 2879 819 2942 polu,
836 2888 890 2923 ιιι
916 2882 959 2931 est
990 2893 1024 2930 ex
1053 2875 1150 2930 ordine
1179 2875 1384 2930 solicitudinum
1415 2873 1521 2942 victus,
1557 2889 1609 2927 nec
1641 2872 1750 2945 cogitur

55 2964 186 3033 conjuqii
196 2969 248 3018 etc.
264 2960 311 3032 qui
324 2960 445 3016 refrenat
462 2960 588 3030 affectus,
606 2961 717 3033 qualem
729 2956 889 3028 tyrocinium
917 2962 1045 3017 sacndos
1058 2968 1171 3032 propter
1182 2961 1315 3015 familiam
1328 2960 1473 3032 negotiari,
1488 2965 1633 3014 contentus
1646 2959 1749 3028 stipen-

54 3052 85 3106 in
117 3047 247 3120 conjugio
280 3047 372 3100 locum
402 3046 518 3112 habere,
546 3048 651 3101 ibidem
682 3045 824 3101 docuimus
855 3058 888 3097 tx
917 3048 977 3115 dio,
997 3053 1029 3102 nt
1046 3048 1180 3102 militibus
1199 3048 1340 3105 lohannes
1359 3045 1507 3117 praecipit,
1534 3046 1608 3117 quod
1632 3044 1750 3100 benero-

55 3137 162 3192 Eccles.
185 3141 232 3203 ts,
249 3152 276 3191 r.
295 3138 336 3189 20.
367 3131 430 3189 Gal.
447 3141 478 3196 5,
504 3150 530 3189 v.
549 3138 590 3188 22.
620 3138 644 3187 2.
662 3132 793 3194 Petu-1,
819 3148 844 3184 ι.
863 3133 887 3184 t.
916 3133 1002 3189 lentis
1031 3134 1186 3188 auditorum
1220 3150 1253 3190 eo
1283 3133 1426 3188 liberalius
1458 3131 1663 3202 suppeditabit,
1695 3147 1750 3202 quo

56 3232 82 3280 6.
108 3222 137 3278 Si
163 3223 192 3276 in
218 3221 349 3291 conjugio
377 3228 420 3275 est
448 3220 574 3285 castitas,
602 3218 679 3291 quod
704 3216 888 3272 Bellarmiuus
916 3221 1006 3274 minus
1021 3221 1094 3274 curis
1109 3219 1265 3275 domesticis
1276 3236 1376 3274 vacare
1387 3221 1517 3290 potenti*
1545 3223 1569 3273 6.
1582 3218 1748 3284 Jubctapo·

10 3309 197 3376 theoneedii,
225 3308 322 3378 utique
349 3306 432 3368 eiiam
449 3304 601 3376 iyttprireta.
639 3302 768 3360 Vicissim
794 3300 889 3371 sipiis
916 3306 1012 3375 stolus,
1028 3306 1186 3377 episcopum
1199 3302 1751 3374 domnimaebenepraeerse‚quomod0

56 3395 225 3465 conjugibus
247 3391 374 3448 absolute
395 3400 424 3447 et
441 3391 601 3461 simpliciter
619 3392 773 3462 denegatur
793 3386 889 3458 tymi·
918 3408 984 3463 ergo
1010 3392 1071 3446 vult
1093 3409 1156 3445 eum
1178 3391 1340 3463 simpliciter
1364 3393 1400 3448 ab
1424 3391 1551 3446 omnibus
1576 3389 1659 3460 hujus
1676 3389 1751 3444 vitae

56 3503 127 3550 risu,
145 3480 282 3553 quomodo
302 3479 355 3534 erit
372 3485 461 3552 τίμιος
477 3476 595 3551 ὁγιὲμις
608 3484 652 3530 και
665 3476 682 3543 ἡ
695 3482 771 3543 κοίτη
790 3474 889 3549 cipiun-
917 3477 1036 3548 negotiis
1053 3478 1213 3533 abstinere?
1238 3479 1356 3534 virtutes
1374 3479 1410 3533 ad
1428 3478 1608 3532 ministerium
1627 3491 1751 3531 necessa·

56 3568 124 3628 roc?
159 3575 183 3622 t.
209 3565 446 3632 Quemadmodum
471 3564 555 3631 igitur
580 3563 635 3619 Tit
657 3569 687 3631 2,
713 3579 739 3614 v.
757 3569 781 3617 5.
798 3563 890 3617 adole·
917 3565 972 3618 rias
1001 3564 1030 3618 in
1054 3581 1087 3618 eo
1118 3564 1210 3620 locum
1235 3566 1337 3620 habere
1362 3564 1503 3632 concedit,
1530 3563 1579 3631 qni
1604 3571 1644 3617 est
1669 3563 1752 3615 unius

56 3653 199 3710 scentnlae
212 3652 357 3706 maritatae
368 3651 503 3720 jubentur
515 3649 782 3719 ιιιισώφρονιςιιαι
798 3647 890 3718 ἁγναί,
917 3651 1014 3703 emeris
1038 3651 1081 3702 eir
1106 3658 1131 3703 et
1155 3651 1259 3704 liberos
1283 3651 1365 3705 babet
1385 3651 1497 3704 honeste
1515 3652 1662 3716 educatos,
1685 3665 1752 3720 quo-

54 3742 211 3814 prudentes
232 3745 258 3791 et
277 3746 390 3803 costae,·
414 3736 454 3791 sic
472 3736 525 3790 hoc
544 3736 607 3790 loco
626 3734 767 3805 apostolas
786 3734 890 3805 episco·
918 3736 999 3791 modo
1027 3735 1113 3807 igitur
1141 3737 1178 3791 ad
1205 3737 1316 3807 negotia
1344 3736 1481 3790 secularis
1507 3734 1588 3788 militi
1616 3733 1753 3804 spirituali

57 3844 125 3898 pum
150 3826 210 3880 vult
232 3841 291 3880 csse
313 3823 449 3894 oriqpora
474 3826 520 3877 sul
539 3821 671 3893 ἐγκρατῆ,
693 3821 816 3873 sobrium
834 3821 890 3872 sive
919 3821 1061 3893 prohibita
1080 3823 1240 3894 conjugium
1258 3822 1353 3877 referri
1367 3821 1477 3891 potest?
1515 3828 1537 3875 t.
1551 3821 1580 3876 Si
1592 3820 1753 3892 conjugium

56 3917 225 3983 prudentem
244 3919 270 3964 et
281 3911 484 3971 continentem}
497 3925 614 3978 quorum
625 3912 772 3977 utrumque
788 3907 818 3961 in
829 3922 891 3960 con·
919 3910 1041 3979 pertinet
1058 3910 1094 3963 ad
1111 3909 1225 3980 negotia
1242 3909 1385 3975 secularia,
1405 3926 1471 3979 ergo
1489 3908 1671 3979 patriarchae,
1690 3925 1751 3978 pro·

57 3999 164 4070 jugatis
183 3997 275 4051 locum
294 3996 396 4051 habere
416 3998 517 4064 potest.
921 3995 1021 4066 phetae
1038 4001 1067 4050 et
1085 3995 1219 4066 apostoli,
1241 3995 1289 4066 qui
1313 3995 1438 4066 plerique
1462 4012 1556 4049 omnes
1576 3994 1604 4047 in
1623 3993 1754 4065 conjugio

11 4112 45 4140 m.
95 4090 152 4139 350.
180 4089 205 4139 2.
218 4082 297 4136 idem
315 4080 458 4151 8908201118
476 4085 500 4135 2·
512 4077 585 4134 Tim·
603 4083 633 4132 2:
651 4076 776 4141 Latera,
793 4078 893 4146 initui,
920 4082 1060 4145 vixerunt,
1092 4081 1206 4136 inerunt
1232 4082 1378 4138 seculares.
1431 4079 1682 4150 li'l'emporalisj
1677 4079 1755 4133 'uris-

10 4163 45 4192 ²¹⁰
20 4173 131 4242 ,ιιι-ιιι
148 4172 234 4223 bonus
257 4168 337 4220 mites
358 4167 478 4232 Genesi,
501 4182 580 4218 nemo
605 4164 733 4218 militum
752 4163 854 4217 Deo
842 4181 891 4216 rm·
921 4167 1006 4221 dictio
1026 4174 1068 4222 est
1084 4185 1129 4223 res
1150 4168 1297 4237 secularis,
1317 4167 1404 4223 nihilo
1424 4173 1518 4221 ιιιιιιιι
1537 4167 1628 4220 minus
1649 4165 1754 4220 Bellar·

10 4215 149 4346 {urticat
165 4273 195 4310 se
212 4253 330 4322 ιιιροιιῖι
354 4253 536 4306 secularibus.
571 4251 629 4305 Hic
646 4251 791 4319 apostolus
806 4266 892 4318 prae·
919 4252 1009 4307 minus
1035 4253 1085 4308 lib
1112 4260 1137 4310 5.
1164 4255 1199 4310 de
1216 4255 1296 4311 Rom
1321 4263 1396 4327 pont.
1422 4273 1445 4312 c.
1467 4261 1490 4311 t.
1512 4262 1541 4308 st
1562 4260 1600 4310 rc
1623 4253 1754 4321 disputat,

10 4361 31 4398 ιι
61 4345 130 4414 cipit
148 4344 288 4412 episcopo,
307 4347 338 4392 ut
355 4347 466 4392 strenue
483 4338 584 4392 militet
602 4340 674 4404 Deo,
694 4337 797 4389 deinde
814 4336 892 4402 dicit,
918 4357 973 4393 non
1002 4357 1177 4408 remouere,
1202 4343 1365 4411 pontificem
1393 4342 1475 4395 simiel
1509 4357 1568 4394 esse
1593 4339 1676 4408 prin
1668 4337 1754 4407 ipen

21 4412 116 4485 ¹'nort
131 4445 216 4499 posse
233 4445 295 4480 eum
315 4427 380 4479 bene
391 4425 600 4493 militarcho‚
619 4424 686 4477 sise
705 4421 892 4492 implicaverit
918 4425 1096 4493 spiritsmlcm
1115 4434 1141 4479 et
1159 4428 1373 4496 temporalemy
1369 4428 1586 4480 'urmdictionem
1606 4424 1715 4478 holme.
1720 4421 1752 4456 *¹¹

59 4516 180 4585 repotiis
198 4513 382 4576 secularibus,
401 4512 501 4580 natm
519 4519 592 4565 certe
610 4509 794 4579 essenuptias
811 4525 891 4562 nemo
919 4510 1353 4582 8Anveroeprscop1Pontrficn
1367 4511 1620 4581 nonrmphcantse
1634 4507 1754 4579 negotiis

58 4620 164 4671 nepore
184 4608 288 4669 potest,
312 4616 377 4652 nom
400 4606 432 4651 ut
454 4600 535 4651 docet
555 4597 729 4652 Basilius
716 4615 747 4650 ιιι
764 4612 890 4665 monem.
919 4595 1105 4661 secularibus,
1134 4599 1245 4669 quando
1264 4598 1406 4669 politicam
1421 4597 1643 4667 jurisdictionem
1661 4611 1752 4648 excer-

59 4691 166 4745 constit.
181 4694 298 4740 monost.
312 4686 429 4755 nuptias
438 4686 558 4753 pedicas
570 4691 643 4740 sunt.
666 4682 891 4754 Respondemus:
921 4689 993 4748 cent,
1005 4682 1178 4754 splendorem
1191 4685 1254 4755 plus
1264 4702 1347 4756 quarn
1356 4684 1497 4741 Persicum
1506 4687 1656 4745 ostentant,
1670 4698 1753 4736 canes

61 4782 84 4833 l.
103 4776 132 4830 in
150 4781 228 4829 textu
247 4771 355 4827 Graeco
379 4787 435 4825 non
453 4770 567 4825 additur
585 4773 623 4839 τῷ
642 4772 713 4839 θεῷ,
740 4768 789 4823 sed
808 4785 891 4839 gene·
918 4769 1103 4824 adveuatum
1122 4770 1291 4825 eduntote?
1321 4770 1461 4825 Andistur
1478 4769 1531 4823 hac
1549 4768 1584 4823 de
1604 4767 1753 4822 rernius

59 4862 154 4917 raliter
172 4859 282 4918 dicitur.
302 4857 394 4917 οὐδεὶς
410 4855 638 4929 σιραιιυόμιιος,
657 4874 737 4911 mma
755 4855 891 4910 militans.
918 4855 1062 4910 Pelearius
1083 4860 1145 4909 test
1164 4860 1188 4909 6.
1213 4856 1242 4909 in
1268 4856 1367 4911 action.
1396 4856 1458 4933 adq.
1486 4853 1632 4925 pontifices
1654 4872 1682 4926 p.
1705 4860 1885 4912 93:¹111.ttt.

59 4953 85 5005 2.
110 4945 247 5017 Loquitur
270 4944 356 5015 igitur
383 4943 525 5014 apostolus
549 4944 584 4995 ds
608 4942 695 4996 milite
715 4942 833 5012 proprie
851 4942 892 4995 sic
921 4941 1009 5003 Quasi
1024 4957 1090 4995 vero
1109 4941 1220 5013 (inquit)
1237 4942 1330 5011 repnis
1348 4941 1467 5009 intiare,
1482 4942 1658 5008 tyrannidem
1678 4957 1754 4993 eser·

58 5035 143 5098 dicto,
162 5047 218 5085 non
236 5030 271 5084 de
289 5030 388 5086 elerico
405 5029 554 5100 spirituali
568 5027 664 5082 milite.
695 5034 720 5084 3.
731 5028 786 5084 Per
803 5049 890 5101 npny-
918 5044 993 5093 cere,
1017 5027 1118 5081 tellum
1135 5030 1271 5097 conflare,
1295 5028 1345 5081 hos
1362 5035 1444 5095 atque
1462 5027 1528 5081 illos
1550 5028 1702 5080 detrudere
1718 5028 1754 5080 de

57 5125 175 5189 μαιιίαι
215 5122 277 5184 βίου
314 5117 447 5188 intelligit
499 5132 555 5168 non
594 5112 765 5169 moderatum
809 5132 891 5170 usum
917 5114 1013 5184 repnis
1033 5113 1133 5178 avitis,
1158 5114 1188 5167 in
1214 5115 1257 5168 his
1280 5114 1392 5184 spurios
1414 5131 1479 5167 siros
1503 5113 1644 5167 collocare
1671 5120 1754 5182 atque

58 5222 163 5273 eornm,
182 5220 254 5274 quae
272 5203 309 5257 ad
321 5202 395 5258 vitae
408 5201 636 5257 sustentationem
648 5199 805 5254 necessaria
817 5207 883 5255 sunt
884 5192 1058 5274 ,leopantoq
1078 5201 1201 5254 excitare
1217 5217 1305 5268 repes,
1324 5201 1466 5254 advocare
1485 5216 1631 5268 comunes,
1650 5201 1753 5252 condu-

58 5292 108 5348 sed
118 5289 328 5362 negotiationes,
339 5288 516 5344 mercimonia
527 5293 556 5341 et
566 5285 623 5340 alia
635 5298 707 5355 quae
719 5300 783 5337 cum
794 5285 907 5393 ιιιΙιιιιΙ
917 5303 980 5339 cere
994 5294 1122 5339 antemos
1135 5286 1272 5355 nationes,
1285 5287 1455 5354 permiscere
1468 5287 1571 5350 omnin,
1582 5286 1753 5356 perturbere

56 5394 114 5433 non
132 5383 250 5447 possunt
274 5373 356 5429 simul
373 5373 537 5441 consistere,
555 5378 587 5427 ut
605 5370 641 5425 sit
658 5384 769 5436 sensns,
794 5386 892 5424 unum·
886 5348 990 5468 ιΙιιιὶι
1008 5372 1171 5441 provincias
1185 5372 1363 5426 Christianos
1378 5374 1412 5428 ot
1431 5391 1546 5441 repnum
1566 5373 1754 5437 obtinendum,

58 5478 196 5535 quemque
220 5460 321 5516 debere
340 5458 374 5514 rei
391 5460 449 5514 istra
468 5458 607 5531 πράττειν,
626 5461 654 5511 et
671 5470 745 5527 quae
756 5453 895 5509 ιοιιιιοιιι
920 5473 1003 5523 aque
1018 5457 1196 5510 internuntiis
1210 5458 1396 5526 lepotionitus
1414 5460 1488 5514 ultro
1502 5460 1628 5529 citroque
1640 5458 1754 5527 nepotis

58 5555 124 5605 suut
145 5547 358 5618 impedimento,
384 5544 457 5600 sb
448 5545 484 5601 ιιι
507 5543 630 5601 studiose
649 5539 804 5611 abstinere,
821 5538 894 5596 sicut
918 5541 1061 5633 ιιιιιιιιιι
1077 5559 1134 5597 non
1151 5542 1229 5597 sinti
1266 5542 1326 5599 Sed
1347 5547 1415 5614 qnia
1438 5545 1508 5601 baec
1528 5553 1594 5599 sunt
1612 5545 1754 5600 ιαιιιιιιιι·

57 5635 137 5691 milos
156 5633 238 5690 simul
256 5648 292 5689 sc
308 5629 467 5702 inpastori
483 5645 585 5693 nomen
597 5627 686 5699 dedit,
703 5625 809 5687 ιιιιιιίι
820 5624 896 5695 ritas
919 5628 1202 5699 marsupontifisum
1212 5629 1406 5685 &manorum
1414 5631 1547 5700 proprio,
1564 5631 1606 5685 od
1618 5647 1653 5687 eo
1664 5631 1755 5702 nenio,
