4020 6014
711 284 764 343 DE
779 280 1034 341 usnemun
1050 281 1240 343 muruco.
1763 291 1822 352 521

135 439 256 511 abjicere
274 438 387 511 malint,
409 440 492 521 cedet
512 440 565 496 hoc
584 445 644 495 tum
668 440 696 493 in
712 437 891 537 reipublicae,
906 426 1062 529 tumlgum
1091 440 1222 511 splendor
1245 436 1274 496 a
1298 441 1423 512 potentis
1445 440 1578 497 citissime
1601 440 1702 496 interit
1747 438 1828 496 Siout

136 525 182 581 vel
198 526 316 581 maxime
339 527 368 582 in
387 508 567 598 ipsorummet
583 526 739 597 principum
756 524 907 595 perniciem
928 529 969 578 at·
980 510 1122 581 lbullee
1113 544 1143 581 rn
1168 543 1241 598 aqua
1263 527 1382 583 subinde
1405 527 1475 582 aliae
1497 527 1560 583 aliis
1585 528 1751 596 succedunt,
1776 526 1826 583 ssd

137 626 193 684 que
206 611 327 667 exitium.
361 612 483 670 Pulchre
494 612 678 685 Agapetusin
692 611 807 683 exposit.
828 615 984 682 paraenet·
981 586 1110 668 ¹tandem
1133 629 1227 668 omnes
1252 613 1456 682 dissolvuntur3
1480 614 1521 669 sic
1544 630 1625 686 reges
1643 615 1672 669 in
1690 619 1828 686 potestate

135 704 202 754 tom.
222 704 245 753 1
256 697 448 771 orthodoxogr
466 717 494 771 p.
513 705 576 756 184:
598 700 678 755 Sicut
693 702 725 761 tit
738 700 818 767 apud
835 698 970 766 nasipon·
960 656 1044 771 delii
1063 699 1133 754 alios
1153 699 1249 754 ordine
1267 706 1429 771 sequuntur,
1450 700 1498 755 sed
1511 716 1605 756 omnes
1617 700 1729 755 tandem
1744 700 1827 757 inter·

136 793 186 853 tes,
203 787 319 856 meando
335 794 425 840 nauta
443 795 535 851 errat,
555 788 693 842 modicum
710 787 795 856 affert
813 774 1072 852 naoipontileunt,
1112 785 1233 841 Proinde
1265 791 1297 841 ut
1321 785 1469 857 Philippus
1493 785 1675 842 Macedonum
1700 802 1748 842 rex
1776 800 1828 857 psr

139 871 190 924 lrss
206 880 406 936 nocumentum,
425 890 487 927 cum
506 890 572 928 oero
590 872 652 944 ipm
676 873 860 940 promotor,
885 871 969 925 totius
996 888 1112 941 puerum
1137 872 1191 928 sibi
1214 872 1336 945 quotidie
1364 873 1511 928 acclamari
1529 873 1660 928 curabat:
1678 873 1829 936 Mamerto,

137 957 228 1023 efficit
245 959 354 1029 naoipii
367 960 535 1028 pernicism;
552 960 631 1014 sicet
644 959 675 1012 in
687 957 852 1022 civitatibus,
869 957 969 1026 siquis
995 966 1022 1013 ts
1048 976 1107 1013 esse
1133 959 1283 1029 nominem,
1312 959 1352 1014 ita
1380 960 1443 1030 pius
1470 959 1598 1031 princeps
1624 956 1749 1031 quotidie
1772 956 1827 1013 sibi

136 1060 170 1096 ac
188 1043 308 1097 mlditis
320 1054 435 1118 peccat,
452 1063 508 1100 non
529 1054 587 1101 tam
609 1044 818 1114 rempublicam,
837 1060 922 1112 qaam
939 1059 968 1096 se
996 1045 1104 1100 occinat
1120 1045 1203 1101 illud:
1222 1047 1369 1113 Memento,
1388 1054 1415 1099 te
1429 1062 1488 1099 esse
1504 1046 1616 1100 bullam.

137 1131 228 1199 pssum
245 1130 351 1199 laedit,
368 1133 466 1186 sedai
481 1132 542 1202 ipss
557 1131 700 1202 princeps,
719 1130 868 1183 universae
879 1129 969 1194 insert
1371 1191 1374 1194 ,
1429 1190 1434 1195 ,
1452 1190 1497 1195 --.

137 1216 309 1285 reipublicae
333 1219 540 1283 dominantum,
567 1216 690 1290 quinimo
714 1216 827 1286 tyranni
845 1232 875 1271 se
894 1215 969 1285 ipsos
1471 1250 1474 1257 ·

137 1302 222 1357 etiam
241 1303 325 1359 exitio
342 1303 487 1359 involvunt
503 1305 678 1375 sempiterno.
715 1302 771 1365 Qui
787 1301 900 1355 enimin
918 1301 969 1353 loc
1251 1266 1358 1328 MP
1376 1268 1405 1328 u
1423 1270 1447 1328 Τ
1483 1267 1570 1329 vn

137 1389 230 1444 seculo
247 1390 313 1443 bene
330 1390 477 1460 imperant,
495 1391 661 1460 sinejinein
675 1394 970 1459 perpetuumrepnant
1017 1403 1083 1468 DE
1104 1404 1395 1474 ADJUNOTIS
1423 1405 1807 1475 MAGISTRATUS·

138 1483 164 1528 at
195 1476 230 1529 de
255 1475 350 1543 ploria
375 1477 459 1546 liujus
488 1477 578 1530 seculi
605 1478 647 1529 od
675 1484 816 1529 aeternam
848 1473 970 1541 ploriam

138 1570 290 1617 monseunt
328 1562 383 1625 Qui
405 1581 471 1618 aero
492 1579 583 1634 prave
607 1580 721 1631 repnum
745 1568 884 1629 exercent,
903 1567 971 1628 post
1030 1561 1090 1613 tte.
1133 1557 1260 1613 Diximus
1292 1558 1426 1616 hactenus
1459 1563 1494 1616 de
1522 1562 1673 1627 efficiaris,
1700 1559 1829 1629 materia,
1840 1567 1955 1621 aumas

138 1655 237 1703 ratem
266 1649 419 1716 fulpentem
449 1648 669 1719 lapsllorumque
700 1650 816 1703 nitorem
843 1655 869 1700 et
891 1646 970 1710 nudi,
995 1644 1102 1710 sermm
1119 1645 1176 1708 line
1194 1653 1222 1698 et
1239 1646 1336 1712 officio
1353 1648 1543 1717 mapistratus,
1560 1653 1662 1715 restat,
1680 1653 1713 1701 ut
1728 1645 1764 1701 ad
1782 1662 1828 1702 ex·
1840 1622 1962 1715 2:⁸¹¹*

139 1741 166 1787 et
192 1734 291 1788 miseri
311 1737 353 1788 cd
375 1736 520 1799 infernum
545 1736 697 1805 torquendi
721 1736 905 1800 descendunt,
931 1731 971 1787 ait
996 1730 1172 1800 plicationem
1198 1733 1399 1802 adjunctorum
1424 1735 1571 1789 transitum
1596 1732 1740 1789 faciurum.
1780 1731 1828 1787 Ad

139 1819 261 1875 Isidorus
299 1819 347 1877 lib.
368 1826 392 1876 ³.
420 1821 455 1878 de
486 1839 583 1878 summ.
618 1821 682 1876 bon.
720 1838 743 1878 c.
762 1826 804 1876 48.
841 1818 905 1873 Era.
928 1823 970 1881 30,
997 1815 1068 1871 hanc
1086 1822 1296 1887 προσκειμένων
1320 1819 1378 1875 sive
1396 1821 1582 1892 adjacentium
1600 1820 1715 1874 classem
1732 1816 1828 1874 reterri

138 1924 164 1962 v.
191 1910 236 1962 ³3:
259 1908 443 1977 Praeparata
466 1916 507 1962 est
529 1909 565 1961 al
583 1908 646 1962 leri
671 1907 804 1976 Topiretls,
824 1923 882 1976 pro
904 1920 970 1971 repe
997 1909 1126 1972 possunt:
1152 1909 1175 1960 1.
1197 1905 1320 1959 Virtutes
1335 1914 1362 1960 et
1382 1908 1547 1976 mulctatos,
1565 1905 1667 1978 quibus
1684 1905 1829 1977 magistre·

140 1991 267 2062 (Assyrio
281 1999 397 2061 tyranno
415 2000 444 2048 et
462 1993 609 2049 idololatra
626 1993 766 2064 pessimo),
786 1998 971 2064 praeparata,
996 1994 1043 2044 tus
1072 1989 1222 2046 instructos
1255 2007 1316 2047 esse
1346 1993 1490 2061 convenit,
1521 1993 1617 2064 quales
1648 1999 1713 2046 sunt
1746 2007 1829 2047 vaus

136 2080 287 2147 profunda
305 2081 487 2149 actitatam,
510 2081 648 2134 latitatis
666 2081 728 2146 eins
755 2081 829 2147 ipris
848 2086 874 2133 et
891 2078 971 2145 lipna
999 2075 1052 2132 Dei
1086 2077 1179 2142 timor,
1212 2078 1376 2149 prudentiae
1403 2079 1548 2150 splendor,
1585 2077 1711 2148 justitiae
1743 2093 1829 2147 amor,
1859 2074 1863 2081 ’

139 2166 237 2234 multa,
251 2165 338 2234 flatus
351 2167 470 2219 Domini
479 2167 550 2219 sicut
568 2174 678 2220 torrens
698 2166 844 2236 sulphuris
861 2181 971 2219 succen-
997 2162 1140 2218 lidelitatis
1156 2163 1248 2220 fervor
1267 2171 1319 2220 etc.
1344 2167 1393 2221 sed
1412 2166 1447 2221 de
1464 2165 1518 2220 illis
1536 2165 1662 2237 superius
1678 2165 1709 2218 in
1727 2164 1829 2220 deseri-

139 2252 184 2304 dit
210 2267 278 2304 eam.
319 2249 452 2323 cogitent
470 2251 621 2322 principes,
646 2253 777 2307 citissime
796 2250 972 2323 praeterlabi‚
998 2250 1092 2321 ptione
1116 2266 1296 2321 personarum
1315 2252 1351 2306 ad
1376 2251 1498 2307 officium
1516 2252 1693 2324 magistratus
1711 2250 1829 2306 evehen-

143 2336 198 2390 imo
217 2336 419 2406 praetervolare
435 2336 508 2392 vitae
526 2336 609 2407 hujus
621 2337 746 2409 gloriam,
766 2337 927 2393 felicitatem
944 2342 972 2392 et
998 2336 1096 2391 darum
1114 2337 1169 2392 lete
1185 2337 1240 2392 fuit
1258 2339 1370 2393 dictum.
1407 2345 1431 2395 2.
1450 2339 1619 2407 Difficulw
1636 2337 1761 2392 muneris
1779 2337 1829 2391 less·

141 2420 288 2490 honorem,
314 2423 431 2494 proinde
460 2430 568 2478 mature
591 2424 716 2496 cogitent
739 2424 774 2479 de
800 2420 919 2479 statione
944 2431 973 2479 et
993 2424 1053 2491 jus,
1072 2439 1127 2493 quo
1146 2424 1324 2496 magistratus
1340 2425 1474 2496 iungitur,
1492 2441 1565 2497 quse
1590 2424 1770 2495 conspicitur:
1795 2440 1830 2479 sa
1895 2450 1898 2459 ·

140 2507 230 2578 gloria
248 2512 368 2563 aeterna.
408 2508 485 2563 illins
507 2509 669 2581 sagacitatis
687 2509 877 2581 hypotyposin
893 2526 970 2581 egre
998 2509 1091 2574 oflicii
1112 2509 1193 2564 illins
1217 2511 1355 2579 dipnitotc
1380 2519 1406 2565 et
1425 2512 1589 2575 eminentia,
1611 2515 1677 2565 sunt
1699 2511 1772 2566 enim
1789 2508 1829 2565 dii

139 2593 216 2665 giam
239 2594 370 2664 proponit
393 2593 568 2666 Augustinus
592 2595 659 2662 (sive
684 2597 747 2667 quis
772 2596 843 2651 alius
866 2603 972 2665 aucun
997 2598 1154 2665 terrestres,
1168 2596 1260 2652 Deum
1277 2596 1364 2669 igitur
1380 2597 1527 2653 sanctitate
1537 2597 1567 2651 in
1583 2595 1641 2652 rita
1658 2601 1688 2651 et
1703 2594 1828 2653 moribus

140 2696 220 2736 serm
237 2685 281 2736 48.
300 2679 338 2734 ad
354 2679 431 2735 iram
450 2681 479 2735 in
492 2697 584 2737 memo
603 2687 667 2753 post
678 2681 763 2738 med:
784 2683 853 2738 eum
864 2685 972 2738 Rornae
997 2681 1101 2737 reterre
1130 2699 1164 2738 ac
1188 2683 1298 2754 penitus
1321 2685 1472 2754 exprimere
1497 2683 1611 2753 debent,
1636 2684 1711 2755 quod
1728 2683 1758 2738 in
1775 2682 1830 2739 has

141 2782 262 2820 asemas
280 2768 360 2836 apud
385 2766 459 2820 ostia
484 2768 617 2821 Tiberino
637 2772 690 2824 etc.
715 2770 816 2823 dactm
831 2787 892 2823 nrm
909 2786 971 2822 cum
997 2768 1088 2822 curuis
1103 2769 1262 2825 infirmitate
1276 2769 1478 2825 difficillimam.
1510 2771 1698 2824 Enoirtutm
1711 2787 1746 2823 ac
1759 2786 1828 2840 qsa-

139 2853 239 2907 ceteris
266 2855 307 2906 od
324 2854 475 2908 uidendum
500 2856 624 2909 cadauer
648 2856 778 2910 Caesaris
796 2856 825 2909 in
841 2855 970 2925 sepulcro
997 2854 1117 2923 litatum
1135 2872 1207 2924 quae
1220 2856 1250 2909 in
1263 2857 1433 2926 magistratu
1447 2857 1639 2926 requiruntur,
1654 2855 1829 2925 morcellos·

138 2947 166 2992 et
186 2939 260 3003 ridi,
285 2942 362 3010 quod
386 2940 497 2995 omnino
525 2949 593 2994 essm
613 2942 701 2996 linitio
721 2942 814 2997 colore
833 2949 970 3006 motum,
996 2941 1047 3008 tais,
1066 2958 1100 2994 ea
1112 2941 1320 3013 periculorum,
1342 2941 1443 3013 quibus
1462 2941 1719 3008 circumvallantur,
1737 2942 1830 2996 raris·

135 3024 287 3095 putredine
313 3027 529 3095 circumdatum,
554 3035 675 3082 ventrem
701 3029 761 3097 ejus
782 3028 926 3097 diruptum
945 3035 971 3081 et
997 3033 1052 3080 tate
1072 3044 1107 3080 ac
1124 3028 1303 3097 frequentia,-
1325 3030 1376 3098 qui
1391 3031 1478 3099 repit,
1504 3037 1545 3083 est
1568 3037 1703 3098 tanquam
1720 3029 1830 3096 sipnass

139 3113 275 3167 vermium
296 3129 348 3183 per
370 3112 452 3167 illum
480 3121 608 3168 cateruas
631 3121 803 3167 transeuntes
818 3115 970 3185 prospesi5
996 3113 1127 3184 aliquod,
1153 3114 1183 3167 in
1203 3116 1281 3184 quood
1295 3133 1349 3169 sua
1361 3116 1466 3184 jacula
1486 3115 1577 3170 Satan
1595 3132 1630 3168 oc
1647 3118 1768 3170 mundus
1785 3114 1830 3169 di·

15 3196 124 3242 [ΠΜ
141 3202 197 3254 duo
217 3216 326 3269 quoque
336 3201 471 3267 famelici
494 3202 525 3254 in
546 3202 638 3266 sosas
656 3201 800 3255 oculorum
813 3200 970 3270 pasceban-
995 3199 1099 3267 mount.
1134 3198 1275 3255 Lutherus
1297 3206 1362 3257 tom.
1381 3206 1405 3257 3.
1425 3220 1452 3273 p.
1474 3205 1533 3257 365.
1569 3201 1679 3257 ”lud
1703 3209 1733 3271 9,
1757 3219 1783 3255 v.
1804 3206 1830 3255 e.

139 3295 192 3354 tur,
210 3288 301 3341 crines
320 3288 382 3357 ejus
403 3306 458 3341 non
476 3288 667 3342 adiacebant
686 3288 784 3357 capiti,
798 3289 892 3340 dentes
909 3287 970 3355 ejas
997 3285 1065 3339 dicit
1084 3285 1158 3342 oliva
1174 3286 1203 3340 in
1226 3286 1361 3357 parabola
1380 3286 1518 3343 lothami:
1544 3287 1691 3355 Numquid
1706 3287 1829 3343 derelin-

139 3373 315 3443 apparebant
341 3373 427 3427 labiis
442 3375 591 3428 consumtis
616 3382 642 3427 et
659 3375 812 3428 revelatum
839 3382 902 3426 erat
920 3390 970 3426 na-
996 3389 1081 3440 qnam
1098 3373 1296 3443 pinpuedinem
1313 3390 1404 3427 meam
1415 3380 1442 3427 et
1453 3375 1558 3427 cadam
1577 3360 1698 3448 ἶῆέξμιι
1715 3389 1829 3429 massar

138 3459 213 3511 rium
236 3459 460 3522 fundamentum.
497 3461 537 3513 Et
560 3460 668 3514 intuens
693 3468 810 3513 matrem
834 3458 970 3513 C'tristia·
996 3457 1100 3527 modis,
1118 3458 1224 3513 scilieet
1242 3459 1315 3513 curis
1332 3464 1361 3514 et
1380 3458 1525 3527 molestiis,
1552 3459 1586 3530 12
1601 3467 1722 3533 propter
1739 3461 1828 3529 lipsa,

138 3545 283 3598 nssdmam
303 3546 376 3600 dsiei:
405 3547 522 3600 Utinam
546 3554 587 3601 est
611 3546 744 3599 Caesaris
768 3563 871 3615 empus
884 3562 970 3615 prae·
994 3544 1139 3617 Pagninus
1150 3544 1273 3599 reddidit
1285 3552 1316 3598 at
1326 3562 1497 3615 promovear
1513 3562 1598 3618 suaper
1615 3546 1703 3615 liqna,
1722 3545 1830 3603 scilicet

138 3632 261 3700 clarum,
286 3632 335 3685 uli
358 3633 522 3703 magnitudo
546 3633 729 3701 diuitiarum,
747 3634 796 3686 nli
813 3641 970 3702 apparatus
995 3632 1025 3686 iu
1048 3648 1150 3703 regem.
1174 3630 1314 3686 Lutherus
1339 3638 1404 3687 tom.
1426 3639 1457 3688 t.
1483 3630 1567 3688 lsleb.
1590 3631 1639 3688 iol
1663 3637 1727 3689 ete:
1762 3634 1827 3692 Μ

138 3718 318 3787 deliciarum,
342 3720 391 3772 udi
415 3719 564 3773 multitudo
582 3719 774 3787 dominorum,
792 3719 841 3772 uli
858 3727 971 3773 caterua
997 3717 1063 3775 uolt
1087 3716 1142 3772 utu
1164 3730 1195 3786 pt
1217 3716 1300 3774 tinem
1325 3718 1461 3788 uitasset
1488 3719 1604 3788 modat,
1637 3719 1684 3774 ben
1707 3719 1774 3788 lepti
1800 3733 1829 3775 et

139 3806 282 3874 baronum,
301 3806 350 3858 ati
363 3805 439 3858 acies
458 3806 586 3872 militnm,
605 3807 654 3859 nli
670 3822 752 3858 canes
770 3806 905 3874 venatici,
921 3806 972 3858 ubi
996 3818 1033 3859 un
1051 3804 1125 3860 tinen
1143 3804 1208 3873 aa,
1232 3805 1265 3859 lu
1290 3818 1316 3859 et
1330 3805 1420 3874 itqatb
1440 3805 1555 3875 sopierat
1573 3806 1650 3874 mut,
1675 3807 1728 3861 aab
1752 3818 1829 3862 usna

138 3891 204 3961 equi
216 3891 331 3958 celoces,
350 3892 474 3944 uliares
487 3898 638 3959 cantantes,
654 3892 704 3944 uss·
719 3891 970 3960 thalamuspictns,
996 3890 1146 3959 aalaidis
1166 3891 1216 3945 but
1240 3890 1377 3960 litqitntut
1401 3891 1451 3946 tait
1475 3894 1562 3961 putas
1589 3892 1718 3963 &omilim
1735 3892 1829 3962 {illm

137 3978 187 4031 nbi
225 3977 312 4031 lectus
354 3978 506 4040 ebrsrnens,
541 3978 590 4030 troi
625 3977 721 4031 riorus
756 3978 882 4047 repetis,
922 3977 971 4030 uti
997 3977 1051 4032 unt
1074 3977 1141 4046 ianr
1166 3978 1245 4033 &sele
1271 3978 1424 4047 tamaltio
1447 3977 1516 4044 mill,
1542 3980 1598 4033 ban
1623 3979 1682 4046 burt
1706 3991 1770 4034 man
1788 3977 1829 4034 lic

137 4065 253 4118 thronus
283 4063 457 4133 imperialis,
486 4064 535 4117 noi
562 4064 715 4117 mercuria
741 4064 969 4132 maimentomm,
995 4063 1087 4129 truisi
1099 4062 1166 4131 nidi
1187 4061 1249 4118 illes
1268 4062 1308 4117 bie
1324 4063 1400 4132 iliis
1413 4066 1510 4132 molen,
1527 4065 1588 4134 nod
1602 4068 1721 4135 rupeas
1737 4063 1828 4130 luten,

138 4152 187 4204 ubi
203 4149 306 4221 caprili
324 4150 448 4216 solares,
474 4150 522 4203 uls·
548 4150 641 4214 facies
661 4151 777 4215 mora,
800 4151 850 4204 ati
867 4151 969 4215 omnia,
997 4165 1023 4206 cs
1045 4150 1112 4207 mitt
1130 4149 1164 4220 [le
1183 4149 1241 4219 ster
1255 4149 1356 4218 iinbsn,
1385 4152 1430 4206 ata
1447 4164 1473 4206 es
1493 4151 1605 4220 qemdnt
1622 4151 1741 4221 ptiust*
1781 4151 1828 4204 Ea

138 4253 211 4307 quae
228 4236 279 4289 sub
296 4235 372 4289 coelo
392 4237 477 4289 sunt!
495 4244 521 4289 to
534 4237 970 4305 namqueoerebantnrlomines,
996 4237 1186 4304 mensionum,
1216 4253 1288 4306 qrsae
1314 4238 1356 4290 ad
1375 4239 1550 4306 peccandum
1569 4238 1640 4305 ipsis
1665 4238 1828 4306 offeruntur,

138 4332 164 4377 te
182 4323 315 4376 timebant
328 4321 483 4391 principes,
502 4331 529 4375 te
547 4323 675 4376 colebant
685 4323 776 4386 urbes,
794 4330 822 4377 te
839 4324 970 4377 timebant
996 4322 1173 4377 multitudine
1191 4323 1339 4392 accepia,
1368 4323 1415 4394 qui
1440 4323 1512 4379 enim
1537 4327 1653 4393 possunt
1669 4321 1826 4393 plurimum,

139 4424 246 4477 omnes,
275 4408 403 4470 ubinam,
427 4424 544 4476 quaeso,
567 4409 635 4461 laec
652 4416 717 4461 sunt
745 4410 853 4479 omnia,
878 4428 897 4463 a
916 4428 970 4480 quo
996 4409 1089 4465 omnia
1107 4409 1161 4463 sibi
1178 4409 1261 4464 licere
1280 4407 1457 4464 arbitrantur.
1494 4410 1540 4461 Ea
1560 4408 1736 4478 parumne,
1754 4412 1953 4477 quaem&

138 4494 252 4548 recessit
269 4500 349 4548 tanta
364 4494 533 4563 jactantias
550 4511 604 4562 qno
615 4494 665 4547 ioit
676 4502 725 4548 tuo
742 4496 971 4566 mapnificentiot
981 4512 985 4537 ν
995 4497 1111 4550 illorum
1126 4495 1225 4564 lapsus
1248 4493 1380 4563 consequi
1396 4495 1480 4560 solet,
1497 4495 1595 4562 ruina,
1624 4493 1727 4548 etenim
1744 4493 1827 4564 quid·

139 4583 178 4636 Et
197 4581 344 4651 respondit
367 4589 457 4634 mater
472 4581 579 4650 pietate
594 4582 698 4650 plena:
717 4582 786 4649 Fili,
805 4584 900 4636 omnia
917 4583 972 4636 sibi
996 4581 1066 4650 quid
1084 4581 1210 4634 delirant
1227 4595 1315 4648 repes,
1329 4580 1490 4649 plectuntur
1508 4579 1618 4635 Achiui.
1653 4586 1678 4635 2.
1696 4578 1771 4636 Sam.
1784 4584 1828 4649 24,

135 4669 248 4736 pariter
271 4668 448 4731 defecerunt,
475 4670 589 4737 meando
618 4669 724 4732 defecit
751 4669 869 4737 spiritus
900 4671 969 4738 ejus,
995 4685 1021 4720 v.
1038 4673 1075 4722 1³.
1096 4668 1143 4720 Ea
1161 4667 1332 4735 nepotiomm
1349 4682 1384 4719 ac
1400 4665 1536 4720 remrmin
1550 4666 1827 4738 imperioexpedieu-

138 4763 164 4806 et
185 4754 359 4823 reliquerunt
386 4769 448 4805 eam
475 4754 644 4821 captivatum
671 4754 702 4807 in
728 4755 857 4823 sepulcw
885 4756 970 4808 triam
996 4753 1093 4807 domm
1113 4752 1266 4821 multipdici
1281 4769 1358 4815 cisra,
1378 4768 1450 4823 quae
1469 4751 1564 4807 itidem
1585 4770 1641 4808 non
1658 4759 1750 4825 potest
1767 4770 1825 4809 non

138 4839 316 4893 martiorum
331 4839 448 4910 plenam
465 4840 577 4904 foetore
596 4846 621 4892 et
644 4840 798 4909 putredine
825 4846 877 4896 etc.
913 4839 969 4896 Me
995 4839 1086 4894 varias
1110 4840 1177 4910 ipsis
1204 4837 1302 4893 aliene
1329 4836 1517 4894 solicitudines
1537 4857 1570 4895 ac
1585 4840 1742 4909 molestias,
1762 4857 1825 4896 cuur

138 4925 190 4979 rito
207 4925 295 4997 igitur
311 4925 442 4979 laudatur
461 4924 680 4994 Maximilianus,
703 4925 750 4996 qui
768 4925 874 4996 aliquot
891 4928 970 4982 aunis
996 4925 1149 4982 levissimus
1184 4924 1265 4980 etiam
1295 4940 1370 4978 error
1398 4925 1546 4979 multorum
1575 4926 1709 4981 malorum
1739 4943 1825 4998 quan·

137 5018 201 5067 ante
225 5010 332 5066 obitum
359 5011 546 5081 sandapilam,
577 5027 742 5082 quoeunque
761 5011 902 5082 proiectus
919 5019 970 5079 est,
997 5013 1089 5085 doque
1103 5011 1364 5083 possitessecausa
1397 5013 1517 5066 Necesse
1528 5020 1577 5081 est,
1596 5012 1688 5083 inquit
1699 5013 1828 5085 Agrippa

138 5116 230 5155 secum
249 5096 419 5153 circumferri
438 5096 538 5163 voluit,
562 5104 593 5152 ut
612 5098 672 5168 ejus
698 5098 799 5153 iutuitu
818 5100 854 5153 de
872 5106 971 5156 morta·
998 5099 1034 5154 ad
1052 5098 1210 5169 Augustum
1228 5097 1338 5168 imperii
1360 5098 1594 5154 continuationem
1613 5099 1704 5154 eidem
1721 5099 1828 5156 dissua-

139 5186 218 5241 litate
237 5192 266 5239 et
282 5183 425 5239 reddenda
442 5183 550 5254 imperii
576 5200 640 5238 ass
658 5184 728 5254 gesti
753 5186 859 5240 ratione
877 5187 971 5242 admo·
997 5202 1086 5252 surus,
1104 5193 1133 5237 nt
1152 5185 1202 5253 qni
1218 5184 1366 5253 imperium
1384 5192 1473 5252 perat,
1493 5186 1586 5240 mdtis
1604 5186 1680 5239 caris
1695 5203 1730 5239 ac
1749 5186 1828 5240 timo·

138 5272 213 5327 nitus
238 5278 332 5341 partes
355 5269 440 5324 officii
472 5269 524 5324 sibi
557 5269 715 5324 demandati
751 5288 783 5327 eo
809 5272 971 5343 diligentius
997 5274 1074 5326 ritus
1092 5271 1268 5341 conficiatur,
1291 5270 1448 5340 uoluptates
1466 5272 1577 5326 minime
1590 5271 1748 5345 percipiat,
1771 5289 1827 5327 mo·

136 5356 288 5429 perficeret.
331 5355 399 5411 Hos.
421 5362 465 5426 10,
490 5372 515 5411 v.
536 5363 566 5411 7:
596 5357 730 5410 Transire
747 5359 818 5421 fecit
837 5360 972 5414 Samaria
999 5358 1148 5413 laetissima
1175 5372 1299 5426 quaeque
1318 5356 1472 5410 identidem
1494 5359 1646 5426 strideat,
1670 5365 1697 5411 st
1717 5359 1827 5425 audiat,

136 5460 230 5515 repom
257 5460 337 5496 suum
366 5442 437 5496 simet
471 5460 598 5513 mamam
625 5458 710 5512 super
736 5444 841 5506 faciam
870 5462 970 5515 aqsrae.
999 5453 1025 5499 et
1052 5445 1161 5500 sentiat.
1205 5445 1250 5497 En
1274 5444 1421 5507 samanae,
1447 5443 1491 5496 cui
1517 5459 1572 5497 non
1595 5442 1700 5514 minus,
1724 5444 1749 5499 si
1771 5460 1828 5499 uon

139 5529 217 5586 Sicut
241 5527 336 5583 bullae
362 5527 390 5582 in
410 5543 485 5598 aqua
508 5528 648 5583 celerrime
668 5535 852 5600 evanescunt,
878 5530 917 5586 sic
936 5546 980 5586 rs·
998 5530 1082 5586 mam
1108 5528 1197 5601 magis
1220 5535 1285 5584 suut
1302 5525 1421 5597 subiecti
1445 5544 1527 5598 quam
1546 5528 1651 5599 plebei,
1668 5530 1827 5585 lumitate
