4020 6014
658 151 710 209 De
728 150 953 210 MINISTERIO
972 150 1275 213 acmuslssrlau
1766 162 1805 219 te

104 308 233 364 cistae
249 307 462 377 approbatione.
497 306 645 363 Neautem
665 307 842 373 existimetur,
861 306 946 376 impe·
976 305 1068 362 diuem
1088 307 1163 361 illam
1183 313 1322 378 receptam
1341 306 1435 372 fuisse,
1454 313 1486 363 ut
1502 307 1531 361 in
1548 306 1734 362 ministrorum
1752 309 1808 365 ele·

106 393 326 450 ratoremiuisse
340 398 512 464 praesentem
530 400 663 464 tauquam
678 395 776 465 κωφὸν
794 393 946 466 πρόσωπον
974 394 1064 448 ctione
1083 413 1162 448 suum
1181 395 1297 449 haberet
1314 395 1433 465 populus
1453 393 1631 464 suffragium,
1657 401 1685 448 et
1704 411 1807 450 morem
1863 462 1865 468 ,

107 488 137 536 et
155 482 216 536 sine
244 480 302 535 ullo
322 497 372 550 per
391 479 527 550 judicium
556 479 698 550 suffragio,
723 487 847 549 notetur,
873 479 946 550 qued
974 480 1047 533 huuc
1065 482 1205 551 usquead
1223 480 1351 552 Gregorii
1370 480 1391 533 Ι.
1412 481 1467 534 imo
1485 478 1576 534 Caroli
1597 480 1692 559 liagni
1711 480 1806 534 etLu·

107 569 278 624 Sozomenns
298 566 345 621 lib.
369 573 392 620 1.
412 566 474 621 hist.
494 583 516 622 c.
538 573 561 622 8.
584 574 730 631 memoret,
750 569 946 636 imperatorem
973 567 1062 621 dorici
1080 568 1120 637 pii
1142 567 1337 636 imperatorum
1364 574 1489 637 tempora
1509 567 1673 637 perdurasse
1696 565 1808 633 fatetur,

22 715 28 723 ¹
98 656 238 723 jussisse,
257 661 287 707 ut
306 655 469 706 sacerdotes
488 653 602 706 aomina
621 670 731 715 eorum,
757 654 946 721 11ιο101101-
974 652 1002 705 id
1021 654 1097 723 quod
1118 654 1259 708 evidenter
1281 653 1419 723 colligitur
1448 653 1548 708 ex-lib.
1570 659 1591 706 1.
1616 651 1807 722 Capitulorum

108 740 289 793 dimotionem
307 740 410 808 dipoos
428 739 607 806 judicarent,
634 739 749 791 elartae
767 739 947 792 inscriberent
974 745 1057 809 prout
1082 739 1183 793 citatur
1202 756 1224 794 c.
1259 739 1405 794 Sacrorum
1433 739 1494 793 dist.
1514 744 1562 793 tt:
1591 737 1744 792 Sacrorum
1762 756 1807 790 aa·

106 824 946 887 0011110110ωηί10111111111111110110110111101010010111,
974 844 1076 878 riarium
1094 844 1149 880 ooo
1167 828 1277 894 ipocri,
1305 835 1333 879 at
1354 828 1413 879 Dei
1430 827 1539 878 nornine
1564 832 1663 878 sancto
1689 824 1807 878 ecclesia

106 913 265 980 quodcum
283 912 319 964 ab
339 910 478 980 episcopie
493 911 596 974 froueet
608 911 731 977 sactum,
751 911 947 978 imperatorem
973 930 1023 964 1110
1041 912 1157 964 liberior
1174 914 1301 979 potiatur
1320 914 1433 980 tortore,
1451 929 1593 964 assererem
1608 910 1705 964 ordioi
1723 910 1806 963 eecle-

106 998 224 1065 eleqieee
237 997 404 1050 Nestorium
419 997 449 1048 io
467 994 793 1065 Constantinopolitanae
813 995 945 1048 ecciesiae
973 1000 1087 1051 siriatico
1102 998 1284 1068 praebemus,
1312 1007 1342 1050 stt
1362 999 1470 1051 seilicet
1489 997 1614 1066 episcopi
1627 1014 1681 1067 per
1700 995 1807 1049 electio·

106 1085 277 1152 episcopum.
323 1082 355 1135 In
384 1081 481 1136 eadem
514 1082 631 1151 epistole
659 1082 794 1152 synodica
824 1081 946 1152 episcopi
973 1101 1033 1136 aem
1052 1085 1124 1136 cleri
1140 1092 1166 1135 et
1185 1085 1287 1152 populi
1303 1085 1454 1136 secundum
1478 1090 1584 1134 statuta
1610 1099 1747 1137 canonum
1771 1083 1807 1134 de

108 1168 408 1238 constantinopolitani
426 1168 461 1222 de
475 1167 601 1222 Flaviani
613 1168 746 1223 electione
764 1168 839 1238 apud
854 1168 945 1222 Theo·
972 1170 1093 1238 propria
1118 1170 1238 1222 dioecesi
1259 1174 1381 1233 (remota
1407 1186 1593 1237 personarum
1617 1177 1643 1221 et
1664 1185 1808 1220 munuum

109 1255 236 1310 doretum
257 1255 275 1310 l.
294 1254 321 1310 d.
334 1255 374 1308 sie
392 1253 555 1324 loquuntur:
575 1254 722 1307 Ecclesiae
735 1255 945 1323 antiquissimae
972 1256 1148 1324 acceptione)
1174 1256 1207 1308 ab
1233 1256 1305 1308 citae
1331 1257 1458 1308 meritum
1481 1264 1506 1306 et
1530 1255 1685 1322 sapientiae
1704 1256 1807 1307 donam

108 1350 134 1394 et
148 1342 238 1410 place
261 1340 434 1411 apostolicae
454 1339 621 1392 Antiochiae
640 1341 669 1391 io
696 1339 784 1407 Syrio
810 1341 945 1392 cooooice
973 1341 1126 1408 eliquatur,
1154 1349 1183 1393 ut
1206 1341 1331 1408 esseroplo
1357 1349 1381 1394 et
1398 1342 1478 1393 uerbo
1500 1341 1554 1392 sibi
1572 1340 1704 1410 subjectis
1717 1341 1807 1410 procl·

104 1429 289 1496 praefecerat
313 1433 460 1480 cooeeotuc
480 1426 700 1494 prouincialium
732 1435 758 1478 et
788 1429 945 1479 dioeceseos
972 1444 1029 1479 esse
1055 1428 1174 1479 valeant.
1217 1426 1281 1479 Huc
1317 1426 1436 1495 pertinet
1463 1426 1545 1491 illud,
1576 1426 1650 1496 quod
1681 1426 1747 1479 olim
1776 1426 1806 1479 in

108 1514 259 1567 orientalis
279 1514 438 1581 episcopum
461 1513 722 1565 reverendissimum
743 1521 769 1564 et
787 1513 944 1565 oosantisei·
974 1512 1140 1582 quibusdem
1158 1512 1282 1566 ecelesiis
1300 1513 1432 1565 usitatum
1449 1510 1516 1578 fuit,
1541 1512 1652 1565 nomina
1669 1513 1807 1566 vocando·

10 1619 93 1662 2104,
108 1618 183 1652 roam
211 1600 271 1651 Dei
295 1598 467 1651 Flavianum
492 1597 656 1650 arceatieote
689 1606 748 1650 tota
774 1598 891 1650 eeclesia
920 1606 945 1651 et
972 1617 1032 1652 rum
1045 1599 1079 1653 ad
1103 1598 1285 1652 ministerium
1306 1599 1523 1652 ecclesiasticum
1541 1615 1591 1668 per
1608 1597 1807 1665 trinnudiuum,

108 1687 192 1755 quasi
210 1702 266 1737 1110
290 1701 338 1738 ore
363 1683 519 1736 celebrante
544 1683 639 1746 illrrm,
668 1702 752 1752 quom
778 1685 945 1736 erectionem
972 1686 1000 1738 id
1031 1694 1072 1739 est
1099 1702 1148 1754 per
1173 1692 1229 1739 tres
1256 1682 1383 1739 solennes
1411 1691 1564 1739 conventus
1595 1682 1805 1746 ecclesiasticos,

107 1773 206 1825 babuit
233 1778 326 1824 ratam
352 1778 377 1822 et
403 1786 571 1824 coromaoem
595 1773 726 1837 synodus.
761 1771 945 1840 imperatores
971 1771 1082 1842 publice
1107 1771 1277 1843 promulgari
1303 1771 1492 1840 populumque
1510 1769 1696 1839 praemoneri,
1724 1775 1756 1822 ut
1781 1769 1805 1823 si

107 1857 225 1912 Romani
247 1855 386 1927 qnondam
407 1856 599 1909 auctoritatem
620 1857 744 1910 suumin
763 1855 944 1911 electionibus
971 1857 1038 1929 quid
1057 1858 1196 1928 quispiam
1215 1865 1311 1911 contra
1329 1856 1512 1911 ordinandum
1534 1855 1649 1910 haberet
1667 1855 1806 1926 proferen-

107 1945 302 2015 episeoporum
320 1941 527 2012 interposuisse,
556 1958 589 1995 ex
607 1957 639 1994 eo
657 1943 729 1995 inter
747 1948 859 1995 caetera
881 1959 943 1995 eon·
971 1946 1049 2008 dum,
1077 1945 1106 1997 id
1123 1961 1206 2015 quem
1224 1943 1355 1998 citissime
1373 1942 1460 1997 faciat
1479 1950 1506 1997 et
1523 1942 1698 2012 postmodum
1716 1941 1805 2010 sileat,

107 2037 173 2097 stat,
193 2028 268 2099 quod
287 2027 398 2081 modum
417 2026 544 2081 electioni
563 2026 691 2081 dederint
709 2043 742 2080 ac
760 2028 942 2096 praescripsc-
971 2031 1085 2102 perinde
1114 2037 1145 2083 ut
1172 2030 1254 2084 hodie
1282 2031 1312 2083 iu
1340 2030 1441 2083 nostris
1472 2029 1594 2084 ecclesiis
1624 2028 1804 2098 proclamatio

106 2118 180 2183 rint,
202 2114 286 2168 Auth.
312 2113 403 2184 presb.
425 2113 455 2167 in
472 2112 519 2169 fin.
544 2113 562 2166 l.
604 2113 633 2167 Si
657 2130 795 2185 quanqam
818 2115 836 2167 l.
860 2114 944 2168 sacris
970 2133 1073 2180 eorum,
1094 2116 1141 2186 qui
1162 2116 1324 2185 conjuginm
1343 2115 1411 2168 inire
1430 2119 1538 2184 perant,
1557 2113 1646 2167 tribus
1667 2113 1804 2168 distinctis

107 2201 209 2256 uostris
229 2217 253 2259 c.
272 2201 306 2254 de
325 2200 409 2270 episc.
438 2205 465 2252 et
488 2197 552 2253 cler.
576 2198 645 2254 Nos.
668 2205 693 2255 6.
722 2207 762 2255 51.
792 2207 847 2255 123.
883 2202 943 2253 Ima
970 2202 1076 2255 vicibus
1093 2201 1204 2271 publice
1223 2201 1363 2270 praemitti
1382 2199 1532 2255 cousuevit,
1572 2199 1641 2252 Inde
1659 2216 1804 2269 promana-

107 2288 195 2358 ipsins
214 2287 298 2340 etiam
314 2284 432 2340 Romani
453 2285 574 2354 episcopi
587 2301 643 2338 non
661 2285 742 2338 modo
755 2284 943 2354 confirmandi,
970 2288 1010 2340 vit
1028 2287 1181 2341 Alexandri
1212 2287 1306 2342 Severi
1334 2286 1506 2357 imperatoris
1536 2285 1642 2339 factum
1665 2285 1701 2339 ab
1724 2278 1805 2340 Aelio

108 2461 156 2515 tho
176 2460 239 2514 dist.
259 2465 300 2514 63.
320 2477 344 2514 1.
363 2460 391 2511 in
410 2457 523 2528 Synodo
538 2457 599 2511 dist.
615 2458 675 2512 ead.
696 2475 719 2510 a.
738 2457 853 2513 Adrion.
874 2458 943 2512 112.
971 2478 1040 2532 quos
1056 2461 1188 2515 voluisset
1207 2467 1326 2514 rectores
1347 2460 1496 2530 provinciis
1509 2460 1584 2528 dare,
1604 2460 1647 2514 vel
1666 2461 1806 2530 praeposi·

108 2564 159 2617 pro
189 2563 246 2617 qna
272 2545 445 2615 imperatoris
473 2543 680 2599 confirmatione
710 2553 786 2598 certa
810 2544 944 2612 pecuniae
971 2557 1012 2601 tos
1030 2547 1131 2616 110011,
1151 2547 1193 2600 vel
1214 2553 1406 2616 procuratores
1429 2545 1563 2608 ordinare,
1580 2545 1691 2600 nomina
1711 2562 1805 2599 eorum

108 2634 251 2704 quantitas
269 2631 427 2700 imperatori
446 2647 463 2683 a
482 2646 555 2699 papa
572 2631 632 2683 dari
650 2629 766 2697 solebat,
786 2646 857 2699 quae
870 2636 943 2699 post·
970 2634 1142 2704 proponebat
1168 2634 1280 2688 hortans
1311 2633 1460 2703 populum,
1486 2638 1517 2686 ut
1544 2633 1567 2686 si
1596 2633 1664 2703 quid
1689 2633 1806 2688 haberet

106 2736 141 2774 ea
163 2717 304 2789 Agathoui
330 2718 366 2770 ab
392 2718 557 2786 imperatore
586 2716 767 2770 Constantino
792 2717 844 2769 lll.
870 2717 944 2769 circa
971 2721 1101 2785 criminis,
1121 2719 1252 2789 probaret
1267 2720 1419 2773 manifestis
1432 2720 1525 2787 rebus,
1544 2719 1567 2772 si
1580 2737 1635 2773 uon
1652 2719 1806 2788 probasset,

109 2823 173 2861 anu.
204 2810 262 2860 680.
286 2803 341 2856 fuit
359 2804 481 2857 remissa.
527 2802 560 2856 ln
580 2801 688 2855 Graeca
711 2801 838 2856 orientali
857 2802 943 2856 eccle·
970 2805 1076 2859 subiret
1096 2822 1213 2874 poenam
1236 2806 1343 2876 capitis.
1382 2804 1502 2858 Dicebat
1520 2805 1603 2874 enim,
1628 2823 1713 2872 praue
1738 2823 1805 2869 esse,

111 2894 153 2946 sia
174 2891 311 2946 referente
339 2889 495 2959 Nicephoro
520 2887 646 2959 Gregora
668 2887 714 2941 lib.
738 2893 762 2943 4.
785 2887 943 2957 patriarche
970 2910 1031 2945 cum
1049 2893 1081 2944 iel
1098 2893 1209 2945 Jssdoei
1228 2901 1252 2944 et
1269 2893 1426 2946 Cisristioai
1440 2892 1570 2957 fecere-nt
1589 2893 1619 2943 iu
1634 2893 1806 2962 praedican-

109 2977 432 3047 Coustantinopolitanus
450 2975 502 3029 hoc
530 2976 611 3029 modo
629 2974 694 3029 olim
718 2973 772 3026 fuit
790 2973 896 3026 electus
916 2979 944 3026 et
971 2979 1017 3030 riis
1036 2978 1241 3047 sacerdotibus,
1268 2979 1319 3046 qui
1338 2977 1495 3030 ordinandi
1510 2986 1590 3044 11111,
1615 2996 1671 3030 ooo
1688 2979 1758 3046 ficri
1775 2979 1805 3029 irs

109 3065 294 3121 confirmatus.
333 3062 425 3117 Primo
443 3061 479 3115 ab
498 3060 676 3116 Heracleensi
693 3059 879 3129 metropolita,
900 3058 944 3110 cui
968 3065 1177 3132 prosdocimum
1198 3064 1366 3130 rectoribus,
1394 3065 1492 3132 quibus
1516 3072 1541 3117 et
1559 3065 1804 3130 1011110110ιηί-

109 3152 161 3205 hoc
175 3152 223 3221 jus
240 3149 407 3221 antiquitus,
424 3156 456 3202 ut
474 3156 502 3201 et
519 3147 609 3201 adhue
629 3146 718 3212 hodie,
738 3146 878 3215 competit,
897 3161 943 3198 no·
971 3169 1035 3203 nuos
1052 3153 1286 3204 committerentur
1305 3159 1330 3203 ct
1349 3152 1455 3218 capito.
1483 3150 1601 3205 Exstant
1620 3152 1704 3204 etiam
1722 3151 1804 3220 hujus

110 3239 229 3291 minatus
248 3242 306 3304 eat,
334 3235 434 3289 deinde
454 3235 541 3301 clero,
567 3233 707 3287 nobilibus
731 3240 760 3287 et
777 3232 943 3302 primoribus
966 3238 1047 3306 juris,
1066 3237 1140 3307 quod
1158 3236 1187 3290 in
1208 3236 1343 3307 eligendis
1364 3245 1391 3290 et
1409 3236 1541 3290 vocandis
1560 3238 1696 3307 episcopis
1717 3237 1804 3306 magi·

110 3323 289 3394 populorum,
318 3339 434 3391 quorum
453 3337 602 3375 consensus
619 3318 826 3389 requirebatur,
846 3334 943 3387 propo·
971 3323 1069 3377 stratui
1086 3323 1232 3392 competit,
1262 3322 1353 3376 adhuc
1372 3324 1509 3393 quaedam
1527 3324 1645 3393 vestigia
1661 3323 1690 3376 in
1711 3323 1805 3376 Gallia

111 3411 179 3464 situs
197 3408 254 3462 sive
271 3413 480 3478 praesentatus,
511 3404 686 3475 postmodum
706 3405 742 3457 ad
770 3403 942 3474 imperatoris
970 3420 999 3466 et
1009 3411 1154 3480 Hispania.
1182 3408 1377 3463 Annocmmi
1400 3416 1473 3464 rur.
1493 3409 1563 3463 inser
1582 3410 1703 3463 Leonem
1722 3409 1943 3465 1111111110.

111 3496 202 3551 aulam
222 3495 373 3563 deductus,
395 3509 413 3547 a
433 3509 488 3564 quo
507 3492 609 3561 pedum
627 3490 765 3559 p8⁵1⁰rfll⁰
784 3490 942 3544 811811θᾶ11-
970 3499 1148 3553 Franciscum
1167 3496 1190 3553 1.
1210 3494 1318 3549 Galliae
1336 3512 1430 3566 regem
1452 3495 1626 3562 concordata,
1645 3502 1677 3549 nt
1694 3500 1803 3560 vocant,

112 3589 202 3637 ratum
224 3580 357 3635 baculum
383 3579 555 3632 incurvatum
573 3594 621 3646 Pffl'
646 3593 743 3630 mmm
763 3577 883 3645 accepit,
910 3592 943 3630 ⁸⁰
970 3586 1097 3640 institute
1115 3589 1195 3651 suut,
1220 3599 1290 3653 quae
1317 3582 1427 3650 integra
1444 3581 1584 3634 recensuit
1607 3589 1636 3634 et
1654 3581 1726 3636 uotis
1742 3580 1803 3635 illu·

112 3669 224 3724 tandem
242 3684 259 3720 a
277 3666 383 3720 clericis
399 3665 428 3718 in
446 3665 576 3718 thronum
599 3661 809 3733 patriarchalem
827 3662 942 3717 colloca·
970 3672 1069 3725 stravit
1088 3672 1161 3723 Petr.
1172 3667 1316 3736 Rebuffus,
1335 3668 1363 3721 in
1381 3668 1436 3720 illis
1454 3684 1535 3722 omne
1549 3668 1597 3737 jus
1616 3667 1736 3738 eligendi
1755 3671 1805 3721 ant

113 3763 166 3810 tus,
201 3754 271 3807 Vide
295 3753 405 3807 omnino
425 3758 504 3806 tract,
528 3750 663 3806 Walrami
687 3749 808 3819 episcopi
839 3750 942 3806 Naum·
971 3756 1129 3830 postulandi
1145 3757 1283 3825 praelatos
1303 3755 1442 3809 canonicis
1468 3755 1497 3809 in
1515 3760 1575 3808 1011
1593 3753 1687 3810 Gallia
1711 3754 1803 3809 adem·

115 3843 192 3912 burg.
218 3841 254 3893 de
277 3839 396 3893 investit.
421 3838 543 3907 episcop.
563 3837 592 3889 in
615 3853 670 3908 qno
690 3852 724 3890 ex
744 3835 864 3890 historiis
881 3854 944 3906 pro·
970 3850 1028 3897 tum
1055 3849 1105 3911 cst,
1129 3843 1169 3895 ita
1192 3850 1223 3895 ut
1249 3841 1399 3896 nominatio
1427 3858 1560 3911 personae
1589 3840 1704 3896 idoneae
1731 3840 1805 3895 intra

112 3930 166 3983 lixa
181 3926 289 3997 probat,
309 3925 384 3995 quod
402 3923 525 3995 episcopi
544 3922 707 3992 Hispaniae,
724 3922 849 3991 ῧῡθῑίὓθ,
867 3923 944 3994 Ang-
970 3948 1018 3984 sex
1042 3946 1149 3984 menses
1173 3945 1190 3982 a
1211 3936 1334 3998 tempore
1359 3929 1512 3984 vacationis
1536 3927 1660 3981 Romano
1679 3927 1805 3998 pontifici

112 4016 173 4083 liae,
192 4012 355 4083 Hungariae
374 4017 425 4065 etc.
438 4026 471 4065 ex
489 4010 604 4079 antiqno
614 4009 786 4063 institutione
803 4026 853 4079 per
865 4027 944 4081 reges
971 4017 1007 4070 ad
1029 4014 1229 4085 providendum
1260 4014 1389 4068 iacienda
1420 4031 1494 4068 nune
1518 4012 1568 4067 soli
1592 4014 1653 4084 regi
1679 3998 1813 4068 absolute¹

111 4101 272 4168 introierint,
292 4098 411 4169 acquod
424 4095 665 4150 inthronisationes
685 4096 743 4150 sive
760 4096 941 4152 investiturae
971 4108 1117 4172 competat.
1154 4101 1227 4156 Vide
1248 4100 1415 4154 concordata
1431 4100 1480 4152 ille
1504 4100 1532 4151 in
1549 4098 1590 4153 tit.
1618 4100 1652 4153 de
1672 4100 1750 4169 regia
1768 4098 1805 4153 ad

111 4189 302 4258 episcoporum
326 4185 386 4253 jure
408 4182 566 4253 pertineant
591 4182 627 4235 ad
652 4198 731 4253 reges
751 4190 779 4236 et
796 4183 943 4253 principes,
971 4191 1142 4259 praelaturas
1167 4187 1355 4241 nominatione
1380 4186 1509 4240 facienda
1533 4192 1561 4239 et
1587 4185 1626 4239 ibi
1644 4184 1803 4240 Rebuffnm.

111 4275 162 4328 sub
191 4289 307 4344 quorum
331 4269 452 4324 dominio
474 4269 650 4338 episcopatus
673 4278 746 4322 sunt.
787 4268 832 4344 Ut
851 4280 943 4325 autem
970 4275 1116 4330 Duerenus
1134 4274 1181 4329 lib.
1201 4283 1223 4328 5.
1247 4274 1280 4328 de
1301 4289 1369 4327 sacr.
1389 4271 1486 4327 eccles.
1514 4271 1616 4325 minist
1636 4288 1659 4326 c.
1682 4278 1721 4326 11.
1740 4287 1803 4324 eon·

110 4363 301 4430 imperatorem
320 4356 536 4412 Christianorum
555 4355 704 4409 auctoritas
721 4355 749 4408 in
765 4355 897 4411 electione
917 4366 944 4411 et
970 4363 1083 4415 cordata
1107 4361 1155 4413 illa
1178 4361 1287 4413 nomine
1308 4360 1449 4412 Leoriiooe
1473 4358 1677 4411 corrsa'tutionis
1700 4356 1805 4427 allegat

110 4446 318 4502 confirmatione
347 4443 537 4513 episcoporum
567 4442 735 4507 intercessit,
765 4441 804 4495 ita
834 4460 943 4512 quoque
971 4454 999 4501 et
1017 4447 1104 4517 addit,
1124 4446 1247 4499 Leonem
1263 4445 1424 4506 obtinuisse,
1443 4450 1475 4497 ut
1492 4444 1633 4498 decretum
1645 4442 1713 4496 illud
1726 4443 1803 4513 regia

110 4532 206 4604 populi
225 4547 375 4586 consensus
395 4547 449 4583 non
468 4529 523 4581 fuit
540 4526 725 4597 posthabitus.
764 4527 834 4581 lnde
852 4527 943 4582 ’11110-
970 4533 1133 4586 auctoritate
1153 4532 1300 4584 subnixum
1325 4548 1483 4600 supremum
1508 4529 1709 4599 parlamentum
1726 4529 1803 4583 Pari-

112 4613 599 4675 (101111111111.2.11111.0001.0.11.
623 4621 650 4668 11
664 4613 835 4683 Nicephorus
856 4614 902 4671 lib.
919 4622 942 4668 9.
970 4620 1058 4672 sienae
1085 4620 1225 4687 reciperet.
1269 4616 1368 4671 Didae.
1395 4615 1577 4670 Cavarruvias
1604 4620 1668 4669 tom.
1699 4623 1721 4670 1.
1745 4632 1802 4670 var.

111 4709 173 4762 hist.
193 4724 216 4763 c.
237 4711 279 4760 25.
299 4704 430 4764 referunt,
454 4701 575 4756 Felicem
597 4702 701 4754 Romae
725 4701 760 4755 ab
781 4701 944 4770 imperatore
970 4704 1081 4762 resolut.
1102 4722 1128 4774 p.
1148 4711 1173 4759 2.
1193 4705 1220 4757 iu
1240 4703 1333 4761 relect.
1353 4720 1375 4756 c.
1412 4702 1504 4755 Malae
1522 4700 1588 4753 fidei
1607 4717 1724 4769 possess.
1748 4708 1802 4757 ext.

112 4792 273 4850 Consualia
302 4790 462 4860 episcopum
494 4789 581 4843 inrita
613 4787 730 4842 ecclesia
763 4789 943 4841 constitutum
970 4792 1005 4844 de
1022 4793 1086 4861 jure
1103 4798 1265 4861 patronatus
1288 4790 1399 4856 asserit,
1424 4805 1502 4858 reges
1523 4786 1720 4856 Hispaniarum
1743 4790 1803 4858 jam

111 4886 150 4937 ita
167 4880 286 4935 inrisum
303 4877 353 4933 toti
371 4877 462 4932 coetui
480 4876 575 4943 fuisse,
595 4883 626 4929 ut
637 4876 697 4946 ipso
709 4876 793 4930 sacris
805 4885 944 4945 operante,
969 4879 1032 4933 inde
1056 4895 1073 4932 1
1096 4878 1214 4932 00001110
1234 4877 1369 4932 Toletano
1394 4874 1459 4927 XII.
1484 4873 1624 4927 celebrato
1651 4892 1715 4931 ann.
1745 4880 1802 4929 685.

112 4971 176 5024 licet
196 4967 224 5020 iu
243 4966 369 5019 doctrina
381 4963 467 5034 ipsius
486 4963 555 5016 nihil
573 4963 724 5017 desiderari
743 4971 845 5032 posset,
864 4979 943 5016 nemo
970 4973 1035 5034 (quo
1062 4965 1211 5031 decretum,
1236 4971 1266 5015 ut
1286 4979 1335 5014 ree
1364 4962 1405 5012 orl
1428 4961 1615 5031 episcrqrolem
1640 4963 1802 5031 dipisitotem

111 5062 204 5109 tamen
226 5053 322 5105 limina
350 5049 447 5119 templi
475 5048 612 5118 attigerit,
642 5055 791 5118 propterea
817 5049 891 5117 quod
916 5048 944 5100 in
967 5053 1173 5122 promovendae
1193 5052 1315 5117 eligeret,
1334 5064 1402 5115 quoe
1418 5047 1570 5099 Toletaous
1588 5049 1703 5100 antistes
1716 5064 1801 5115 prae·

111 5143 202 5195 locum
220 5138 325 5193 Liberii
350 5136 452 5206 injuste
475 5135 511 5188 ab
540 5132 632 5188 officio
658 5133 755 5188 remoti
778 5134 943 5186 constitutus
970 5139 1017 5190 oio
1044 5156 1151 5190 marrim
1175 5135 1379 5189 uoroiootioue
1409 5134 1581 5201 institueret)
1615 5134 1718 5204 absque
1745 5133 1802 5188 ulla

112 5234 184 5283 esset
208 5232 238 5280 et
261 5223 441 5278 violatoribus
463 5221 537 5274 illius
568 5237 628 5274 sese
654 5224 844 5292 conjungeret.
883 5220 943 5274 lac.
971 5224 1156 5278 controversia
1170 5223 1217 5292 jus
1237 5229 1265 5274 et
1283 5219 1362 5289 quasi
1379 5220 1578 5288 possessionem
1597 5220 1697 5273 habere
1718 5220 1802 5273 nomi·

111 5312 277 5370 Pammelius
296 5308 457 5365 Pontificius
482 5308 511 5360 in
537 5311 628 5362 annot.
647 5308 684 5360 ad
701 5307 782 5376 epist.
809 5312 849 5361 68.
891 5310 943 5377 Cy·
971 5311 1056 5365 nandi
1073 5317 1101 5363 et
1116 5306 1237 5378 eligendi
1251 5305 1402 5374 episcopos,
1422 5305 1594 5360 adeoutuisi
1611 5305 1802 5375 aregenomi-

94 5401 203 5473 ·priani
220 5416 294 5453 num.
317 5404 356 5454 16.
376 5397 471 5462 docet,
494 5410 549 5448 non
567 5392 596 5444 in
613 5391 709 5445 Africa
726 5393 828 5462 solum,
846 5394 896 5447 sed
916 5395 944 5447 in
973 5406 1054 5453 nutus
1073 5412 1153 5450 nemo
1173 5393 1260 5462 possit
1278 5392 1320 5445 his
1339 5393 1522 5463 dignitatibus
1543 5391 1681 5461 insigniri,
1707 5399 1735 5446 et
1754 5393 1801 5445 ad·

111 5488 212 5547 Galliis
228 5485 320 5554 etiam,
339 5483 484 5554 Hispania,
501 5479 607 5536 11011110
626 5485 655 5533 et
673 5478 777 5548 ubique
803 5489 948 5536 consuetu·
977 5483 1018 5537 dit
1039 5481 1219 5537 Covarruvias
1248 5476 1400 5533 notabilem
1424 5479 1570 5546 rationem,
1597 5480 1673 5548 quod
1696 5479 1801 5535 scilicet
