4020 6014
219 239 278 298 tet
750 274 753 283 .
794 228 917 289 Locus
933 228 1137 288 VIOESIMUS
1154 231 1320 290 TERTIUS

89 398 147 444 ma
160 399 205 444 tua
217 385 357 442 ministros
380 390 456 444 recte
479 387 604 443 reform
624 389 735 460 δίλογοι
755 387 899 457 dicuntur,
929 387 979 457 qni
1006 402 1054 441 ors
1085 387 1149 457 ejici
1166 386 1339 459 jubebantur
1358 386 1472 446 Numer.
1491 394 1516 452 λ,
1536 406 1563 446 r.
1583 393 1608 444 t.
1626 387 1667 443 sis
1684 386 1803 444 notoriis
1822 391 1851 443 et
1867 404 1922 460 pu·

217 474 301 528 aliud
322 482 467 544 promunt,
495 476 580 531 atiud
604 476 653 530 snb
677 483 799 545 pectore
818 476 957 542 condunt,
984 490 1053 545 quos
1081 473 1161 528 blicis
1179 473 1288 529 delictis
1313 473 1392 528 velut
1407 474 1487 544 lepra
1505 473 1627 545 quadam
1644 473 1740 530 iniecti
1758 472 1844 546 inque
1861 474 1922 529 illis

219 560 363 637 Scriptura
381 561 449 616 alibi
463 562 532 618 dicit
550 562 727 633 loqur‘corde
744 571 771 615 ct
787 563 881 618 corde.
912 559 1053 615 Lutherus
1080 559 1140 616 sine
1163 559 1335 631 poenitentia
1360 565 1568 631 perseverantes
1591 575 1642 630 per
1657 560 1921 616 excommunicatio

218 647 386 718 queritante,
411 647 625 718 chrysostomus
643 648 736 705 homil.
758 654 797 704 11.
822 648 852 701 in
879 653 901 702 1.
921 647 993 701 Tim.
1013 647 1052 718 μὴ
1081 664 1144 702 nem
1169 663 1203 703 ex
1228 647 1362 702 ecclesiae
1385 646 1524 703 consortio
1551 645 1656 702 debent
1681 645 1754 717 ejici.
1795 646 1920 711 Quidam

216 732 354 804 διλόγους,
373 737 495 789 τουτέστι
508 733 551 805 ,eri
570 733 709 796 ἰπούλοος
725 734 795 803 μηδὲ
818 731 959 807 detepuit,
977 732 1053 803 quod
1080 734 1188 788 addunt
1205 741 1228 790 4.
1247 735 1405 804 anathema,
1422 731 1509 789 Hebr.
1529 729 1624 806 0211,
1636 749 1691 804 quo
1703 732 1920 788 inemendabilis

215 820 313 874 vidum
325 820 503 891 hypocriseos
512 821 642 893 politicae
653 819 818 893 prudentiae
827 819 967 875 schemate
979 818 1052 873 vela·
1080 824 1191 875 aeterno
1216 820 1301 876 exitio
1326 821 1478 875 devovetur
1502 818 1565 874 Gal.
1590 825 1616 883 1,
1642 835 1668 875 v.
1688 823 1712 874 8.
1745 824 1767 875 1.
1790 817 1852 873 Cor.
1877 826 1919 889 16,

217 906 382 960 tammultis
394 907 479 962 hodie
490 924 635 962 commune
647 914 697 977 est,
718 906 767 961 sed
786 906 946 962 aministris
965 904 1051 960 eccle-
1078 922 1104 962 ν.
1134 912 1174 961 11.
1198 907 1247 961 sed
1271 907 1341 962 haec
1364 923 1420 961 non
1443 913 1501 960 tam
1525 905 1728 962 ecclesiasticae
1751 905 1920 977 disciplinae

217 991 274 1046 siae
294 990 393 1047 abesse
410 992 495 1048 debet
520 1011 604 1064 quam
624 994 797 1065 longissime,
821 992 956 1047 rationem
973 989 1053 1045 addit
1079 1007 1143 1062 pars
1178 1009 1261 1062 quam
1293 992 1436 1048 humanda
1458 1009 1492 1048 ex
1523 992 1624 1064 spiritu
1649 992 1810 1064 prophetico
1837 992 1920 1047 faeta

217 1077 432 1148 chrysostomus
451 1078 513 1133 ioco
545 1080 620 1135 dicto
648 1079 731 1134 οὐδὲν
758 1079 812 1153 γὰρ
843 1076 929 1141 οὕτως
960 1083 1052 1132 ποιεῖν
1079 1078 1238 1134 exsecratio.
1268 1078 1479 1134 Ecclesiasticus
1496 1078 1736 1150 huicdisoiplinae
1749 1079 1778 1132 in
1796 1078 1920 1134 ecclesia

216 1168 316 1219 εἴωθεν
335 1164 435 1235 ιῖγενὴς
454 1164 489 1226 ὡς
507 1165 537 1220 τὸ
557 1166 686 1240 δολερὸν,
704 1166 790 1220 οὐδὲν
808 1165 896 1225 οὕτως
914 1161 1052 1238 ἄχρηστον
1079 1163 1219 1233 primitiva
1241 1165 1403 1235 cumprimis
1430 1166 1565 1236 praefecti
1584 1170 1664 1220 mut
1681 1165 1837 1236 presbyteri
1854 1164 1918 1220 sive

217 1248 247 1305 tr
263 1252 294 1323 τῇ
312 1252 441 1321 ἐκκλησίᾳ
461 1250 498 1312 ὠς
514 1251 692 1309 ιὸῦπουλον.
720 1252 847 1307 Minister
858 1250 907 1322 qui
923 1251 953 1305 in
967 1251 1050 1305 socie·
1078 1249 1212 1319 seniores,
1240 1251 1405 1322 inquorum
1429 1252 1521 1306 locum
1541 1251 1704 1307 consistoria
1724 1251 1918 1306 ecclesiastica

216 1341 273 1391 tate
289 1336 362 1391 cirili
383 1342 425 1393 est
444 1340 555 1408 δίλογος
569 1343 614 1392 καὶ
633 1340 796 1409 δίγλωσσος,
810 1337 893 1392 fidem
907 1336 959 1391 sibi
972 1336 1050 1392 dero-
1077 1335 1158 1391 hodie
1176 1342 1376 1392 successerunt.

216 1428 266 1493 gat
291 1423 320 1477 in
349 1423 412 1495 ipsa
439 1424 517 1479 verbi
537 1424 751 1496 praedicatione.
792 1423 887 1494 Atque
916 1422 968 1477 hae
986 1427 1051 1476 sunt
1113 1427 1172 1478 teo.
1208 1421 1334 1478 Canones
1360 1424 1396 1478 de
1416 1421 1619 1478 ecclesiasticae
1640 1422 1804 1493 disciplinae
1826 1423 1917 1477 admi·
1930 1388 2002 1482 iim

215 1509 332 1565 virtutes
352 1510 476 1582 episcopi
502 1527 663 1582 personam,
683 1511 769 1565 vitam
788 1516 817 1566 et
834 1527 923 1565 mores
941 1522 1051 1564 concer-
1079 1508 1251 1564 nistrutione.
1271 1511 1351 1563 1.1n
1375 1510 1487 1564 delictis
1501 1509 1626 1578 priuatis
1645 1529 1665 1564 a
1679 1511 1797 1580 priuata
1815 1517 1917 1564 rovor-
1930 1494 2002 1585 m*

216 1601 326 1666 nentes,
352 1613 421 1667 quas
447 1613 510 1651 cum
537 1597 599 1651 aliis
621 1613 686 1652 vere
710 1598 765 1667 piis
782 1596 868 1651 habet
882 1612 1049 1659 communes,
1082 1601 1130 1664 σία
1157 1595 1323 1660 faciendum
1350 1604 1393 1649 est
1411 1597 1572 1664 scordium,
1595 1600 1745 1667 antequem
1766 1596 1803 1650 ad
1822 1595 1916 1668 publi·
1929 1597 2002 1696 {52¹3

217 1683 245 1738 in
274 1683 375 1755 quibus
403 1691 436 1738 ut
466 1684 587 1754 reliquos
619 1688 697 1738 tanto
724 1683 873 1738 antecedat
896 1681 1051 1750 intervallo,
1078 1697 1138 1736 cam
1156 1681 1296 1754 ίπιιιμίαν
1313 1697 1475 1752 progressus
1493 1680 1550 1737 fiat
1584 1680 1787 1748 Matth.1s‚v.
1811 1683 1918 1738 15:81·

218 1775 323 1840 quanto
342 1769 378 1825 ab
391 1770 460 1840 ipsis
473 1770 558 1824 distat
576 1769 660 1823 officii
675 1769 819 1841 dignitatis
838 1767 959 1838 fastigio,
978 1784 1051 1822 sum·
1075 1768 1235 1837 peccauerit
1261 1768 1291 1821 s‘n
1309 1775 1335 1822 tc
1349 1769 1454 1836 frater
1468 1774 1545 1831 tune,
1570 1768 1643 1820 sude
1670 1775 1696 1821 et
1720 1767 1834 1838 corripe
1851 1784 1916 1822 enm

218 1871 329 1926 mopere
358 1857 452 1911 conari
479 1856 570 1912 debet
616 1856 743 1913 Virtutes
768 1855 890 1926 episcopi
914 1855 1050 1923 propriae
1079 1854 1152 1906 inter
1170 1860 1197 1906 tc
1215 1861 1241 1906 et
1258 1854 1350 1922 ιῬαιια
1367 1854 1472 1920 solnm,
1496 1869 1523 1905 v.
1544 1859 1582 1909 16.
1605 1853 1633 1907 si
1652 1860 1678 1908 te
1702 1871 1760 1907 non
1779 1854 1916 1918 audierit,

215 1942 304 2011 ipsius
325 1941 447 1997 officium
465 1949 495 1998 et
510 1943 664 1998 doctrinam
689 1946 887 1997 concernentes
904 1941 958 1995 hae
977 1945 1050 2008 sunt,
1079 1939 1182 1993 <canite
1203 1946 1292 1994 tecum
1309 1940 1403 1993 οᾱΙιιιο
1427 1958 1514 1993 unum
1530 1940 1574 1993 ecl
1593 1940 1678 2006 duom
1701 1957 1729 1994 r.
1749 1946 1788 1996 17.
1815 1941 1842 1994 εἰ
1857 1958 1916 1994 non

217 2028 291 2098 quod
310 2028 413 2083 debeat
431 2045 491 2084 esse
511 2030 677 2094 διδακτικὸς,
696 2029 813 2089 δυνατὸς
832 2030 1004 2095 παρακαλεῖν
1022 2029 1051 2081 ἓν
1079 2026 1203 2079 audierit
1219 2041 1281 2095 eos,
1306 2026 1353 2079 dic
1374 2025 1524 2094 ecclesice;
1551 2024 1600 2079 ubi
1622 2040 1659 2079 ne
1685 2025 1750 2097 quis
1767 2025 1916 2096 existimet,

216 2117 248 2184 τῇ
269 2113 436 2183 διδασκαλίᾳ
460 2116 492 2189 τῇ
515 2114 677 2189 ὑγιαινούσῃ
700 2117 747 2169 καλ
771 2113 835 2174 τοὺς
861 2111 1053 2183 ἀντιλέγοντας
1079 2111 1217 2166 Christum
1247 2111 1321 2183 loqui
1349 2112 1377 2165 in
1402 2111 1495 2182 specie
1520 2112 1655 2167 duntaxat
1672 2112 1708 2168 de
1726 2111 1840 2182 privatis
1858 2111 1916 2167 illis

218 2199 350 2268 ἐλέγχειν,
368 2200 402 2254 de
421 2201 521 2271 quibus
540 2217 590 2257 suo
609 2201 671 2255 loco
688 2201 794 2272 egimus
812 2199 934 2255 uberius.
1080 2197 1205 2261 offensis,
1234 2198 1336 2269 quibus
1366 2198 1436 2253 alter
1461 2198 1540 2253 alteri
1567 2197 1597 2251 in
1624 2197 1682 2251 vita
1705 2197 1844 2252 communi
1871 2203 1917 2253 est

59 2315 62 2319 ·
88 2299 108 2340 a
127 2300 204 2339 oisei-
255 2290 313 2341 285.
355 2285 484 2339 Diximus
511 2286 646 2341 hactenus
675 2287 710 2341 de
740 2290 838 2357 quarto
865 2284 1052 2338 ministrorum
1079 2285 1226 2353 molestus,
1251 2284 1405 2340 notandum
1431 2283 1547 2354 phrasin
1565 2283 1701 2338 Graecam
1726 2288 1764 2345 ιλς
1781 2288 1816 2338 σί
1830 2284 1914 2340 etium

89 2351 167 2442 ξέζῖζ*
219 2369 319 2438 officio,
340 2372 415 2443 quod
435 2378 478 2426 est
494 2374 567 2426 citae
589 2381 615 2427 ct
628 2373 864 2428 morrsmhonesto
881 2351 1052 2441 procreatio,
1080 2370 1158 2426 reddi
1177 2386 1259 2441 posse
1278 2372 1359 2442 (prad
1378 2378 1418 2438 te,
1439 2387 1536 2423 coram
1555 2377 1595 2433 te,
1620 2370 1725 2424 sirete
1744 2369 1916 2437 consciunt

89 2454 197 2545 :my
220 2457 346 2513 succedit
357 2458 493 2527 quintum,
512 2459 586 2529 quod
603 2465 646 2512 est
662 2458 1053 2527 disciplincsseclcsiasticce
1079 2457 1109 2511 in
1131 2472 1235 2527 genere
1260 2455 1385 2511 Christus
1409 2455 1485 2527 loqui
1512 2455 1684 2527 intelligatur
1708 2455 1745 2511 de
1768 2455 1915 2528 quibusvis

87 2557 177 2598 αιιαο.
220 2544 442 2600 administratio.
476 2544 715 2608 Quemadmodum
735 2544 764 2598 in
783 2544 880 2600 ordine
896 2542 1010 2614 politico
1025 2548 1054 2597 et
1080 2542 1188 2598 delictis
1212 2544 1337 2613 proximo
1363 2542 1474 2597 conscio
1497 2541 1633 2596 admissis.
1677 2544 1703 2598 2.
1722 2543 1759 2595 In
1775 2543 1830 2596 hoc
1848 2543 1915 2615 ipsa

219 2630 410 2695 oeconomico,
438 2631 480 2685 ita
505 2647 616 2701 quoque
642 2631 671 2684 in
696 2629 883 2686 eeclesiastico
905 2630 1054 2700 requiritur
1078 2631 1194 2699 priuata
1217 2628 1366 2698 revesctq'
1380 2630 1475 2682 dehita
1500 2630 1660 2683 adhibenda
1688 2635 1728 2683 est
1747 2631 1913 2699 prudentia.

219 2720 296 2770 certa
315 2715 476 2786 disciplina,
501 2714 608 2786 absque
626 2733 682 2786 qua
702 2721 735 2770 ut
754 2716 811 2771 iilic
829 2715 934 2770 subditi
952 2731 985 2769 ac
1005 2715 1052 2769 do·
1080 2715 1133 2778 Qui
1166 2715 1239 2769 enim
1273 2733 1307 2770 ex
1331 2715 1488 2786 ignorantia
1515 2715 1561 2770 rel
1592 2715 1753 2771 infirmitate
1780 2715 1914 2785 peccarit,

217 2802 339 2869 mestici,
356 2801 397 2857 ita
410 2803 455 2856 hic
473 2802 613 2856 auditores
634 2802 662 2857 in
683 2801 776 2856 officio
795 2803 929 2857 contineri
950 2817 1051 2872 neque·
1079 2801 1120 2854 illi
1144 2801 1248 2856 sufficit
1274 2802 1379 2858 blanda
1397 2802 1548 2857 admonitio
1567 2818 1630 2856 cum
1662 2802 1851 2858 exhortatione
1877 2801 1914 2856 ad
1955 2868 1959 2874 Ι

215 2896 275 2944 unt.
316 2890 460 2958 Objcctnm
479 2887 642 2958 disciplinae
661 2888 866 2944 ecclesiasticae
884 2896 950 2944 sunt
967 2887 1052 2943 homi·
1080 2888 1217 2942 cavendos
1234 2888 1342 2942 tuturos
1354 2890 1457 2959 lapsus,
1477 2888 1527 2943 sed
1541 2889 1588 2959 qui
1607 2905 1641 2945 ex
1661 2888 1767 2944 malitia
1777 2890 1914 2959 peccarit,

216 2992 267 3031 nes
297 2976 326 3029 in
358 2976 471 3030 domum
501 2975 554 3029 Dei
586 2991 619 3030 ac
643 2975 776 3030 familiam
804 2974 907 3029 Christi
939 2973 1054 3049 recepti,
1079 2975 1103 3027 is
1123 2973 1252 3028 severiori
1270 2974 1453 3044 castigatione
1470 2974 1648 3045 excipiendus
1666 2981 1716 3030 est.
1747 2973 1913 3030 Ambrosius

216 3059 422 3134 ἂμαριάνονιες
444 3060 542 3116 Matth.
564 3066 610 3125 18,
629 3077 656 3113 v.
679 3067 723 3116 ¹5:
753 3061 788 3114 ss·
800 3061 963 3130 peccaverit
979 3062 1009 3114 s'n
1027 3068 1053 3115 tc
1078 3060 1126 3115 lib.
1150 3065 1174 3117 8.
1192 3059 1221 3113 in
1233 3058 1318 3114 Luc:
1336 3061 1409 3114 Plus
1428 3061 1541 3130 proficit
1557 3062 1650 3113 amica
1666 3061 1808 3128 correptio
1827 3078 1913 3131 gisam

215 3148 311 3212 frater
330 3153 411 3214 λαιισ,
435 3146 631 3216 praeoccupati
650 3145 744 3216 aliquo
769 3146 970 3220 παραπιώματι
989 3146 1053 3203 Gal.
1078 3145 1239 3199 turbulenta
1258 3147 1416 3214 αοοιιοσίίο,
1433 3146 1489 3200 illa
1504 3148 1643 3215 pudorem
1660 3147 1766 3214 incutit,
1784 3147 1855 3201 haec
1872 3148 1914 3200 in-

217 3239 252 3302 t,
269 3252 297 3286 v.
319 3238 341 3287 1.
361 3232 409 3303 qui
428 3230 629 3302 redarguendi,
653 3230 821 3302 objurgandi
840 3235 869 3285 et
886 3231 1052 3302 corrigendi,
1079 3232 1271 3300 dignationem
1306 3239 1402 3286 mouet.
1458 3230 1558 3303 Neque
1590 3232 1620 3285 in
1656 3231 1710 3286 hac
1749 3231 1914 3302 disciplinae

217 3318 297 3373 utin
310 3318 384 3373 viam
401 3317 518 3373 redeant
534 3324 563 3372 et
575 3318 659 3387 juxta
678 3315 754 3372 verbi
774 3316 974 3387 praescriptum
991 3317 1051 3372 offi·
1078 3317 1282 3373 ecclesiasticae
1310 3317 1547 3374 administratione
1569 3317 1685 3389 privatis
1710 3316 1913 3389 indulgendum

217 3406 291 3460 cium
304 3404 511 3459 suumfaciant.
536 3400 619 3458 Tales
635 3403 734 3473 lapsus
744 3408 810 3457 sunt
821 3402 963 3472 duplices:
978 3404 1052 3460 eirca
1078 3409 1120 3458 est
1143 3403 1288 3459 affectrbus
1316 3410 1338 3460 t.
1357 3403 1428 3459 Tim.
1455 3408 1594 3472 5,r.21.
1628 3403 1678 3459 sed
1701 3402 1737 3457 ad
1757 3405 1828 3475 lapsi
1848 3421 1912 3460 eon·

219 3492 372 3547 doctrinam
380 3490 1052 3561 eteireamores.Lapsuscircadoctrs'namestsr·
1078 3491 1231 3545 versionem
1262 3497 1291 3545 et
1318 3488 1452 3544 salutem
1469 3490 1546 3544 velut
1574 3489 1611 3543 ad
1646 3489 1760 3544 unicum
1798 3506 1912 3561 scopum

218 3578 299 3632 rorin
312 3577 497 3648 dogmatibus,
513 3577 560 3650 qui
573 3577 617 3633 rel
625 3596 657 3633 ex
666 3577 786 3648 simplici
798 3577 956 3648 ignorantia
965 3578 1052 3631 oritur
1079 3579 1171 3631 omniu
1196 3577 1361 3648 dirigantur.
1406 3579 1433 3629 3.
1456 3576 1574 3629 Publice
1593 3583 1745 3645 peccorstes
1775 3584 1802 3629 et
1828 3577 1913 3646 lapsu

218 3678 308 3733 neque
325 3664 504 3732 conjunctam
521 3663 607 3719 habet
622 3663 813 3735 pertinaciam,
831 3663 876 3717 vel
894 3680 927 3718 sx
946 3665 1052 3719 malitia
1078 3682 1128 3717 ruo
1144 3664 1289 3735 publicum
1317 3662 1486 3716 scandulum
1511 3663 1666 3716 exhibentes
1685 3662 1802 3731 publice
1829 3663 1913 3717 αίίοκπ

218 3753 246 3803 et
263 3746 440 3817 improbitate
459 3748 593 3819 originem
613 3748 698 3804 habet
714 3756 742 3804 et
759 3754 898 3805 contemto
919 3750 1051 3805 ecelesiae
1079 3751 1243 3818 corrigendi
1260 3756 1333 3802 sunt.
1361 3753 1383 3803 1.
1409 3747 1481 3802 Tim
1502 3754 1531 3818 5,
1555 3766 1581 3802 v.
1600 3753 1648 3804 20:
1671 3755 1820 3818 peccantes
1838 3750 1914 3817 (eum

215 3833 323 3905 judicio
344 3851 377 3888 ex
397 3833 548 3903 scripturis
566 3835 674 3904 prolato
687 3835 865 3906 pertinaciter
885 3836 1052 3906 detenditur,
1079 3834 1190 3905 publico
1210 3835 1318 3889 seilicet
1334 3834 1478 3901 scandalo)
1501 3851 1597 3888 coram
1622 3834 1748 3888 erunibus
1767 3852 1864 3903 orgus,
1883 3843 1914 3888 nt

218 3935 275 3988 qua
295 3918 402 3972 ratione
429 3919 457 3973 in
485 3918 613 3974 haeresin
637 3921 795 3992 degenerat.
839 3922 949 3993 Lapsus
973 3924 1051 3977 cirea
1078 3929 1104 3975 et
1134 3920 1220 3975 οσλονι·
1245 3921 1371 3975 ammom
1398 3921 1527 3977 habeant.
1572 3919 1634 3975 Gal.
1666 3925 1697 3984 2,
1724 3937 1751 3973 v.
1782 3922 1821 3976 14.
1849 3937 1913 3976 cum

217 4021 308 4060 morea
332 4011 375 4059 est
399 4004 530 4059 delictum
555 4004 668 4076 aliquod
694 4007 768 4061 vitae
792 4008 883 4063 verbis
903 4015 952 4063 aut
971 4007 1051 4064 iactis
1079 4008 1182 4061 Paulus
1211 4006 1332 4070 vidae,
1364 4005 1480 4061 Petrum
1510 4004 1623 4076 publice
1653 4021 1784 4076 peccare,
1817 4024 1913 4061 eoram

218 4090 410 4159 commissum,
439 4096 536 4161 estque
567 4089 612 4146 rel
635 4092 795 4160 pubiicum,
826 4094 870 4149 vei
898 4095 1050 4164 privatum.
1079 4095 1204 4148 omnibas
1222 4093 1300 4148 illum
1322 4093 1508 4163 reprehendit.
1551 4092 1671 4147 ”Circa
1695 4097 1810 4162 peccata
1826 4092 1914 4164 igitur

218 4176 366 4233 Publicum
386 4176 461 4246 quod
478 4177 523 4231 vel
534 4177 627 4247 palam
648 4184 757 4249 gestum
768 4179 813 4233 vei
831 4179 942 4249 publice
955 4187 1049 4235 notum
1078 4179 1305 4250 reprehendenda
1316 4196 1372 4234 non
1382 4196 1454 4233 unns
1466 4177 1596 4247 idemque
1606 4178 1695 4234 teneri
1707 4178 1793 4234 debet
1805 4178 1912 4234 modus.

218 4269 248 4320 et
271 4280 334 4318 eum
361 4261 508 4317 manifesto
532 4262 664 4317 scandalo
692 4265 886 4333 conjunctum
912 4265 1051 4336 privatum
1078 4266 1143 4320 Alia
1161 4271 1256 4336 aperte
1273 4271 1302 4320 et
1319 4264 1390 4319 viris
1409 4264 1547 4319 coloribus
1561 4264 1747 4336 depingenda,
1767 4266 1823 4320 alia
1838 4270 1913 4321 tecte

218 4351 294 4424 quod
319 4349 427 4406 occulte
452 4353 658 4419 perpetratum,
690 4351 770 4419 cujus
794 4368 866 4404 unus
898 4351 944 4406 vel
969 4353 1050 4422 pauci
1078 4351 1305 4423 perstringenda,
1340 4367 1456 4422 quorum
1489 4351 1644 4406 accuratior
1678 4351 1826 4423 descriptio
1856 4367 1912 4406 uon

219 4438 355 4493 duntaxat
378 4434 481 4490 conscii
507 4441 585 4500 sunt,
613 4453 665 4491 nee
689 4453 763 4515 cum·
769 4436 883 4507 publico
902 4444 930 4493 et
946 4441 1051 4495 notorio
1078 4438 1215 4494 neminem
1233 4438 1270 4492 ad
1288 4438 1468 4493 imitationem
1487 4437 1650 4507 instrueret3
1668 4437 1725 4492 aha
1742 4436 1839 4506 lenius,
1857 4437 1914 4493 alia

219 4523 349 4578 scandalo
378 4522 556 4593 conjunctum
583 4526 633 4576 est.
669 4521 826 4593 Utrumque
850 4525 895 4578 vel
911 4540 952 4579 ,ex
973 4526 1051 4597 igno-
1078 4524 1183 4593 acrius3
1211 4540 1283 4596 quae
1309 4523 1401 4578 omnia
1425 4523 1509 4578 certis
1531 4522 1634 4594 regulis
1653 4522 1850 4593 comprehendi
1866 4525 1914 4578 vix

218 4610 309 4664 rantia
332 4608 378 4663 rel
405 4607 564 4663 infirmitate
590 4608 636 4662 vei
665 4608 773 4662 malitia
800 4616 842 4664 est
866 4611 1050 4669 commissum.
1079 4616 1209 4681 possunt,
1236 4611 1286 4665 sed
1313 4609 1478 4681 prudentiae
1503 4616 1531 4665 et
1557 4608 1623 4664 fidei
1639 4607 1759 4678 pastoris
1777 4614 1913 4681 tunquam

221 4694 361 4750 Correctio
375 4693 528 4748 instituitur
546 4694 590 4749 vel
609 4693 721 4765 publice
740 4712 831 4750 coram
850 4697 987 4768 omnibus,
1007 4701 1049 4755 vel
1080 4696 1234 4751 animarum
1253 4696 1353 4751 medici
1372 4694 1570 4767 relinquenda,
1588 4694 1757 4768 qui-quibus
1774 4694 1844 4751 baec
1867 4697 1914 4752 vel

218 4779 361 4852 privatim,
386 4797 420 4835 ac
438 4787 547 4851 spectat
564 4780 609 4835 vel
632 4796 718 4834 unum
742 4779 862 4851 aliquem
892 4783 1051 4855 delinquen·
1078 4783 1125 4838 iiia
1149 4782 1328 4850 conveniant,
1353 4798 1434 4837 nosse
1451 4788 1549 4839 exacte
1574 4782 1658 4838 debet
1680 4785 1709 4836 et
1733 4786 1766 4836 ut
1789 4783 1914 4851 prudens

217 4872 274 4923 tem
298 4865 327 4919 in
349 4865 449 4935 specie,
476 4867 520 4921 vel
544 4866 730 4937 promiscuum
754 4866 910 4922 auditorum
934 4877 1051 4938 coetum,
1078 4871 1243 4925 architectus
1268 4885 1301 4923 ac
1325 4868 1398 4924 fidus
1426 4868 1601 4942 dispensator
1639 4875 1661 4924 1.
1679 4867 1741 4924 (λοι.
1772 4874 1800 4937 3,
1823 4886 1850 4924 v.
1872 4875 1912 4926 to.

218 4952 276 5008 sive
302 4951 428 5011 παιδείας
452 4952 481 5006 in
505 4969 615 5023 genere.
663 4953 781 5008 Gradus
799 4954 975 5009 correctionis
994 4960 1050 5011 tres
1077 4974 1100 5011 c.
1121 4962 1146 5025 1,
1164 4973 1192 5009 v.
1213 4961 1234 5010 1.
1253 4959 1410 5026 opportune
1429 4963 1457 5013 et
1473 4956 1631 5029 importune
1648 4953 1778 5009 instando
1798 4959 1823 5012 t.
1841 4955 1913 5010 Tim

218 5044 296 5094 sunt:
322 5043 344 5092 1.
363 5043 511 5107 νουθεσία,
534 5040 780 5108 commonefactio,
805 5055 839 5094 ac
863 5038 986 5114 ἐπιιιμίιι
1003 5036 1065 5096 seu'
1079 5049 1104 5109 4,
1122 5060 1146 5097 v.
1167 5047 1191 5097 2.
1208 5041 1391 5098 adhibere.ii
1431 5049 1455 5099 4.
1475 5044 1508 5098 In
1533 5043 1645 5115 publiea
1663 5045 1798 5109 νουθεσίᾳ
1815 5040 1911 5097 itidem

220 5125 383 5197 λπιιίμησις,
402 5121 562 5196 objurgatio
581 5141 615 5180 ac
633 5124 800 5196 increpatio,
819 5127 846 5180 2.
868 5107 1064 5207 coronarunt-i
1077 5126 1226 5197 prudentia
1234 5126 1393 5182 adhibenda
1404 5135 1455 5193 est,
1467 5146 1502 5183 ne
1511 5130 1625 5183 secedat
1636 5127 1778 5181 medicina
1789 5129 1912 5183 modium.

219 5212 293 5264 ectio
311 5209 419 5278 minor,
444 5224 517 5279 quae
542 5216 584 5265 cst
608 5210 751 5282 suspensio
770 5210 807 5265 ab
824 5227 877 5265 usu
895 5227 998 5266 coenae
1015 5213 1050 5266 ad
1062 5220 1065 5289 ξ
1077 5212 1251 5284 Augustinus
1276 5214 1357 5284 epist.
1382 5220 1424 5270 64.
1448 5215 1485 5270 ad
1503 5211 1647 5266 Aurelium
1674 5214 1819 5267 amaritate
1842 5230 1913 5283 erga

218 5300 341 5367 tempus3
384 5302 408 5351 3.
436 5296 681 5350 snconmnns'cats'o
707 5298 815 5367 major,
850 5313 906 5367 qna
930 5297 992 5366 quis
1019 5315 1052 5353 ex
1074 5305 1194 5369 peccata
1222 5317 1377 5369 paucorum
1402 5300 1535 5354 mendam
1568 5311 1626 5349 csse
1659 5297 1773 5366 suadet,
1798 5301 1852 5353 esd
1882 5303 1912 5354 s'n

220 5381 354 5438 ecclesiae
367 5381 558 5439 communione
576 5382 693 5452 ejicitur.
729 5381 967 5448 Quemadmodum
978 5383 1053 5439 enim
1079 5385 1204 5455 delictis,
1231 5402 1301 5456 σασα
1328 5394 1416 5441 totam
1443 5382 1652 5438 multitudinem
1679 5385 1844 5440 invaserunt
1876 5400 1912 5441 ue

220 5466 250 5524 in
263 5467 296 5523 V.
307 5467 340 5523 T.
358 5466 460 5538 leprosi
486 5474 515 5522 et
532 5467 668 5522 immundi
687 5485 720 5523 ex
744 5470 843 5524 cubis
862 5469 1051 5525 Isratlitarum
1078 5472 1152 5526 ceint
1176 5471 1206 5526 in
1233 5488 1324 5528 mores
1350 5471 1492 5536 obierum,
1521 5465 1561 5520 sic
1581 5468 1689 5526 scribit:
1724 5472 1791 5526 Non
1809 5463 1911 5542 uapore
