4020 6014
596 279 648 335 DE
667 278 892 338 MINISTERIO
909 279 1212 341 Eocmslas'nco.
1689 292 1750 354 238

59 433 122 487 raia
140 441 168 487 et
185 441 249 487 tunc
262 435 383 502 placuit.
420 437 460 490 Et
478 436 553 490 idem
570 436 723 504 inpeminat
741 454 776 489 ac
793 437 894 508 repetit
919 434 967 505 qui
985 453 1097 493 uxorem
1119 438 1203 509 ducit,
1222 456 1256 495 ac
1268 442 1347 513 qnasi
1365 441 1448 498 liceat
1467 459 1597 514 sponsum
1616 460 1634 498 a
1652 459 1754 514 sponse

59 520 168 575 dicent:
198 521 237 573 Et
257 521 384 590 placuit,
410 530 562 592 postquam
583 522 693 591 penuit;
724 530 754 576 ut
776 524 893 592 nequir
919 521 1093 589 abstrahere,
1113 542 1175 580 cum
1192 532 1285 583 tamen
1303 528 1381 584 Deus
1400 529 1588 601 praeceperit,
1607 529 1697 585 virum
1716 530 1752 585 ab

57 605 218 675 arbitretur,
242 607 415 662 obaeratum
437 608 547 662 amuis
564 624 622 662 erse
639 609 808 678 conjupium.
849 607 893 663 De
919 625 1003 664 uxore
1029 627 1083 665 non
1108 613 1230 684 separari
1257 619 1278 670 1.
1298 612 1360 671 Cor.
1381 621 1411 685 7,
1434 634 1461 674 v.
1491 621 1531 674 10.
1568 615 1648 671 Idem
1668 617 1751 673 etiam

56 691 155 749 Nosho
181 692 211 747 in
229 693 327 749 eadem
353 692 446 749 homil.
471 695 662 767 subjungitur:
696 695 766 750 Vide
793 695 894 750 r'terum
919 694 1081 766 figmentum
1099 700 1284 773 evangelistas
1303 701 1433 773 injuriam
1450 702 1519 759 iacit
1536 720 1570 759 aa
1587 701 1673 759 fidem
1691 707 1751 776 ejus

56 781 146 834 alium
157 781 268 850 jactum
287 798 349 834 cum
369 798 454 836 auore
466 789 491 836 et
503 782 586 852 filiis,
605 782 735 852 quidone
749 783 894 852 operando
919 780 1073 838 indubium
1085 792 1173 855 vocat,
1196 787 1339 842 nonenim
1351 787 1522 844 haereticae
1535 789 1639 860 nuptiis
1657 795 1750 846 aucto·

52 865 167 938 placuit
185 868 248 920 Deo
272 875 297 920 ct
317 860 510 938 dicplicentem
535 868 661 923 omnibus
685 869 797 923 virtutis
820 868 894 921 mam
919 866 1029 924 ritatem
1048 872 1228 944 conciliasset,
1246 873 1270 928 si
1290 874 1415 930 Christus
1436 892 1483 932 eas
1499 876 1529 930 in
1546 876 1607 948 Ipso
1625 877 1752 932 damnes·

56 952 156 1023 clepit,
179 960 206 1006 et
223 969 311 1022 neque
328 955 444 1024 nuptiis,
469 969 557 1023 neque
577 955 701 1020 tiliorum
727 954 892 1009 educatione
920 961 970 1009 set.
1009 956 1068 1012 Nee
1088 959 1252 1015 vetustiores
1269 967 1362 1032 patres
1378 961 1460 1033 hujus
1480 963 1661 1033 separationis
1678 980 1752 1019 meu-

50 1039 214 1110 prolilitur
244 1047 294 1093 ert.
335 1040 424 1094 Index
451 1044 593 1112 expurget.
638 1040 770 1112 Belgicus
795 1058 823 1113 p.
852 1047 892 1097 27.
919 1039 1022 1096 tionem
1047 1042 1168 1115 iaciunt,
1201 1047 1250 1102 sed
1276 1047 1369 1118 potius
1389 1048 1554 1120 dignitatem
1575 1049 1698 1121 conJugii
1719 1067 1751 1104 cr

55 1125 179 1181 intonat:
199 1126 357 1196 Prophetae
374 1127 734 1192 omnerunorerltalruicee,
754 1143 786 1181 ea
799 1127 893 1182 indice
919 1125 1034 1184 historia
1060 1129 1204 1203 eolligunt
1242 1131 1418 1206 Augustinus
1451 1141 1531 1190 tract.
1560 1141 1583 1192 8.
1616 1135 1645 1190 in
1676 1135 1752 1192 doh:

58 1212 248 1281 (irproncmi
270 1212 408 1267 deleatur.
443 1212 521 1268 Idem
544 1212 630 1268 habet
648 1213 730 1268 index
749 1218 892 1287 expurget.
924 1213 1022 1284 Utique
1039 1218 1081 1270 ad
1098 1219 1181 1288 cujac
1197 1222 1320 1291 nuptiae,
1340 1229 1371 1275 ut
1389 1239 1437 1276 eac
1454 1223 1612 1293 honoraret,
1630 1229 1752 1286 uenerat,

55 1298 174 1370 Hispan.
193 1317 220 1371 p.
238 1305 293 1355 169.
313 1299 362 1355 sed
389 1316 438 1355 our
459 1301 487 1354 in
515 1300 607 1356 indice
630 1307 807 1373 expungunt,
830 1318 892 1356 cum
919 1300 1020 1355 ieideo
1031 1305 1151 1359 ducebat
1164 1323 1285 1378 morem,
1302 1315 1333 1360 ut
1338 1308 1422 1377 filios
1430 1317 1605 1377 procrearet.
1618 1325 1698 1363 serm.
1712 1315 1753 1364 11.

56 1393 149 1442 textus
170 1391 258 1442 exstet
276 1386 394 1442 disertus
412 1388 487 1459 apud
500 1387 725 1460 chrysostomum
736 1387 829 1443 homil.
850 1393 891 1443 56.
919 1386 954 1442 de
971 1392 1070 1460 temps
1090 1391 1229 1458 Interfuit
1247 1394 1362 1464 nuptiie,
1381 1402 1412 1448 ut
1428 1395 1598 1449 concordiae
1617 1395 1686 1464 jura
1704 1397 1751 1462 ir·

56 1474 85 1527 in
114 1472 231 1530 Matthz
260 1475 419 1545 Prophetae
446 1491 540 1529 omner
569 1483 595 1529 et
622 1478 719 1530 domos
741 1484 768 1530 et
792 1492 892 1529 uxorea
918 1484 1021 1541 maret,
1046 1477 1180 1544 interfuit
1203 1481 1311 1550 nuptiis
1329 1487 1356 1535 et
1377 1482 1617 1536 commearatr'ones
1635 1470 1690 1538 non
1710 1500 1751 1536 re·

56 1560 210 1629 habebant,
235 1562 306 1615 ricut
330 1563 438 1616 Eaaiar
465 1571 491 1616 et
512 1563 641 1617 Ezechiel
665 1569 690 1617 et
710 1563 825 1616 enimiut
842 1561 892 1616 ille
919 1562 980 1614 nuit
1004 1565 1181 1635 nuptiarum,
1211 1573 1242 1619 ut
1264 1567 1393 1637 pruinae
1419 1576 1446 1622 et
1471 1576 1604 1639 tympana
1628 1571 1669 1623 ad
1694 1569 1753 1624 Dei

58 1646 182 1717 Moyeea,
216 1655 242 1702 et
269 1647 342 1702 nilil
374 1649 439 1703 linc
465 1650 569 1733 ,uirtuti
593 1667 687 1705 eonem
715 1649 773 1714 fuit
807 1648 891 1718 impe·
918 1647 1017 1702 Patria
1037 1649 1160 1716 gloriam
1185 1655 1397 1721 prouomndam
1428 1655 1587 1709 coucdaret.
1633 1654 1753 1726 (tyrillus

58 1734 188 1788 elimenta.
245 1734 322 1789 ldem
357 1734 386 1789 in
422 1752 502 1793 serm.
541 1736 580 1801 ,de
617 1753 717 1809 evang.
770 1735 893 1806 Nuptiae
919 1733 967 1788 lib.
986 1741 1010 1790 2.
1029 1734 1058 1788 iu
1075 1735 1138 1792 Joh.
1157 1754 1181 1793 c.
1202 1743 1249 1796 22:
1268 1739 1392 1794 Honecte
1410 1740 1556 1795 calametis
1574 1741 1680 1811 nuptiis
1697 1749 1753 1795 tam
1767 1743 1822 1786 ¹11¹·
1834 1743 1879 1787 ¹⁷⁴·

56 1822 154 1885 factae
170 1824 303 1876 runttom
316 1827 340 1878 5.
358 1838 448 1892 open:
470 1823 520 1877 Via
537 1839 710 1893 copnorcere,
728 1825 805 1893 quod
821 1820 892 1875 nihii
920 1828 1018 1890 mater,
1044 1838 1129 1891 mam
1155 1823 1216 1894 ipse
1231 1825 1364 1880 inuitatur
1388 1830 1481 1896 adest,
1511 1836 1541 1881 ut
1564 1836 1696 1899 quantum
1714 1830 1755 1881 ad

61 1914 139 1962 nocet
166 1908 266 1962 tatae
296 1925 411 1963 uxoren
439 1927 473 1962 ac
498 1910 624 1965 liberati
658 1911 773 1980 Meysen
802 1925 892 1963 nonne
919 1924 1032 1961 carnem
1050 1909 1209 1964 natiuitatie
1226 1919 1339 1966 nostrae
1357 1913 1533 1984 principium
1558 1914 1754 1980 sanctificaret.

58 2011 170 2048 uxorem
190 1994 286 2048 tabuit
306 2003 332 2048 et
350 1995 472 2050 liberari
490 1997 696 2051 Heliarnonne
713 1997 792 2065 uirpo
811 1998 893 2049 uati
923 1994 998 2057 Quia
1015 1996 1087 2050 enim
1105 1996 1135 2049 in
1154 1997 1300 2053 deteritur
1316 2016 1423 2070 parere
1445 2000 1526 2069 filios
1548 2003 1591 2055 ad
1612 2001 1756 2055 mulierem

57 2098 149 2136 nonne
167 2081 280 2150 Mopece
297 2100 402 2136 manna
420 2101 434 2137 e
453 2084 529 2138 coelo
555 2085 697 2138 adduxit!
723 2100 813 2138 nonne
834 2083 891 2136 He·
915 2090 1035 2154 propter
1050 2092 1196 2153 peccatum
1214 2085 1320 2140 dictum
1335 2087 1403 2156 fuit,
1426 2089 1563 2158 momoria
1584 2089 1668 2142 aliter
1686 2089 1755 2142 isaeo

56 2167 114 2222 liae
133 2168 224 2238 ipnem
244 2170 279 2222 de
298 2169 375 2223 coeio
395 2169 534 2223 dedunt!
562 2187 652 2223 nonne
670 2170 784 2238 Moyseo
801 2177 892 2223 cotur-
920 2170 1090 2238 depellenda
1111 2171 1274 2226 maledictio
1293 2180 1365 2239 erat,
1388 2191 1422 2227 ne
1441 2175 1625 2229 condemnata
1644 2176 1755 2248 nrqrtia-

58 2254 133 2307 nien
157 2255 294 2308 aduolare
318 2255 410 2320 fecit!
438 2273 530 2310 nonne
559 2255 661 2310 Heliae
688 2257 770 2310 verbo
788 2257 893 2310 coelum
919 2274 982 2310 rum
1008 2258 1194 2312 sanctimonia
1217 2259 1360 2314 uideretur
1386 2277 1470 2330 queam
1491 2259 1651 2316 Saloutaria
1670 2279 1756 2333 praej

59 2340 182 2394 clarecit!
207 2358 295 2395 nonne
314 2343 411 2410 Mopsi
428 2344 508 2396 Deua
531 2343 642 2397 locutae
661 2345 723 2397 esti
755 2359 846 2397 nonne
867 2350 893 2396 et
919 2342 1032 2397 centia!
1058 2342 1271 2416 chrysostomus
1290 2346 1320 2402 in
1339 2364 1419 2405 serm.
1442 2348 1476 2403 de
1496 2364 1592 2420 evang.
1629 2347 1755 2418 Nuptiae

59 2445 120 2503 cum
139 2426 211 2481 Elia
229 2436 407 2481 convertatur
428 2431 489 2483 eati
518 2448 556 2484 an
583 2429 678 2483 nocuit
698 2429 761 2483 huic
778 2430 892 2499 uirpini-
915 2432 1014 2497 sactae
1035 2437 1114 2484 sunt:
1147 2432 1266 2487 Vocatur
1284 2441 1323 2488 est
1342 2435 1428 2488 Jeeus
1446 2436 1489 2488 ad
1504 2434 1626 2505 nuptiae.
1670 2433 1756 2504 Venit,

58 2516 124 2568 tasi
154 2531 191 2566 an
216 2514 411 2585 impedimento
432 2515 480 2569 rili
502 2517 620 2580 fuerunt
644 2534 715 2570 uuor
740 2524 767 2570 et
791 2517 893 2571 liberii
920 2516 963 2571 rel
981 2535 1037 2571 non
1061 2520 1157 2573 ueniti
1183 2528 1296 2592 certum,
1325 2523 1403 2592 quod
1420 2523 1500 2576 uenit.
1541 2520 1650 2584 Quadri
1675 2521 1756 2589 uenit,

60 2599 225 2673 Excipiunt,
254 2602 411 2672 prophetae
433 2605 601 2673 nonjustae
624 2604 803 2674 terrificare,
828 2607 893 2659 ideo
920 2606 1057 2673 womodo
1076 2623 1141 2675 erpo
1160 2608 1277 2676 nuptias
1296 2608 1413 2662 malasi
1437 2626 1494 2661 non
1510 2614 1593 2678 poter
1614 2623 1755 2662 excusare.

58 2689 266 2743 matrimonium
283 2689 344 2743 illia
363 2689 490 2744 relictum
506 2691 598 2754 fnisse
609 2691 734 2745 liber-um.
768 2690 893 2763 Respon·
920 2691 984 2759 Epo
997 2699 1090 2746 autem
1104 2711 1160 2748 non
1171 2693 1243 2764 dico,
1261 2696 1339 2764 qued
1352 2702 1460 2749 tamum
1472 2693 1585 2763 uenerit,
1605 2692 1755 2747 sedetiam

58 2777 171 2832 demus:
189 2793 245 2830 non
262 2775 312 2831 soli
329 2775 496 2848 prophetae,
516 2777 565 2833 sed
585 2777 668 2832 etiam
688 2778 844 2834 sacedotes
864 2779 893 2834 in
919 2778 997 2847 quod
1020 2779 1096 2832 dona
1117 2795 1210 2833 cecum
1236 2780 1371 2835 adulerit.
1407 2781 1521 2850 Aquam
1540 2781 1570 2833 in
1588 2779 1681 2833 cinam
1698 2797 1756 2834 mu·

59 2862 191 2936 conjugio
215 2864 354 2930 vtxerunt,
389 2864 512 2936 quinimo
535 2863 613 2920 Deus
641 2881 798 2936 expressam
822 2866 894 2922 ordi·
920 2863 997 2921 tavit.
1032 2867 1077 2918 Ne
1109 2883 1221 2921 annuet
1249 2873 1275 2921 te
1306 2874 1425 2940 propter
1454 2867 1578 2938 nuptiae.
1615 2866 1756 2921 Dominum

58 2948 199 3006 audonem
217 2951 375 3023 proposuit,
398 2951 473 3025 quod
492 2953 619 3008 sacerdos
637 2952 775 3025 virginem
793 2952 895 3009 debeat
919 2959 983 3005 tune
999 2953 1107 3023 nuptiis
1127 2954 1258 3021 interfuit
1276 2961 1301 3008 ct
1319 2961 1349 3008 tu
1367 2955 1482 3025 nuptias
1506 2955 1604 3023 arpuis
1630 2961 1656 3008 et
1675 2953 1755 3022 dicis,

58 3038 174 3106 ducere,
197 3036 263 3094 Lev.
284 3044 332 3109 21,
357 3056 382 3095 r,
405 3044 444 3095 14.
462 3040 541 3111 eujus
559 3041 599 3095 rei
615 3039 698 3094 Philo
716 3039 764 3096 lib,
786 3039 820 3094 de
837 3056 893 3094 mo·
919 3037 1033 3107 nuptiae
1054 3055 1112 3094 esre
1131 3032 1303 3095 obataeulum
1323 3044 1365 3096 ad
1377 3043 1529 3112 pietatem,
1554 3040 1663 3094 nullum
1680 3039 1753 3092 enim

58 3123 174 3179 narchie
191 3124 280 3179 varias
298 3124 380 3180 affert
396 3125 526 3192 rationes,
544 3125 594 3180 sed
608 3126 779 3198 peregrinas,
798 3125 894 3198 procul
921 3125 962 3177 ad
987 3126 1123 3193 pietatem
1155 3136 1195 3182 eet
1223 3128 1404 3192 obstaculum,
1442 3126 1485 3182 Ex
1509 3125 1609 3200 quibus
1638 3131 1753 3194 constat,

58 3210 145 3266 dubio
170 3216 312 3282 respectus
336 3210 389 3267 fuit
413 3211 524 3268 habitus
548 3213 585 3268 ad
614 3211 755 3268 Christum
782 3211 894 3268 unicum
920 3216 1055 3284 quantum
1081 3213 1147 3268 fidei
1164 3213 1275 3270 Ahdiae
1302 3214 1343 3269 illi
1371 3213 1469 3269 fictitio
1495 3213 1531 3268 sit
1558 3211 1753 3280 tribuendum,

58 3296 93 3353 N.
113 3295 146 3351 T.
166 3297 350 3363 sacerdotem,
375 3299 454 3370 eujus
472 3316 575 3372 sponsa
593 3300 711 3356 ecclesia
728 3298 793 3356 fidei
812 3299 895 3372 virgi·
922 3298 1013 3354 editus
1039 3305 1082 3355 est
1109 3300 1156 3355 rlle
1173 3299 1244 3356 liber
1272 3307 1338 3356 ante
1362 3317 1449 3356 annos
1476 3318 1531 3355 nou
1557 3298 1597 3354 ita
1619 3297 1756 3352 multosa

59 3383 146 3439 nitate
165 3383 248 3440 debet
266 3403 326 3441 esse
344 3385 493 3458 conspicua
516 3392 539 3442 2.
565 3385 626 3443 Cor.
648 3392 686 3456 ll,
704 3403 729 3440 v.
750 3391 774 3441 2.
811 3385 894 3441 Prae·
920 3384 1036 3459 Wolffg.
1055 3385 1141 3442 Lazio
1169 3391 1197 3442 et
1220 3387 1352 3458 proponit
1379 3385 1489 3442 fabulas
1512 3386 1548 3441 de
1575 3382 1757 3440 interfectae

58 3477 136 3526 terea
160 3488 212 3526 nco
232 3472 267 3530 N.
289 3471 323 3528 T.
350 3473 466 3528 ministri
494 3472 599 3528 habent
616 3473 758 3544 peculiare
782 3472 895 3545 aliquod
920 3470 999 3526 leone
1022 3489 1069 3539 eo,
1096 3472 1143 3544 qui
1161 3470 1297 3527 Thomam
1321 3477 1509 3543 percusserat,
1536 3472 1572 3527 de
1599 3487 1681 3540 cane,
1708 3469 1756 3543 qui

59 3562 203 3612 externum
229 3557 403 3628 sacrificium,
428 3558 464 3614 ob
490 3561 570 3631 cujus
596 3559 859 3616 administrationem
878 3575 896 3615 a
920 3558 1043 3628 ejusdem
1062 3558 1115 3621 viri
1133 3574 1244 3613 manum
1269 3558 1305 3614 ad
1331 3574 1454 3613 mensam
1477 3558 1585 3624 attulit,
1610 3558 1646 3613 de
1669 3556 1755 3612 Maxi·

61 3644 191 3716 conjugio
209 3644 349 3700 abstinere
374 3645 500 3701 debeant
539 3645 668 3718 Denique
692 3646 814 3702 officium
833 3663 896 3718 pro·
921 3643 998 3698 milla
1016 3645 1112 3716 Egetis
1131 3645 1250 3717 conjuge
1270 3651 1322 3700 etc.
1347 3661 1419 3717 quas
1440 3643 1615 3717 Augustinus
1643 3643 1677 3698 de
1701 3641 1756 3697 tide

60 3729 208 3802 phetamm
226 3730 280 3787 fuit
297 3748 360 3787 vere
379 3731 501 3786 divinum
521 3738 549 3788 et
573 3739 716 3800 sanctum,
740 3733 809 3788 illud
829 3748 895 3804 ergo
922 3735 1018 3786 contra
1033 3729 1152 3787 Manich.
1174 3748 1196 3787 c.
1216 3737 1258 3791 38.
1276 3747 1294 3787 a
1311 3731 1480 3788 Manichaeis
1498 3721 1755 3796 confictesasserit,

61 3818 84 3872 si
102 3835 157 3873 non
184 3817 239 3873 fuit
266 3818 310 3872 vel
333 3818 566 3887 contaminatum,
589 3818 635 3873 rel
659 3819 823 3891 impeditum
846 3835 897 3891 per
922 3833 955 3873 ac
978 3817 1026 3873 lib.
1051 3823 1146 3873 contra
1168 3817 1310 3875 Adimant.
1338 3837 1361 3874 c.
1391 3825 1431 3877 11.
1456 3819 1503 3875 lib.
1533 3825 1554 3875 1.
1577 3824 1673 3874 eontm
1692 3818 1755 3873 adv.

61 3905 273 3974 matrimonIum,
292 3903 388 3976 utique
407 3920 457 3960 nec
476 3904 510 3962 N.
522 3904 555 3958 T.
574 3904 707 3960 ministris
725 3904 818 3961 fraudi
837 3921 896 3962 esse
921 3903 991 3976 legis
1016 3909 1045 3959 st
1072 3903 1196 3976 prophet.
1219 3921 1242 3961 c.
1263 3910 1305 3962 20.
1326 3923 1468 3978 nunquam
1492 3905 1528 3961 ab
1549 3904 1666 3962 ecclesia
1682 3920 1754 3959 rece-

61 3991 161 4057 debct,
191 3992 214 4046 si
236 3992 398 4064 conjugium
425 3993 495 4049 inire
518 3992 613 4049 velint.
648 3992 726 4050 Neve
749 3992 896 4064 excipiant,
921 3995 971 4062 pta
989 4006 1050 4046 esse
1067 3990 1153 4059 dicit,
1171 3992 1245 4047 unde
1264 3991 1393 4048 Molanue
1412 3992 1460 4049 lib.
1483 3997 1504 4051 1.
1526 3992 1560 4047 de
1579 3991 1634 4048 fide
1651 3991 1754 4048 haeret.

63 4079 152 4134 aliam
176 4096 234 4133 ease
258 4080 397 4133 rationem
426 4080 618 4134 ministrorum
641 4080 671 4132 in
696 4080 728 4136 V.
753 4079 841 4133 aliam
866 4079 895 4132 in
921 4095 990 4134 serv.
1010 4093 1072 4150 cap.
1089 4082 1113 4132 6.
1130 4077 1290 4150 scriptorem
1304 4079 1382 4134 illum
1401 4080 1622 4152 vocatrpurium
1640 4084 1665 4132 et
1683 4094 1754 4132 men·

61 4166 98 4221 N.
118 4166 150 4219 T.
167 4165 315 4236 jubemus,
332 4170 364 4218 ut
381 4165 538 4236 producant
557 4182 714 4237 expressam
732 4164 894 4236 prohibitio·
921 4166 1027 4219 dacem.
1064 4162 1138 4221 Vide
1156 4163 1233 4221 Ivell.
1253 4164 1282 4220 in
1301 4165 1403 4239 duplic.
1423 4166 1484 4222 adr.
1505 4165 1643 4237 Harding.
1662 4168 1712 4218 art.
1733 4169 1754 4221 1.

61 4268 133 4321 nem,
157 4268 213 4324 qua
230 4252 264 4308 N.
287 4250 320 4307 T.
344 4250 477 4308 ministris
499 4254 659 4326 conjugium
689 4252 895 4319 sitammam,
919 4256 987 4306 sect
1007 4258 1031 4309 5.

60 4339 188 4396 addimus
206 4338 289 4395 etiam
303 4346 506 4411 argumentum.
956 4341 1013 4393 tlt.
1052 4340 1077 4393 8.
1096 4335 1303 4392 Matrimonium
1328 4351 1360 4391 ex
1380 4335 1527 4408 hypothesi
1546 4333 1754 4390 PontifieIorum
1768 4350 1826 4393 anx
1837 4353 1880 4400 ny-

19 4452 45 4480 ιι-
95 4432 153 4482 341.
192 4431 215 4482 7.
243 4425 442 4499 Quemcunque
478 4426 552 4482 vitae
579 4430 683 4481 statum
712 4422 838 4480 Christus
867 4425 896 4480 in
921 4430 963 4480 est
988 4429 1200 4480 sacramentum.
1235 4422 1301 4478 Jam
1322 4439 1388 4479 vero
1415 4422 1463 4495 qui
1476 4416 1527 4476 ‘ad
1552 4427 1755 4476 sacramentum
1769 4404 1888 4495 issffi„

60 4512 94 4568 N.
117 4511 150 4565 T.
177 4529 227 4567 sua
249 4512 407 4583 praesentia
430 4518 459 4568 et
482 4528 596 4568 munere
622 4509 791 4583 amplissimo
810 4510 894 4568 hono·
921 4511 1034 4584 aliquod
1053 4510 1243 4582 recipiendum
1263 4510 1378 4565 idoneus
1397 4515 1439 4565 est
1463 4514 1547 4580 atque
1564 4507 1594 4563 id
1613 4508 1755 4580 suscipere
1768 4507 1803 4598 ξε
1805 4517 1887 4599 1:5⁰¹*

61 4598 141 4668 ravit,
163 4598 198 4653 ab
217 4616 249 4655 so
268 4617 348 4655 nemo
367 4598 419 4655 sub
438 4599 530 4672 specie
548 4599 660 4672 majoris
679 4597 834 4653 sanctitatis
852 4605 895 4654 est
920 4598 1142 4663 desideratum
1163 4603 1206 4654 est
1222 4596 1257 4652 ab
1271 4613 1304 4652 eo
1325 4594 1471 4651 arcendus.
1499 4594 1575 4666 Ergo
1595 4611 1647 4650 nec
1667 4611 1755 4652 sacer·
1768 4611 1872 4651 urum

60 4685 202 4741 arcendus.
240 4685 296 4742 Sed
319 4685 444 4742 Christus
475 4691 579 4741 statum
607 4683 784 4757 conjugalem
810 4685 839 4739 iu
859 4685 893 4743 N.
922 4685 999 4741 dotes
1018 4701 1035 4739 a
1052 4684 1226 4739 matrimonio
1239 4688 1305 4738 sunt
1320 4681 1439 4738 arcendi.
1478 4680 1563 4736 Item:
1583 4688 1755 4739 sacramenta

60 4771 93 4830 T.
111 4789 162 4827 sua
190 4772 348 4843 praesentia
370 4779 398 4828 et
424 4788 538 4827 munere
563 4771 742 4844 amplissimo,
769 4770 894 4844 adeoque
921 4770 974 4826 sibi
994 4770 1111 4826 invicem
1129 4787 1184 4825 non
1202 4772 1367 4841 repugnant.
1405 4767 1610 4824 Matrimonium
1636 4776 1664 4826 et
1687 4769 1754 4826 ordo

59 4859 147 4931 primo
165 4878 215 4916 suo
231 4861 364 4917 musculo
385 4860 529 4915 honoravit
545 4860 609 4917 Joh.
633 4866 665 4927 2,
683 4878 709 4918 v.
732 4866 753 4916 1.
773 4865 801 4916 et
818 4876 895 4932 seqq.
921 4876 954 4915 ex
973 4857 1122 4932 hypothesi
1139 4855 1348 4913 Pontificiorum
1373 4862 1438 4912 sunt
1462 4864 1644 4913 sacramenta.
1679 4857 1754 4928 Ergo

59 4946 134 5020 Ergo
152 4965 232 5004 nemo
251 4947 287 5004 ab
307 4965 340 5003 eo
360 4948 413 5003 sub
433 4947 526 5019 specie
544 4946 655 5018 majoris
678 4947 834 5004 sanctitatis
854 4953 896 5003 est
921 4945 975 5003 sibi
992 4946 1111 5002 invicem
1129 4962 1184 4999 non
1203 4948 1375 5014 repugnant,
1402 4943 1451 4999 sed
1477 4944 1506 4998 in
1532 4961 1587 4999 uno
1603 4944 1753 5017 eodemque

60 5036 203 5092 arcendus.
235 5036 394 5108 Excipiunt,
412 5035 554 5090 Uiriatum
571 5037 612 5088 ad
628 5037 742 5107 nuptias
762 5036 832 5090 illae
851 5051 893 5087 ue·
921 5033 1048 5106 subJecto
1075 5029 1221 5087 convenire
1246 5033 1371 5100 possunt.
1416 5032 1452 5084 In
1478 5032 1556 5085 omni
1579 5039 1755 5086 sacramento

58 5123 140 5192 nisae,
160 5130 190 5176 ut
206 5123 367 5178 «Iohannem
387 5123 587 5194 euarspelietam
605 5138 736 5191 sponsum
755 5138 896 5192 arpenta
918 5120 1038 5192 proprie
1057 5121 1098 5174 sic
1117 5118 1191 5172 dicto
1209 5117 1356 5179 confertur
1373 5117 1478 5186 pratia,
1497 5116 1592 5173 scribit
1611 5117 1754 5172 Bellarmi-

57 5210 217 5280 adduceret,
236 5211 310 5282 quod
327 5210 447 5282 probant
467 5227 501 5265 ex
519 5206 614 5263 Abdia
627 5204 782 5276 Babylonio
801 5207 850 5262 lib.
871 5213 895 5264 5.
922 5225 974 5262 nus
994 5206 1038 5263 lib.
1059 5211 1081 5262 1.
1101 5205 1135 5260 de
1155 5219 1223 5258 sacr.
1244 5203 1273 5257 in
1292 5219 1394 5275 genere
1419 5221 1442 5260 c.
1461 5210 1486 5261 9.
1511 5222 1560 5259 our
1578 5221 1644 5276 ergo
1664 5205 1755 5278 gratia
1811 5264 1814 5268 ,

57 5294 105 5353 iol.
125 5302 166 5353 69.
185 5295 234 5352 ubi
252 5295 390 5352 Dominus
413 5296 449 5352 ad
468 5295 625 5353 iohannem
651 5290 754 5346 dixisse
777 5308 893 5348 comme-
920 5293 1006 5365 hujus
1032 5289 1199 5347 sacramenti
1230 5307 1260 5346 se
1284 5289 1359 5361 ipsos
1392 5291 1525 5362 privent?
1557 5291 1588 5346 Si
1619 5290 1700 5345 datur
1726 5291 1755 5345 in

58 5388 194 5439 moratur:
222 5383 290 5437 Niei
307 5401 382 5437 necue
405 5400 485 5448 mres,
497 5381 687 5453 permitterem
712 5377 763 5433 tibi
781 5396 894 5433 uacrem
922 5378 1053 5451 conjugio
1071 5375 1261 5443 sanctificatio,
1281 5394 1330 5433 cur
1350 5383 1444 5434 actum
1463 5378 1639 5451 conjugalem
1658 5378 1756 5433 dicunt

58 5470 168 5526 ducere.
206 5469 430 5542 Respondemus:
449 5468 613 5542 figmentum
631 5462 822 5523 illudAbdias
841 5482 891 5536 pa·
920 5471 978 5522 tam
1008 5465 1195 5533 immundum,
1228 5470 1259 5521 ut
1287 5465 1460 5523 sacerdotum
1484 5464 1635 5522 ministeria
1662 5473 1753 5522 conta-

58 5560 126 5627 gnat
145 5574 208 5612 cam
228 5555 282 5612 Dei
301 5555 403 5625 serbo,
423 5555 502 5627 qussi
519 5572 575 5613 nou
591 5553 681 5628 possit
699 5567 759 5608 esse
776 5548 889 5622 Christi,
919 5551 1025 5608 minet?
