4020 6014
654 277 1267 343 namurfflonccnnsmsuco.
1766 239 1818 354 ιι

113 434 244 491 atauus
265 434 371 504 pallii,
397 451 554 506 perquem
577 437 686 492 humeri
709 438 947 508 constrinquntur,
974 439 1033 493 ocis
1059 439 1154 506 illisu,
1190 458 1275 512 quam
1305 441 1446 496 Dominus
1470 442 1647 496 aberrantem
1670 444 1808 513 qrsaesimt

51 557 57 564 ·
112 530 149 577 est
160 524 248 577 timor
263 523 391 592 Domini,
396 539 452 592 per
465 541 544 594 quern
557 542 659 598 operae
673 532 844 583 ccercentur.
861 526 946 579 Duae
974 527 1165 598 inventamque
1182 528 1305 583 lammis
1320 529 1379 584 suis
1396 529 1524 599 ιιιιιιιὲι,
1537 530 1643 601 pellem
1661 531 1809 599 desiqnat,·

112 610 212 674 uncae,
231 626 352 678 quarum
371 627 428 664 una
443 618 511 682 post
531 614 655 680 dorsum,
675 613 766 667 altem
777 613 948 682 proqeditur
973 615 1119 685 epiecopus
1145 617 1234 685 enim,
1264 617 1315 686 qui
1342 616 1449 671 Chresti
1476 623 1571 687 typum
1602 617 1688 688 perit,
1716 618 1807 687 ι’ριιιιι

111 703 298 767 suspectus,
314 697 400 767 tejas
419 698 494 752 uitae
511 715 596 753 curas
614 699 945 768 etsolicitudinessiqni·
972 718 1084 756 munere
1098 703 1230 771 funqitur
1250 711 1334 774 atque
1361 705 1425 774 ipso
1444 705 1528 758 etiam
1544 704 1641 759 babitu
1656 705 1733 759 illud
1750 723 1807 760 om-

110 787 205 860 rieant,
223 784 324 854 quibua
341 792 367 838 et
386 803 435 840 cor
451 793 477 840 et
495 787 604 840 tumui
618 788 765 857 pontificis
781 788 822 841 sic
841 788 946 857 saepis
972 789 1053 842 nibus
1079 789 1212 857 ostendit,
1241 807 1270 844 se
1296 791 1362 846 boni
1383 790 1464 844 illius
1495 809 1529 845 ac
1559 791 1656 861 maqui
1681 793 1807 861 pastoris

111 872 178 926 mma
201 877 359 939 qrbuantur
383 880 409 926 et
439 872 644 943 impediuntur,
671 880 702 927 ut
720 891 738 927 a
751 874 872 946 proprio
888 882 945 928 sta·
971 873 1140 929 imitatorem
1153 891 1218 945 esse,
1237 876 1286 945 qui
1301 877 1396 946 qreqis
1408 877 1585 946 infirmitates
1600 877 1656 930 sibi
1671 880 1807 941 ferendas

112 966 140 1012 tu
160 975 223 1013 eum
243 965 372 1013 σιινιιιιιι
388 964 500 1013 eleana
515 961 655 1029 quaedam
672 967 697 1014 ιι
711 960 878 1016 transitoria
900 978 945 1016 co·
968 962 1128 1032 proposuit.
1165 961 1220 1018 Sed
1239 961 1356 1033 pallium
1375 962 1444 1017 illud
1470 962 1598 1018 omnibus
1614 963 1805 1020 sacerdotibus

111 1045 202 1114 qitare
220 1052 246 1099 et
260 1052 379 1115 portare
393 1046 666 1118 compellant(nota=
687 1046 875 1102 testimoninm
893 1046 945 1103 hoc
972 1064 1132 1112 commune,
1162 1064 1198 1103 an
1216 1049 1341 1120 ejusdem
1360 1047 1468 1121 figurae
1486 1048 1571 1105 fuerit
1590 1066 1653 1104 cum
1672 1049 1806 1106 hodierno

112 1147 205 1187 rerum
224 1133 287 1199 est),
306 1131 371 1185 binc
385 1131 510 1202 pallium
528 1141 635 1187 anteat
652 1141 739 1202 retro,
758 1152 777 1188 a
796 1135 903 1188 deutris
920 1141 945 1188 et
972 1134 1187 1207 archiepiscopis
1206 1142 1235 1190 et
1254 1135 1421 1208 quibusdam
1434 1135 1569 1190 duntaxat
1581 1136 1718 1206 episcopis
1731 1153 1805 1192 com·

113 1213 278 1282 asinistris,
297 1225 362 1272 ante
377 1226 476 1288 pectus
494 1227 520 1273 et
540 1236 627 1289 super
637 1220 766 1275 humeros
782 1222 945 1290 frequertter
972 1222 1061 1287 muni,
1081 1222 1177 1278 mento
1197 1222 1354 1292 dubitatur,
1372 1222 1443 1277 illud
1460 1227 1567 1277 certum
1583 1227 1638 1290 est,
1656 1223 1730 1294 quod
1748 1241 1804 1278 non

112 1312 241 1375 optatur,
271 1312 302 1359 ut
319 1304 363 1357 bis
379 1306 549 1374 posthabitis
568 1308 598 1360 in
616 1324 646 1361 se
663 1308 755 1377 speum
779 1324 863 1378 saepe
880 1308 945 1361 red·
970 1308 1055 1364 fuerit
1071 1315 1151 1364 tanta
1169 1309 1304 1380 pecuniae
1323 1325 1444 1380 summa,
1474 1316 1579 1380 quanta
1604 1309 1686 1364 hodie
1708 1316 1803 1380 postn-

112 1391 152 1445 ire
178 1390 366 1460 intelliqatur.
411 1390 535 1454 Quatuor
564 1409 659 1446 mucce
684 1410 848 1464 purpureae
882 1402 946 1448 sunt
971 1395 1044 1450 latur
1063 1412 1080 1450 a
1098 1395 1223 1451 Romano
1240 1397 1378 1467 episcopo,
1397 1395 1594 1451 redimendum.
1927 1449 1934 1465 ,

113 1485 233 1548 qrsatuor
250 1478 365 1531 ιιιιιιιιι
375 1477 520 1548 politicae,
539 1478 778 1548 seilicetjustitia,
796 1481 944 1547 fortitudo,
1008 1488 1064 1538 1³3.
1091 1481 1184 1538 Hodie
1214 1481 1288 1536 enim
1315 1499 1435 1538 mercem
1470 1481 1545 1536 illam
1572 1498 1802 1553 necopercsam,
1816 1478 1887 1572 ἓξὲξ

112 1565 296 1636 temperantia
314 1572 341 1618 et
354 1565 518 1634 pumentia.
554 1566 612 1619 Per
632 1573 688 1619 tres
701 1584 768 1621 acus
786 1568 944 1637 intelliqun-
971 1585 1023 1624 nec
1048 1568 1200 1640 pretiosam
1225 1567 1425 1638 archiepiscopi
1453 1584 1556 1639 magna
1580 1568 1714 1638 pecuniae
1739 1569 1766 1623 vi
1785 1585 1804 1624 a
1890 1559 1896 1572 '

111 1659 155 1706 tur
170 1653 262 1722 fides,
290 1667 361 1720 spen
380 1652 502 1715 caritas5
531 1652 596 1706 item
613 1660 755 1708 nascens
775 1657 944 1725 compassio·
971 1654 1103 1726 pontifice
1121 1671 1210 1710 emere
1224 1661 1370 1728 coguntur.
1408 1654 1686 1726 DeMognntinensis
1699 1654 1804 1711 archie-

112 1755 172 1793 nem
180 1739 315 1810 proximi,
327 1738 601 1793 administrationem
615 1741 708 1808 officii
727 1741 944 1796 distinctionem·
972 1743 1133 1813 piscopatus
1154 1742 1240 1812 pallio
1266 1741 1351 1796 refert
1378 1739 1526 1797 Sleidauns
1549 1741 1596 1797 lib.
1615 1741 1641 1795 d.
1658 1757 1724 1813 pag.
1744 1746 1803 1798 376.

113 1842 162 1895 que
173 1825 285 1894 judieii
301 1825 473 1892 siqnificant,
502 1843 621 1894 quarum
642 1827 740 1895 prima
760 1828 862 1897 punqit
885 1829 945 1879 ani·
972 1829 1045 1901 qnod
1064 1827 1200 1899 trinqintc
1220 1845 1370 1883 aureomm
1396 1828 1521 1882 millibus
1543 1832 1670 1884 constare
1687 1828 1804 1898 dicatur,

112 1928 253 1980 mamper
268 1911 400 1980 dolorem,
418 1913 542 1964 seeundo
558 1929 612 1981 per
630 1912 773 1984 laborem,
793 1915 876 1968 tertia
891 1931 945 1984 per
973 1921 1119 1986 antequam
1140 1914 1250 1970 domum
1270 1913 1425 1984 deferatur,
1443 1915 1518 1971 unde
1535 1915 1690 1970 incentum
1708 1932 1805 1986 grara-

112 2006 252 2053 terrorem.
287 1997 374 2052 Plura
397 1996 436 2051 ibi
458 1997 567 2068 videm,
597 1999 646 2069 qni
675 2000 811 2069 ejusmodi
834 2000 944 2073 ineptiis
973 2001 1092 2055 minibus
1119 2001 1238 2055 nationis
1269 1999 1451 2057 Germanicae
1474 2019 1547 2057 anno
1575 2006 1649 2058 1532.
1677 2001 1707 2056 in
1723 2001 1806 2057 comi·

111 2085 195 2141 risum
220 2084 273 2140 sibi
296 2085 435 2140 concitare
452 2085 562 2157 satagit.
600 2085 740 2157 Originem
764 2085 847 2156 hujus
868 2087 944 2157 pallii
973 2087 1018 2142 tiis
1032 2086 1303 2159 Norinbergensibus
1316 2089 1408 2159 legato
1426 2087 1542 2142 Adriani
1555 2088 1693 2159 pontificis
1706 2088 1806 2144 oblatis

112 2175 145 2229 ad
165 2173 241 2245 ipsos
255 2172 394 2243 apostolos
408 2172 520 2243 quidam
533 2172 600 2228 satis
613 2173 803 2243 imprudenter
814 2173 944 2243 referunt,
972 2173 1055 2228 etiam
1078 2173 1314 2231 bacchabantur:
1341 2176 1523 2244 Proponatur
1549 2193 1654 2230 summo
1674 2176 1807 2244 pontifici

100 2258 271 2330 ¹Polydorus
301 2257 436 2329 Virgilius
462 2258 509 2314 lib.
537 2265 560 2315 ι.
589 2259 623 2314 de
649 2277 700 2315 rer.
727 2259 830 2315 invent.
856 2277 879 2315 c.
906 2265 944 2316 12.
974 2269 999 2314 et
1013 2268 1210 2315 sacrosanctae
1223 2262 1370 2315 Romanae
1383 2261 1525 2331 eeclesiae,
1544 2265 1620 2331 quod
1636 2279 1730 2330 qraoe,
1751 2266 1805 2315 imo

114 2346 249 2401 Clernenti
265 2345 371 2414 tribuit,
391 2344 465 2415 quod
491 2344 595 2416 primus
618 2346 733 2418 pallium
756 2346 825 2410 illud
846 2346 945 2402 archie.
975 2347 1152 2402 intolerabile
1170 2347 1207 2401 sit
1225 2348 1337 2401 notioni
1353 2347 1553 2413 Germanicae,
1573 2367 1592 2401 a
1605 2350 1689 2402 modo
1709 2356 1806 2401 tantae

112 2432 255 2505 piscopale
273 2431 434 2487 solennibus
452 2433 613 2487 ceremoniis
638 2439 830 2489 consecratum
848 2434 944 2491 honori
973 2452 1108 2504 ecpcmas
1121 2442 1147 2488 ct
1165 2434 1306 2488 molestias
1321 2435 1395 2503 pati,
1416 2442 1511 2488 tantas
1525 2452 1582 2504 pro
1594 2435 1805 2499 confirmatione

113 2519 555 2590 archiepiscoporumcontulerit.
593 2520 728 2575 Batonius
752 2521 779 2575 in
799 2521 944 2576 annalibus
972 2522 1245 2591 archiepiscoporum
1271 2530 1297 2575 et
1319 2523 1511 2590 epsicoporum
1538 2522 1647 2587 inferre
1676 2528 1805 2588 annulae,

113 2623 187 2662 anno
205 2610 262 2661 336.
283 2622 359 2660 num.
379 2611 419 2661 63.
437 2606 577 2677 agnoscit,
595 2606 624 2660 in
642 2606 724 2661 rebus
742 2608 828 2678 gestis
846 2607 944 2662 Roma·
968 2608 1136 2678 praesertim
1162 2625 1235 2677 quae
1263 2609 1291 2661 in
1321 2609 1527 2678 episcopatibus
1554 2610 1720 2678 quibusdam
1744 2624 1805 2660 suc·

113 2710 211 2749 ncntm
229 2691 391 2764 pontificum
407 2693 588 2764 primo‘circa
609 2693 657 2748 illa
683 2698 808 2766 tempora
831 2695 944 2750 mentio
971 2713 1049 2749 cessa
1065 2696 1198 2766 temporis
1213 2702 1320 2764 auctae,
1341 2695 1370 2748 in
1386 2695 1552 2765 quibusdam
1565 2696 1726 2764 duplicatae
1746 2709 1804 2748 esse

113 2797 174 2836 nem
198 2778 295 2834 haberi
318 2778 353 2833 de
372 2779 456 2849 pallio
479 2779 653 2851 potissimum
671 2781 790 2836 Romani
807 2781 945 2852 pontificis
972 2783 1111 2838 dicuntur.
1147 2783 1222 2836 Nam
1240 2784 1321 2835 sedes
1340 2783 1522 2850 Moquntina,
1545 2789 1576 2834 ut
1595 2782 1713 2846 dicitur,
1738 2782 1805 2835 olim

112 2865 224 2939 insigni,
243 2864 461 2936 metropolitanis
479 2866 516 2921 ab
533 2868 792 2940 eodemaliquando
809 2869 944 2938 impertiri
970 2870 1061 2924 solum
1084 2869 1164 2922 dedit
1190 2870 1285 2922 decem
1311 2869 1404 2921 millia
1429 2870 1617 2938 florenorum,
1647 2884 1717 2937 quae
1743 2885 1805 2921 eum

112 2954 208 3024 solito,
237 2952 286 3007 nbi
307 2953 444 3008 etiamad
462 2953 644 3009 imitationem
663 2954 780 3009 Levitici
797 2955 945 3010 sacerdotii
972 2956 1088 3026 quidam
1105 2955 1167 3009 illic
1186 2955 1287 3008 electus
1306 2957 1376 3008 dare
1392 2962 1521 3008 renueret
1546 2955 1641 3023 sicque
1660 2971 1745 3023 usque
1765 2957 1807 3009 acl

112 3041 182 3096 illud
212 3040 242 3094 in
273 3038 418 3094 ecclesiam
448 3038 633 3095 Christianam
667 3040 855 3097 introductum
886 3057 945 3097 esse
973 3049 1087 3095 mortem
1105 3058 1185 3094 usam
1199 3040 1377 3111 persisteret,
1406 3040 1507 3095 electus
1527 3049 1593 3110 post
1622 3058 1682 3094 eum
1702 3043 1805 3104 confir·
1900 3031 1905 3036 ’

112 3127 258 3184 existimet.
287 3127 364 3182 suu
376 3127 443 3181 olim
455 3125 568 3197 (inquit)
580 3128 610 3180 in
630 3127 790 3182 sacerdotio
804 3129 944 3182 Hebraeo·
973 3130 1103 3184 matianis
1120 3128 1240 3198 cupidus
1258 3144 1287 3181 se
1307 3144 1447 3198 opponere
1471 3128 1562 3181 timuit
1583 3129 1647 3182 sedi
1671 3129 1805 3197 apostoli-

112 3234 174 3270 rum
200 3222 263 3268 erat
286 3215 387 3268 summi
409 3214 550 3283 pontificis
576 3215 803 3287 autpertumerale
828 3216 945 3284 insiqne,
972 3233 1030 3286 cae,
1048 3214 1325 3286 offerensantiquam
1337 3222 1563 3284 summam,puta
1576 3215 1670 3267 decem
1683 3214 1804 3268 millium

112 3305 190 3375 quod
217 3292 301 3366 nefas
329 3308 398 3355 esset
428 3302 549 3370 aliquem
581 3302 669 3355 alium
697 3300 874 3357 sacerdotum
902 3303 945 3356 uel
967 3305 1149 3373 florenorum,
1168 3303 1194 3356 is
1213 3318 1262 3357 neo
1283 3301 1519 3367 confirmationem
1537 3301 1688 3370 impetrare
1703 3302 1804 3371 potuit,

109 3390 275 3464 pontificum
289 3388 386 3456 indui,·
406 3388 489 3441 itain
503 3386 944 3457 Ohrulianaereliqionissacer·
972 3391 1028 3444 nisi
1045 3399 1072 3443 et
1092 3390 1203 3459 reliqua
1221 3392 1315 3443 decem
1340 3389 1434 3442 millia
1457 3388 1541 3441 simul
1563 3389 1707 3450 redderet,
1733 3403 1804 3456 quae

112 3479 191 3532 dolio
204 3493 291 3545 penus
302 3475 379 3529 illud
396 3475 561 3542 indumenti,
582 3477 659 3545 quod
672 3476 797 3545 pallium
816 3477 944 3541 dicimus,
971 3478 1064 3531 adbuc
1082 3477 1223 3530 restabant
1248 3493 1267 3529 a
1288 3493 1338 3529 sno
1355 3476 1576 3544 praedecessore
1599 3475 1723 3526 nondum
1737 3490 1804 3545 par-

111 3563 214 3616 summi
236 3568 343 3615 tantum
365 3561 506 3631 pontificis
531 3563 614 3615 cessit
639 3564 715 3632 usui,
747 3563 782 3615 ab
803 3579 834 3616 co
852 3571 944 3617 tamen
971 3565 1078 3629 ισιιιια,
1102 3564 1196 3633 sieque
1222 3563 1372 3630 coqcbatur
1397 3562 1469 3614 dare
1492 3561 1591 3629 uiqinti
1609 3560 1702 3613 millia
1718 3561 1803 3630 flore·

113 3649 303 3719 compluribus
334 3648 473 3717 episcopis
499 3667 603 3717 maqna
627 3666 660 3702 ea
684 3666 772 3702 causa
796 3651 945 3703 communi·
971 3668 1087 3718 norum,
1111 3664 1184 3717 quoe
1211 3655 1277 3701 tunc
1306 3647 1420 3700 indubie
1443 3649 1473 3700 in
1501 3647 1651 3715 reqistrum
1675 3663 1804 3699 camerae

113 3746 213 3792 canam.
249 3733 304 3791 Sed
324 3734 426 3790 rectius
445 3726 660 3807 dicitnr,'qnod
679 3736 714 3790 ab
734 3735 943 3807 imperatoribus
970 3743 1034 3789 sunt
1050 3737 1163 3804 siqnata
1180 3741 1206 3786 et
1223 3733 1362 3802 usquead
1374 3739 1497 3786 nostram
1510 3739 1628 3786 aetatem
1648 3750 1667 3785 a
1683 3732 1804 3801 sinqulis

111 3822 244 3880 Romanis
274 3820 353 3892 pallii
382 3838 463 3876 usum
494 3822 612 3876 mutuati
644 3821 764 3890 fuerint,
796 3823 837 3877 sic
872 3824 943 3877 enim
971 3821 1191 3891 archiepiscopis
1208 3827 1316 3888 exacta,
1346 3827 1372 3873 et
1397 3822 1498 3873 nedum
1515 3820 1616 3888 uiqinti
1632 3820 1735 3887 millia,
1753 3823 1805 3874 sed

113 3909 300 3981 Cuspinianus
331 3907 360 3961 in
395 3907 590 3964 Valentiniano
626 3907 693 3966 111.:
735 3910 945 3964 Valentinianus
972 3915 997 3961 et
1020 3906 1121 3975 viqinti
1146 3906 1267 3976 quinque
1291 3906 1386 3960 millia
1403 3915 1523 3976 propter
1547 3924 1621 3959 noua
1648 3906 1749 3972 officia
1777 3914 1804 3961 et

110 4000 275 4067 frequenter
300 3995 463 4049 versabatur
492 3996 642 4050 Ειιυιιιιιιιι
671 4003 697 4051 et
723 3997 818 4049 urbem
845 3997 945 4051 iterum
971 3993 1225 4062 nouospontifieum
1234 3993 1408 4059 familiares.
1433 3994 1559 4047 Tandem
1568 3993 1687 4046 samarit
1695 4011 1804 4046 summa

114 4092 255 4138 exstruens
278 4082 439 4136 adornabat
468 4082 577 4152 eqreqie
610 4085 757 4152 ipsamque
787 4083 945 4153 principem
971 4097 1057 4151 usque
1074 4082 1116 4134 ad
1130 4078 1231 4147 niqinti
1247 4085 1349 4148 septem
1367 4079 1470 4149 millia,
1488 4096 1560 4149 quae
1577 4079 1805 4151 archiepiscopus

41 4174 99 4220 tm
113 4168 298 4225 constituebat
327 4171 361 4221 14
395 4169 538 4222 ciuitatum
568 4176 593 4222 ιι
625 4176 793 4238 potestatem
821 4171 945 4232 faciebat
972 4169 1095 4223 Jocabus
1120 4167 1268 4235 coqebatur
1284 4182 1374 4236 nuper
1386 4167 1557 4235 persoluere,
1575 4175 1606 4220 ut
1624 4166 1721 4220 retulit
1732 4166 1805 4218 vica·

113 4257 194 4312 illius
211 4256 341 4325 episcopo
361 4255 460 4308 utendi
477 4255 580 4323 tunica,
600 4272 683 4324 quam
697 4256 821 4328 pallium
836 4265 946 4325 nocant,
971 4257 1032 4310 rius
1054 4256 1085 4310 in
1115 4253 1312 4324 spiritualibus
1339 4252 1540 4321 Moquntinus‚
1572 4254 1666 4323 sicque
1695 4252 1725 4305 in
1746 4252 1805 4304 sita

113 4359 186 4415 quae
206 4350 271 4396 tunc
288 4343 422 4412 temporis
446 4344 635 4398 tantummodo
659 4345 820 4398 caesaribus
839 4346 947 4414 qestari
972 4344 1055 4397 unius
1073 4341 1191 4395 bominis
1210 4340 1309 4410 septies
1326 4339 1429 4409 oiqinti
1450 4341 1571 4409 quinque
1594 4340 1688 4393 millia
1706 4355 1725 4390 a
1742 4338 1805 4391 solo

113 4437 301 4498 conuseucrct,
321 4436 347 4483 et
364 4446 397 4483 ec
414 4429 465 4484 boc
484 4430 604 4484 surrecit
622 4429 659 4484 lic
676 4431 730 4485 illa
750 4432 822 4484 inter
840 4433 945 4500 episco-
971 4429 1217 4499 archiepiscopatu
1229 4426 1398 4495 Moquntino
1413 4442 1469 4495 pro
1487 4426 1695 4496 confirmatione
1714 4424 1805 4477 archi-

109 4537 165 4590 pos
187 4519 365 4573 Rauennates
388 4524 414 4570 et
439 4518 599 4582 Romanos,
629 4517 661 4571 bi
688 4518 760 4571 enim
781 4517 843 4571 illis
856 4535 946 4586 pares
972 4515 1098 4586 episcopi
1114 4516 1235 4568 Romam
1253 4519 1394 4568 renuunt.
1431 4513 1471 4566 nt
1496 4530 1557 4566 cum
1577 4511 1805 4579 archiepiscopus

112 4622 170 4660 esse
194 4604 330 4659 uolebant.
372 4603 445 4658 Hinc
476 4609 603 4660 constare
628 4609 735 4674 potest,
761 4603 835 4659 unde
860 4605 946 4675 pallia
970 4605 1098 4657 Jacobus
1119 4602 1165 4655 oin
1183 4608 1303 4670 quatuor
1323 4618 1412 4653 annos
1431 4601 1549 4652 sedisset
1571 4600 1601 4651 in
1620 4598 1804 4667 archiepisco·

112 4692 168 4747 sint
185 4697 260 4760 ona,
281 4696 309 4746 et
330 4690 391 4762 quis
408 4690 512 4763 primus
530 4690 584 4746 illis
600 4691 686 4747 fuerit
701 4708 768 4745 usus
786 4692 945 4747 eorundem·
967 4697 1047 4763 patu,
1066 4706 1129 4742 moc
1144 4694 1210 4758 post
1223 4704 1283 4740 eum
1295 4687 1396 4741 electra
1410 4686 1551 4739 Dominus
1566 4683 1644 4737 Uriel
1662 4687 1703 4738 acl
1714 4684 1805 4737 minus

113 4796 167 4851 qne
196 4795 277 4832 nsum
304 4776 487 4846 concesserit,
514 4784 543 4832 et
570 4779 644 4849 quod
670 4793 744 4849 papa
772 4777 858 4832 multo
881 4784 945 4848 post
970 4776 1201 4847 viqintiquatuor
1213 4775 1305 4829 millia
1319 4781 1432 4827 coactus
1446 4778 1488 4825 est
1501 4770 1672 4840 persoluere,
1687 4788 1805 4840 quorum

112 4865 222 4921 demum
239 4871 361 4936 tempore
378 4864 456 4934 pallii
476 4865 604 4936 gestandi
622 4865 761 4921 licentiam
783 4863 945 4934 impetrave-
966 4872 1080 4934 partem
1102 4869 1197 4915 mutuo
1217 4862 1320 4926 forsan
1346 4857 1453 4927 aceepit
1478 4875 1497 4909 a
1513 4857 1728 4922 mercatoribus,
1755 4859 1806 4911 sed

111 4953 155 5008 rit.
190 4950 232 5007 Ut
250 4950 323 5006 enim
335 4949 479 5021 pontifices
496 4949 614 5006 Romani
626 4951 683 5006 alia
701 4949 808 5023 regalia
826 4955 854 5004 et
872 4966 944 5022 quae
969 4957 1000 5004 ut
1017 4949 1077 5002 illis
1094 4947 1270 5013 satisfaciat,
1294 4947 1435 5016 imponere
1460 4950 1572 4997 coaetiu
1593 4950 1633 4997 est
1650 4944 1805 4998 subsidium

111 5041 219 5094 tantum
238 5038 383 5107 majestate
404 5052 533 5092 caesarea
553 5036 639 5106 digna
661 5044 739 5107 sunt,
770 5036 823 5092 sibi
856 5037 944 5092 adsci-
970 5043 1020 5089 aut
1039 5035 1209 5089 arcedonem
1229 5035 1259 5086 iu
1276 5049 1341 5085 suos
1360 5028 1484 5099 populos
1513 5036 1539 5082 et
1562 5047 1706 5099 pauperes
1730 5031 1805 5097 aqri·

112 5131 200 5193 munt,
219 5124 258 5178 sic
274 5131 302 5179 et
320 5123 394 5179 istud
407 5122 522 5194 pallium
533 5120 587 5175 sibi
601 5124 793 5180 vendicarunt.
822 5122 944 5178 Isidorus
955 5104 958 5145 ¹
970 5123 1056 5191 colas,
1076 5139 1192 5191 quorum
1216 5120 1308 5189 aliqui
1331 5117 1455 5170 nondum
1479 5116 1680 5180 satsbfecerunt
1703 5118 1804 5170 tributo

112 5210 253 5268 Pelusicta
272 5209 462 5281 chrysostomi
485 5207 650 5277 discipulus,
679 5211 727 5281 qui
751 5211 826 5266 circa
842 5227 945 5266 annum
971 5218 1020 5264 aut
1039 5209 1180 5263 exactioni
1196 5203 1354 5277 propallio
1368 5221 1386 5256 a
1403 5220 1453 5257 suo
1463 5205 1682 5273 praedecessore
1695 5203 1804 5257 Jacobo

113 5304 171 5354 ιιι).
191 5297 220 5352 in
239 5297 357 5353 eeclesia
376 5297 481 5362 floruit,
507 5293 570 5349 libr.
591 5298 613 5348 l.
637 5294 717 5364 epist.
742 5301 799 5354 136.
817 5299 883 5370 pag.
904 5296 1118 5366 34.,impositae
1144 5299 1195 5349 etc.
1247 5289 1368 5346 Proinde
1397 5306 1452 5345 non
1481 5290 1541 5345 sine
1570 5305 1655 5343 cansa
1682 5289 1804 5345 Jaccbus

113 5384 207 5440 itidem
238 5382 404 5457 episcopalis
434 5381 512 5454 pallii
541 5378 611 5435 iacit
640 5381 814 5441 mentionem.
864 5384 947 5440 lllnd
971 5381 1196 5453 archiepiscopus
1218 5376 1399 5450 Mogentiana
1423 5377 1481 5447 jam
1505 5377 1564 5431 fere
1589 5375 1707 5430 moriens
1728 5376 1804 5441 dixit,

112 5471 264 5525 amiculum
286 5469 396 5543 (inquit)
417 5467 588 5542 ὠμοφόριον,
609 5466 686 5534 quod
703 5470 836 5523 saemdos
855 5471 945 5524 bume-
972 5488 1001 5526 se
1020 5470 1054 5524 de
1077 5473 1163 5522 morte
1183 5482 1234 5520 sua
1249 5483 1305 5520 non
1317 5464 1387 5520 adeo
1400 5465 1501 5530 dolere,
1520 5480 1602 5535 quam
1619 5463 1655 5517 oh
1672 5463 1709 5526 id,
1730 5462 1804 5533 quod

112 5559 153 5613 ris
168 5565 259 5629 qestat
278 5565 360 5631 atque
374 5574 406 5612 ea
423 5557 501 5627 lana,
521 5571 575 5609 non
596 5567 629 5605 en
645 5550 704 5606 lino
725 5560 878 5611 contactam
895 5532 960 5626 esti
973 5554 1078 5612 subditi
1096 5553 1139 5609 sui
1155 5568 1292 5627 pauperes
1309 5552 1408 5609 iterum
1431 5567 1482 5624 pro
1508 5548 1593 5623 pallio
1610 5567 1724 5624 gravem
1742 5565 1804 5607 exa·
