4020 6014
229 311 290 371 bit
807 300 1156 364 notuswcusnms
1173 304 1355 373 QUARTUS

98 457 215 504 ssew-⁸·
264 465 322 518 462.
358 466 383 519 2.
402 462 482 519 Num.
503 465 528 520 3.
567 462 649 517 Deus
672 461 823 531 aliquoties
841 462 957 530 repetit,
983 456 1064 512 Leni·
1092 461 1166 516 omni
1197 461 1413 533 jurisdictione,
1441 464 1491 521 sed
1526 463 1562 520 de
1598 463 1752 520 didrachmi
1783 464 1934 521 solutione

98 513 195 605 {3¹3⁸
228 553 274 601 tas
288 548 411 617 proprie
429 564 494 601 suos
512 563 578 612 csse,
597 556 680 617 atque
693 547 805 603 cossihi
814 564 847 601 en
865 547 942 601 omni
954 543 1065 617 popula
1092 553 1116 604 3.
1137 546 1321 604 Bollarmiuus
1338 549 1369 604 ln
1383 550 1484 605 'verbis
1506 549 1737 620 praecedentibus
1761 549 1869 606 Hilarii
1889 567 1934 605 ex·

100 617 194 710 ffi‘„
230 634 381 703 delepsbsr,
408 638 435 686 st
454 634 485 688 in
503 636 599 688 eodem
615 635 678 689 loco
697 636 772 689 dono
792 634 861 688 duri
871 634 954 703 jubet
971 644 1065 686 omues
1091 634 1253 704 positionem
1272 635 1460 707 amplectitur,
1485 637 1533 708 qui
1553 636 1647 707 docet,
1672 637 1719 708 agi
1737 636 1793 692 hoc
1812 636 1878 694 loco
1898 636 1935 691 ds

229 721 344 774 Lmitas
358 719 470 774 Aaroui
488 728 514 775 et
525 721 602 788 filiis
623 722 699 792 ejece,
722 722 773 776 hoc
790 728 831 775 est
850 736 956 773 summo
974 734 1066 771 sacer·
1089 720 1196 775 tributo
1222 720 1252 775 in
1280 739 1359 776 usum
1388 721 1484 792 templi
1510 723 1642 793 collecto,
1669 737 1726 793 qna
1748 723 1862 779 ratione
1888 724 1935 778 hic

229 807 292 859 doti
316 813 343 860 st
370 807 575 861 ancessorihss
602 809 673 876 ejus.
725 807 800 871 Quos
826 807 900 861 enim
924 804 980 858 sibi
1005 804 1066 874 epse
1091 807 1169 861 locus
1195 824 1212 861 a
1235 808 1397 880 quaestione
1418 815 1461 864 est
1483 808 1601 867 alienus.
1636 814 1661 865 4.
1680 808 1809 864 Christus
1831 826 1852 864 a
1868 808 1935 864 tiliis

229 893 335 963 deiepit
355 894 396 946 ad
421 893 607 949 ministerium
627 895 726 964 templi
743 909 891 964 rerumque
909 907 1066 959 sacrarum,
1091 908 1188 963 regum
1207 899 1378 949 terrenorum
1397 898 1608 966 argumentatur
1631 893 1668 948 ad
1685 912 1717 950 se
1732 896 1826 965 ipsum
1847 911 1936 968 sequa

228 979 285 1034 soli
299 979 444 1050 pontefici,
463 979 514 1049 qu·
529 980 621 1035 mcum
639 980 700 1034 Dei
715 980 745 1033 in
767 979 854 1033 terris
871 983 1065 1048 repraesenta·
1091 995 1109 1032 a
1129 978 1283 1034 didrachmi
1303 978 1440 1035 solutione
1466 979 1665 1036 liberum-esse
1682 981 1794 1038 evincit
1832 981 1934 1055 Augu·

230 1066 286 1135 tes,
304 1065 441 1134 subjectos
460 1082 521 1120 esse
537 1067 625 1120 coluit
644 1081 742 1134 ncpcr
759 1066 811 1118 hoc
830 1082 850 1118 a
862 1063 1067 1133 jurisdictione
1091 1063 1181 1119 atinus
1201 1064 1218 1120 l.
1242 1071 1263 1120 l.
1284 1083 1309 1137 q.
1329 1081 1426 1138 evang.
1445 1083 1471 1137 q.
1492 1071 1540 1122 ts:
1564 1065 1646 1128 Quod
1664 1066 1743 1136 dibu,
1760 1068 1851 1122 tiberi
1869 1076 1936 1123 sant

230 1158 404 1206 mertuorum
419 1152 585 1221 principum
607 1152 745 1207 liberavit.
786 1152 903 1207 Constat
924 1155 1016 1203 amau
1034 1148 1067 1202 id
1091 1150 1161 1213 filii,
1190 1150 1219 1202 in
1238 1155 1313 1205 orum¹
1337 1167 1423 1220 scano
1446 1151 1663 1220 inteltipendum
1681 1162 1730 1223 est,
1745 1153 1856 1210 liberos
1874 1171 1936 1210 csse

231 1253 304 1291 neme
324 1253 384 1292 esce
408 1237 439 1303 in
458 1237 578 1292 eccleria
595 1238 727 1305 clericos,
748 1238 827 1306 quod
850 1242 931 1291 mant
953 1234 1066 1288 Levitae
1092 1237 1173 1304 repni
1188 1238 1275 1305 filios,
1300 1239 1333 1291 id
1356 1246 1397 1293 cst
1413 1255 1469 1292 non
1487 1255 1546 1293 esse
1562 1241 1728 1309 ccctipalem
1754 1242 1845 1297 mutto
1866 1259 1936 1312 erpo

230 1324 261 1377 in
283 1323 314 1379 V.
334 1324 368 1378 T.
392 1331 418 1378 ct
437 1324 600 1393 pontificem
619 1322 845 1377 Christianorum
870 1339 927 1375 non
948 1321 1066 1373 minoris
1092 1323 1183 1390 mapis
1202 1322 1364 1378 tiberi'esse
1381 1325 1480 1378 dehent
1499 1325 1529 1379 in
1546 1343 1634 1397 repno
1648 1333 1758 1382 turena
1771 1328 1837 1398 filii
1852 1328 1936 1383 astar

229 1425 289 1462 esse
307 1408 501 1478 nummu,
528 1411 581 1463 sed
605 1409 687 1476 lonpe
704 1408 840 1478 majoris,
866 1424 951 1477 quam
976 1406 1067 1468 fuerit
1092 1407 1176 1474 reple,
1193 1409 1244 1461 sub
1255 1426 1310 1478 quo
1321 1417 1387 1463 sunt
1399 1412 1494 1464 omnia
1505 1428 1595 1480 repca
1606 1420 1707 1470 terram
1741 1412 1936 1487 ffluonymu

230 1496 331 1550 Aaron
351 1495 382 1548 in
405 1511 551 1563 synapopa
573 1494 760 1548 Judaeorum.
797 1492 1022 1564 Respondemus:
1043 1496 1064 1546 l.
1093 1492 1123 1546 in
1148 1509 1261 1550 comm:
1288 1495 1431 1550 Dominus
1459 1505 1554 1552 noster
1581 1500 1734 1553 camimum
1759 1516 1880 1556 mntem
1908 1508 1936 1555 st

232 1580 404 1638 cmondimns
420 1578 563 1651 superius,
586 1578 700 1634 Levita
719 1595 738 1633 a
754 1576 950 1650 jurisdictione
969 1593 1066 1648 regum
1092 1581 1243 1634 secudum
1264 1581 1394 1650 spiritum
1413 1583 1490 1647 titirus
1508 1584 1585 1652 repis
1603 1592 1682 1652 erat,
1700 1584 1744 1639 cst
1757 1601 1792 1639 su
1803 1587 1937 1642 Danas

209 1670 264 1724 ‘ac
284 1666 372 1722 civilis
389 1667 568 1738 magistratus
585 1682 640 1721 uon
656 1664 743 1721 fuisse
762 1663 918 1719 omnimode
936 1667 1065 1719 exemtus.
1093 1665 1182 1733 stirps
1206 1674 1368 1736 pancratis,
1392 1669 1437 1722 oct
1462 1667 1659 1736 omnipotentis
1681 1671 1782 1724 Patris
1803 1670 1936 1740 Verbum,

231 1759 255 1810 2.
279 1752 444 1809 Pontificem
467 1752 625 1808 Romanum
650 1752 733 1822 longe
760 1749 872 1821 majoris
894 1749 1066 1805 auctomtatls
1094 1767 1160 1818 erpo
1180 1752 1286 1806 tributu
1306 1755 1506 1821 perstrepunt
1521 1755 1605 1823 fitius
1625 1771 1682 1809 nen
1702 1754 1831 1813 ductu
1871 1755 1935 1812 Bel·

231 1855 300 1909 esse,
320 1854 551 1910 quamsummum
563 1837 735 1893 sacerdotem
750 1837 787 1894 V.
799 1837 833 1892 Τ.
849 1835 938 1908 gratis
956 1835 1066 1902 dicitur,
1093 1836 1225 1891 larminus
1243 1836 1273 1892 in
1286 1838 1379 1895 verbis
1390 1839 1526 1909 praeced·
1536 1839 1620 1910 hujus
1630 1856 1706 1912 cap:
1727 1839 1863 1896 C'bristus
1879 1860 1935 1898 noa

230 1926 276 1981 hic
293 1925 367 1981 onim
384 1924 480 1978 divina
501 1922 673 1979 ordinatione
695 1927 780 1994 atqua
806 1921 978 1978 institutione
997 1938 1066 1993 gau·
1091 1923 1150 1988 fruit
1166 1922 1254 1977 ullius
1272 1925 1370 1978 tributi
1390 1926 1512 1994 debitor,
1536 1926 1664 1994 quamuis
1685 1927 1761 1980 enim
1785 1944 1846 1981 non
1864 1936 1934 1983 md

233 2013 287 2082 det,
306 2029 364 2083 qua
382 2011 430 2066 ille
447 2010 559 2082 penitus
578 2009 746 2064 destituitur.
777 2014 801 2064 3.
814 2007 1016 2068 Ieviueinv.
1031 2007 1065 2064 T.
1093 2007 1169 2071 filius
1194 2010 1334 2072 caecans,
1362 2010 1413 2079 qui
1430 2011 1561 2064 tributrsm
1585 2011 1725 2082 migrent,
1747 2020 1814 2067 erat
1838 2021 1934 2068 tamea

230 2116 281 2154 nec
300 2117 395 2170 amos,
412 2113 464 2152 nec
484 2097 591 2161 fundos
609 2097 808 2165 possederunt,
831 2096 881 2151 aed
900 2111 934 2150 ex
951 2093 1067 2150 oblatio·
1088 2094 1169 2161 filius
1188 2095 1254 2164 Dei,
1276 2097 1357 2165 cujus
1374 2096 1500 2150 minutri
1514 2105 1578 2151 sunt
1596 2113 1689 2151 omnes
1707 2113 1791 2166 repes
1808 2105 1838 2152 et
1850 2100 1933 2172 prin·

231 2184 314 2240 nibus
330 2183 450 2239 filiorum
463 2182 550 2238 Iaratl
564 2197 625 2238 sese
637 2187 836 2246 sustentarunt,
852 2181 915 2237 ideo
927 2179 1066 2236 atributis
1093 2179 1168 2248 cipes
1185 2187 1289 2249 tomas,
1304 2197 1393 2252 neque
1405 2183 1505 2236 dchcrd
1516 2183 1642 2238 ministri
1650 2183 1726 2252 repis
1742 2200 1763 2237 a
1774 2184 1840 2249 utto
1854 2187 1933 2256 repis

231 2276 261 2325 et
288 2269 419 2326 oneribus
449 2268 546 2324 merito
576 2266 689 2322 fuerunt
718 2267 807 2323 liberi.
862 2266 917 2323 Sed
950 2265 1066 2337 papales
1092 2265 1224 2319 tributum
1241 2272 1344 2335 petere.
1380 2268 1537 2321 Praeterea
1560 2269 1666 2323 mitrae
1690 2270 1841 2324 sumnam
1859 2272 1932 2342 repi-

230 2355 324 2413 clerici
341 2355 451 2411 tertiam
466 2354 525 2410 fere
543 2358 651 2424 partem
670 2354 806 2409 bonorum
823 2353 908 2425 hujus
919 2351 1016 2406 mundi
1028 2351 1065 2405 ad
1092 2351 1142 2404 tus
1156 2352 1269 2405 ratione
1286 2352 1360 2406 suae
1378 2353 1463 2422 hujus
1482 2354 1641 2423 corporalis
1653 2354 1801 2410 timoribus
1815 2363 1844 2410 et
1851 2357 1931 2429 peri·

230 2460 261 2498 se
277 2442 486 2508 haustulerunt,
505 2445 537 2495 ut
553 2439 677 2496 Jacobua
695 2456 744 2495 rex
763 2438 883 2512 Angliac
899 2455 934 2494 ac
953 2440 1066 2492 senatus
1091 2436 1164 2491 culis
1192 2437 1341 2507 otnoriac,
1369 2445 1399 2492 at
1425 2437 1552 2492 Curicum
1582 2457 1638 2493 non
1661 2442 1752 2495 sotum
1776 2444 1932 2497 secandum

230 2528 355 2585 Venetus
380 2527 409 2581 in
433 2526 490 2582 suis
514 2525 651 2597 apologiis
676 2530 821 2582 testantur.
857 2525 910 2578 Est
933 2539 999 2594 ergo
1021 2522 1066 2577 hic
1091 2524 1222 2593 animam,
1240 2526 1292 2579 ced
1309 2526 1392 2580 stiam
1410 2529 1563 2581 secundum
1581 2542 1684 2594 empus
1702 2527 1775 2582 liber
1791 2537 1864 2599 erat,
1882 2546 1931 2585 nec

230 2615 326 2684 dispar
346 2613 427 2669 ratio.
474 2619 498 2668 4.
518 2609 584 2667 Sia
604 2611 710 2667 Levitis
732 2611 769 2668 V.
793 2611 827 2668 T.
848 2610 885 2665 ad
909 2608 1065 2664 sacerdotes
1091 2611 1304 2681 redentionem,
1339 2613 1392 2665 scd
1415 2611 1506 2666 solam
1535 2612 1768 2667 resurrectionen
1799 2617 1932 2685 corporis

230 2701 265 2757 N.
283 2705 315 2755 T.
332 2696 521 2771 argumentari
540 2697 621 2766 licet,
640 2697 790 2767 poterimus
807 2702 905 2752 conus
923 2693 1064 2751 Bellarmi·
1092 2696 1284 2766 suspectabat,
1310 2713 1398 2766 nepte
1423 2697 1562 2767 periculis
1589 2703 1640 2751 aut
1656 2698 1774 2767 injuriis
1793 2701 1932 2756 ohnorias

229 2805 295 2842 num
311 2785 352 2841 sic
371 2783 481 2842 inferre.
519 2782 718 2840 Sacerdotibus
742 2783 777 2838 V.
797 2782 831 2838 T.
856 2781 935 2837 licuit
951 2781 981 2836 in
1000 2796 1065 2836 cou-
1091 2789 1168 2849 erat,
1188 2796 1276 2852 neque
1291 2782 1380 2837 ullius
1398 2784 1474 2851 repis
1492 2783 1656 2849 defendens
1681 2784 1839 2853 indipehat.
1874 2784 1931 2844 Sed

226 2873 308 2945 jugie
325 2871 428 2928 vivero.
465 2870 541 2942 lisga
562 2869 636 2925 idem
655 2869 720 2924 licet
736 2867 867 2925 ministris
885 2867 1018 2924 ecclesiae
1036 2868 1065 2923 in
1091 2867 1210 2923 immane
1233 2873 1370 2940 quantum
1394 2869 1424 2922 in
1445 2867 1489 2922 his
1512 2868 1640 2924 omuibus
1663 2869 1813 2926 schusen
1837 2872 1931 2930 clerici

228 2959 317 3018 Novo.
353 2966 378 3014 5.
403 2958 445 3012 Ex
471 2957 570 3013 eadem
593 2954 742 3027 hypothesi
767 2955 807 3009 sic
833 2954 984 3026 poterimus
1001 2970 1065 3008 con·
1092 2954 1206 3026 papales
1230 2952 1349 3009 dbtautl
1374 2971 1441 3008 num
1464 2955 1538 3010 euim
1561 2955 1645 3011 ctiam
1669 2955 1724 3028 ipsi
1748 2973 1861 3028 regnum
1886 2959 1931 3016 vel

229 3045 350 3103 cludere.
398 3042 597 3102 Sacerdotibus
627 3058 684 3096 nou
721 3041 824 3097 licebat
862 3040 1065 3112 possessionem
1092 3039 1174 3095 etiam
1193 3039 1248 3096 Dei
1267 3039 1354 3111 ipsius
1376 3046 1442 3095 sust
1464 3040 1516 3096 filii
1540 3041 1701 3098 naturales?
1718 3060 1787 3099 uum
1806 3044 1931 3116 ipsorum
1987 3030 1990 3035 ¹

230 3132 341 3195 habere,
361 3131 428 3203 quia
444 3131 584 3186 Dominus
602 3130 728 3200 ipsorum
740 3129 897 3199 possessio,
923 3129 1004 3185 Num
1024 3135 1066 3198 18,
1091 3127 1149 3182 vita
1167 3125 1318 3198 corporalis
1349 3144 1404 3182 non
1429 3122 1548 3199 amplius
1572 3128 1717 3184 timoribus
1745 3145 1781 3186 ac
1798 3131 1930 3203 pmicuiis

230 3238 256 3273 r.
275 3224 318 3275 26.
338 3224 368 3272 et
392 3222 433 3274 23,
474 3216 551 3287 Eugo
572 3215 646 3269 idem
661 3230 717 3269 non
741 3214 808 3270 licet
825 3214 1015 3271 sacerdotibus
1035 3217 1065 3271 iu
1092 3220 1135 3269 cst
1154 3211 1293 3269 obnoxia?
1318 3229 1384 3268 num
1402 3213 1444 3268 illi
1469 3214 1553 3269 etiam
1571 3232 1627 3271 uon
1645 3216 1859 3288 redemtionem,
1880 3219 1930 3276 scd

231 3304 267 3361 N.
283 3304 316 3361 T.
336 3320 394 3376 qua
410 3301 518 3357 ratione
538 3299 661 3372 pontifex
679 3307 708 3355 et
725 3300 849 3373 episcopi
862 3317 992 3373 magnam
1010 3308 1065 3357 ter·
1092 3300 1179 3356 solam
1196 3299 1425 3355 resurrectionem
1443 3301 1567 3372 corporis
1586 3302 1767 3373 exspectanti
1782 3321 1852 3360 uum
1868 3306 1930 3363 nul·

230 3408 322 3447 rarum
354 3405 388 3445 ac
415 3385 622 3459 provinciarum
648 3402 760 3442 sumum
786 3386 890 3443 iaciant
915 3388 1063 3458 jacturam.
1091 3386 1144 3441 lius
1168 3385 1328 3441 defensioue
1350 3384 1498 3458 indigent?
1547 3391 1572 3442 6.
1591 3386 1621 3443 Si
1642 3388 1678 3441 ad
1703 3389 1877 3459 spiritualem
1900 3392 1930 3448 in

230 3475 365 3548 Sulpitius
383 3473 500 3531 Severm
515 3472 564 3530 lib.
586 3479 608 3528 1.
627 3471 693 3528 hist.
712 3488 782 3527 sac:
804 3472 909 3526 Levitis
925 3473 955 3527 in
973 3490 1065 3528 cacer-
1093 3472 1147 3529 Dei
1170 3471 1242 3527 filios
1266 3476 1295 3527 et
1314 3469 1416 3527 Christi
1440 3489 1558 3544 regnum
1580 3472 1759 3544 adoptionem
1777 3476 1930 3550 confugcse

229 3562 337 3618 dotium
355 3561 486 3615 csmmtis
503 3560 584 3614 nulla
599 3559 696 3630 portio
709 3560 788 3627 date,
808 3577 863 3628 quo
881 3559 1065 3614 liberiusscr-
1092 3558 1185 3623 velint,
1205 3556 1327 3614 breviter
1337 3557 1545 3628 respondemus,
1565 3574 1627 3614 eam
1644 3558 1752 3615 clericis
1766 3577 1831 3618 cum
1842 3564 1929 3621 omui-

228 3650 321 3706 oircnt
347 3649 421 3703 Deo.
465 3646 607 3716 Equidem
635 3647 686 3700 hoc
707 3647 861 3715 cuempiam
883 3664 939 3701 non
963 3647 1065 3701 tacitus
1092 3645 1144 3700 bns
1164 3661 1230 3700 vere
1248 3643 1302 3714 piis
1321 3659 1381 3698 esse
1399 3659 1587 3713 communem,
1612 3645 1711 3716 quodsi
1730 3662 1799 3719 ergo
1816 3656 1930 3722 propter

225 3733 426 3806 praeterierim
439 3733 641 3801 lcpcndumqus
654 3731 792 3786 minen-is
803 3732 937 3787 ccclesiae
948 3732 1065 3788 libenter
1093 3746 1155 3786 cam
1180 3729 1274 3786 clerici
1302 3746 1320 3785 a
1348 3729 1488 3785 solvendis
1515 3729 1628 3786 tributis
1655 3736 1721 3788 suut
1749 3732 1846 3791 divino
1865 3738 1931 3808 June

229 3821 402 3888 incesserim.
456 3819 570 3874 Etenim
597 3819 748 3889 praecepti
774 3819 859 3888 hujus
890 3837 947 3874 non
973 3819 1064 3874 solum
1091 3816 1181 3882 liberi,
1199 3832 1295 3871 omnes
1305 3833 1370 3873 vere
1384 3816 1424 3888 pii
1443 3816 1579 3873 libertatis
1590 3816 1665 3871 illius
1678 3818 1832 3891 participes
1851 3830 1930 3880 eram

229 3909 418 3972 immemores,
442 3906 494 3959 ssd
512 3905 596 3959 ctiam
613 3904 712 3974 ipnori
726 3904 798 3957 miti
813 3904 958 3970 uidentur,
982 3912 1064 3960 tanta
1090 3902 1220 3969 faciendi,
1232 3909 1265 3958 ut
1276 3901 1345 3958 nihil
1359 3901 1451 3958 dicam
1465 3902 1499 3959 de
1510 3919 1553 3973 eo,
1572 3904 1646 3975 quod
1658 3904 1836 3978 privilegium
1849 3908 1930 3980 spiri·

229 3995 282 4062 hoc
308 4000 431 4063 tempore
454 3991 562 4046 animos
588 4007 681 4044 eorum
706 3990 830 4044 habendi
854 3992 958 4061 cupido
980 3993 1066 4047 ueluti
1092 3990 1175 4047 tualis
1192 3989 1328 4045 libertatis
1349 3989 1378 4044 in
1393 4005 1480 4061 regno
1492 3988 1595 4045 Christi
1607 4008 1663 4046 non
1674 3990 1930 4064 importatprivile·

230 4081 308 4136 tabes
327 4078 455 4144 incessit,
472 4078 581 4133 inhiant
594 4078 828 4147 possessionibus,
843 4078 969 4149 praedia
986 4096 1063 4134 ecco·
1091 4077 1168 4150 gium
1186 4075 1346 4131 exemtionis
1360 4074 1397 4131 ab
1415 4074 1574 4131 ohedientia
1591 4074 1619 4130 in
1631 4077 1724 4148 regnis
1734 4076 1820 4150 huJus
1832 4079 1928 4136 seculi.

229 4170 298 4236 tunt,
315 4182 387 4221 auro
401 4164 542 4234 incubant,
562 4172 652 4218 emunt
672 4165 855 4234 venduntque,
875 4166 1065 4235 puaenuipsr
1093 4169 1116 4219 6.
1135 4163 1286 4233 Cajetanus
1305 4160 1417 4233 quidem
1438 4160 1468 4216 iu
1484 4177 1581 4217 comm.
1598 4178 1650 4232 per
1667 4160 1739 4217 filios
1756 4164 1832 4236 regis
1849 4165 1929 4224 intel·

230 4254 325 4308 omnio
339 4253 461 4310 student.
484 4249 531 4307 Sic
544 4249 629 4320 louge
642 4248 722 4305 aliter
734 4248 891 4322 exemplum
905 4250 1065 4306 Levitarum
1092 4248 1219 4322 ligendos
1238 4263 1299 4303 essa
1319 4245 1387 4301 dicit
1404 4247 1557 4317 episcopos,
1570 4248 1750 4319 presbyteros
1761 4258 1788 4304 ct
1801 4252 1929 4324 cimices,

231 4356 249 4394 a
270 4337 461 4395 sacerdotibus
478 4335 627 4408 papalibus
642 4335 809 4391 considerari
822 4336 904 4408 jubet
923 4334 1065 4407 Sulpitius.
1094 4353 1126 4392 eo
1145 4334 1219 4405 quod
1242 4334 1314 4389 tales
1336 4333 1459 4404 praesint
1478 4334 1508 4387 in
1526 4349 1613 4406 reguo
1633 4334 1700 4405 Dei,
1724 4342 1861 4408 tanquam
1879 4338 1930 4395 filii

103 4421 219 4516 fflffihn
268 4430 326 4482 463.
363 4429 387 4481 3.
412 4421 511 4478 Matth.
534 4429 582 4479 17:
601 4423 682 4492 Erpo
702 4421 786 4475 liberi
803 4429 867 4475 sunt
890 4421 952 4487 neti.
1001 4423 1066 4476 Cum
1093 4421 1166 4494 regis
1185 4420 1335 4489 constituti,
1352 4418 1389 4474 ab
1408 4419 1469 4490 ipso
1488 4418 1524 4474 ad
1542 4437 1659 4492 regnum
1673 4438 1754 4476 suum
1771 4424 1930 4496 gubernan-

105 4501 218 4566 m‘rsnur.
232 4512 306 4567 enim
318 4510 380 4582 fitis·
395 4527 491 4579 repam
509 4528 527 4564 a
545 4509 658 4563 tributis
674 4509 845 4573 erimantur,
870 4526 926 4562 non
942 4508 1067 4578 ipsorum
1094 4508 1175 4573 dum,
1201 4523 1284 4577 quem
1308 4505 1494 4561 Bellarrninus
1518 4505 1572 4560 hcc
1596 4504 1657 4562 loco
1678 4508 1818 4581 sequitur,
1846 4512 1931 4569 seda

230 4613 370 4670 personae
390 4603 507 4663 tantum,
525 4594 679 4649 sedetiam
698 4594 771 4649 serui
787 4601 814 4648 et
831 4593 965 4664 ministri,
983 4603 1066 4664 atque
1095 4593 1229 4665 Cajetano
1267 4591 1415 4648 discedunt
1452 4590 1603 4647 Jausenius
1638 4593 1668 4648 in
1705 4609 1728 4650 c
1763 4598 1806 4653 63.
1841 4595 1930 4656 barm

234 4686 307 4739 adeo
320 4683 447 4755 ipsorum
458 4681 592 4747 familiae
606 4698 624 4734 a
637 4679 748 4734 actutu
760 4679 924 4738 crimmum
956 4680 1067 4736 Certum
1096 4696 1192 4749 evang.
1210 4696 1238 4749 p.
1258 4685 1317 4736 622.
1335 4685 1363 4733 et
1380 4676 1529 4734 Salmeron
1548 4680 1614 4732 tom.
1633 4683 1657 4733 6.
1675 4683 1709 4733 tr.
1728 4683 1769 4734 37.
1783 4697 1813 4752 p.
1826 4687 1886 4742 tto.
1899 4678 1931 4738 at

233 4778 328 4825 autem
348 4776 405 4833 est,
433 4767 550 4822 elericos
583 4782 677 4820 omnes
705 4767 825 4835 proprie
853 4768 895 4820 ad
921 4768 1067 4833 familiam
1094 4771 1234 4834 statuunt,
1266 4764 1357 4820 verius
1387 4781 1420 4819 ac
1450 4762 1564 4819 solidius
1594 4763 1649 4819 dici
1676 4781 1772 4836 posse,
1804 4766 1931 4823 theim

234 4854 345 4920 Christi,
363 4853 413 4924 qui
431 4861 470 4907 est
486 4852 564 4918 filius
577 4852 653 4922 repis
671 4868 776 4921 repam,
789 4851 939 4921 pertinere.
975 4854 1067 4924 Atque
1094 4853 1209 4924 quando
1230 4851 1300 4905 dicit
1311 4850 1392 4920 filios
1408 4850 1535 4920 supremi
1551 4849 1626 4919 repis
1643 4850 1749 4907 liberos
1766 4869 1835 4926 esse,
1854 4855 1933 4926 toqui

231 4943 265 4997 id
287 4942 398 4996 uidetur
418 4940 557 4994 Dominus
584 4939 745 5008 siqnisicore
779 4938 914 5009 coluisse,
943 4957 1004 4994 cum
1027 4941 1068 4994 ait
1095 4941 1131 4994 de
1147 4938 1217 5007 filiis
1236 4936 1425 5004 naturalibus,
1447 4935 1556 4992 addunt
1572 4935 1656 4992 etiam
1667 4936 1803 4996 rationem
1820 4940 1929 4998 ouden-

231 5029 331 5097 Petro,
360 5035 390 5080 ut
417 5033 511 5080 autem
536 5043 593 5080 non
616 5024 840 5079 scandalizemus
870 5041 931 5094 eos,
958 5043 1068 5082 sumens
1094 5032 1165 5080 tem:
1187 5023 1222 5080 Si
1242 5022 1370 5079 Christus
1388 5020 1512 5092 loquitur
1530 5023 1566 5076 de
1585 5021 1645 5087 his,
1665 5024 1716 5092 qui
1731 5026 1830 5094 quood
1848 5028 1931 5085 modo

230 5120 371 5181 staterem,
390 5112 429 5166 du
454 5110 515 5167 illis
533 5128 598 5180 pro,
613 5128 655 5165 me
673 5116 700 5166 et
716 5128 772 5180 pro
789 5119 827 5181 te,
856 5128 882 5180 q.
902 5113 932 5166 d.
949 5119 975 5165 et
992 5130 1021 5168 se
1041 5122 1068 5168 et
1094 5119 1158 5166 sunt
1177 5108 1239 5181 filii
1263 5110 1335 5178 Dei,
1362 5124 1455 5163 omnes
1476 5107 1601 5163 homines
1626 5112 1792 5168 assensuros
1820 5113 1933 5185 Ζῶσαι,

231 5200 377 5264 familiam
394 5215 488 5263 mam,
506 5198 588 5267 cujus
603 5199 767 5267 praefectus
786 5206 847 5252 erat
866 5198 982 5269 Petrus,
1001 5200 1067 5254 libe·
1094 5216 1156 5252 cuns
1176 5213 1270 5251 omnm
1287 5196 1494 5266 aliquomodo,
1520 5195 1620 5249 saltem
1642 5197 1753 5252 ratione
1771 5199 1931 5256 creatam.

231 5303 280 5340 ros
299 5303 318 5339 a
339 5284 452 5339 tributis
472 5300 531 5338 esse
551 5284 659 5339 dehere.
695 5283 919 5354 Respondemuaz
942 5289 965 5338 1.
979 5284 1068 5341 iuver·
1094 5285 1151 5340 sint
1162 5283 1225 5354 filii
1241 5282 1308 5339 Dei.
1343 5288 1367 5338 7.
1384 5281 1444 5340 Nec
1456 5279 1557 5352 obstat,
1577 5282 1653 5352 qnod
1672 5282 1801 5339 Chrs'stus
1819 5283 1851 5338 in
1865 5285 1931 5355 plu·

231 5370 315 5427 timus
337 5376 539 5444 argumentum.
575 5367 648 5435 Quia
665 5369 791 5426 Christus
815 5387 865 5441 pro
889 5388 919 5425 sc
939 5376 967 5426 et
984 5372 1068 5428 Petro
1093 5372 1155 5426 ruli
1174 5368 1310 5441 toquitm,
1336 5386 1403 5438 erpo
1430 5368 1513 5424 lihesi
1536 5377 1601 5424 sunt
1611 5369 1684 5438 filii,
1707 5376 1737 5423 ut
1759 5377 1854 5425 autem
1877 5388 1931 5426 noa

105 5473 161 5519 nv.
174 5473 220 5518 am
234 5456 424 5513 didrachmum
441 5455 536 5528 solvit,
561 5454 623 5512 ideo
642 5453 796 5526 exemplum
821 5456 882 5526 ejus
899 5454 992 5513 clerici
1009 5457 1069 5514 imi-
1095 5455 1318 5512 scandaliscmus
1335 5472 1393 5519 eos,
1421 5457 1494 5510 vade
1516 5459 1568 5512 etc.
1591 5455 1671 5527 quasi
1688 5453 1816 5511 videatur
1830 5456 1932 5514 Petrus

232 5546 333 5598 tentus.
376 5548 401 5600 2.
423 5541 487 5601 Non
508 5542 603 5616 agitur
625 5541 666 5601 lbi
687 5541 722 5597 de
746 5540 826 5598 totali
853 5540 1006 5601 exemtione
1031 5543 1067 5602 ab
1080 5502 1151 5601 inon
1168 5541 1221 5599 uisi
1238 5541 1364 5599 scanddl
1385 5541 1491 5599 vitandi
1517 5558 1603 5600 causa
1618 5558 1669 5615 pro
1687 5558 1717 5600 sa
1734 5558 1851 5601 censum
1867 5560 1932 5619 per·
