4020 6014
614 376 619 395 ¹
716 379 768 435 DE
785 378 1009 438 MINIS'I'ERIO
1026 377 1327 439 uocmmsrtco.
1803 390 1865 452 249

167 534 288 600 ratione,
307 535 376 602 quia
393 551 502 605 suaper
518 538 658 589 orandum
678 545 733 599 est,
753 544 784 590 ut
798 545 883 605 putat
903 535 1020 601 Hiero-t
1038 535 1072 588 Ut
1089 536 1162 589 enim
1179 538 1354 601 misereatur,
1373 539 1503 592 mundius
1519 542 1678 594 mandas
1691 549 1738 594 est.
1766 540 1868 602 Quam·

168 638 267 688 npnssis
285 628 383 673 contra
400 622 584 675 Jooinianum
602 622 650 676 lib.
672 627 696 676 1.
716 640 740 676 c.
759 626 801 678 te.
818 624 909 676 sacris
928 623 1006 676 ordi·
1033 622 1075 673 oio
1092 626 1199 675 monela
1216 624 1273 677 sint
1291 626 1439 693 eonjupia,
1465 634 1557 680 tamen
1574 646 1593 680 a
1614 627 1699 679 licitis
1717 628 1803 680 etiam
1819 627 1868 680 ab-

168 706 250 760 nibus
264 708 450 761 continentiae
468 716 559 762 uotum
577 726 714 762 annerum
731 717 785 778 est,
802 710 941 779 siquidem
958 710 1006 761 ba·
1033 708 1193 761 stinendum
1219 716 1273 775 est,
1304 719 1334 762 ut
1355 713 1476 775 facilites
1498 715 1540 766 aci
1560 716 1686 784 effectum
1714 714 1869 767 deducatis·

170 793 236 861 bitu,
255 810 312 846 non
332 801 398 847 actu
417 811 527 862 semper
540 798 681 849 mondum
698 804 747 862 est,
765 798 842 864 meod
861 796 1008 863 conjupati
1033 794 1132 847 oratio.
1170 794 1270 850 Refero
1288 795 1344 850 huc
1361 798 1452 851 lecum
1470 798 1686 868 pulcherrimum
1704 814 1738 851 ex
1753 796 1868 853 Brentio

170 896 278 949 quoeris
289 879 565 947 efficeresalcnt.)”
584 887 608 937 2.
619 880 1006 954 Necloquiturapostelusde
1032 879 1061 933 in
1080 881 1153 951 spol.
1175 881 1291 936 confess.
1309 881 1450 939 Wirtenb.
1468 901 1496 953 p.
1517 889 1581 940 688:
1599 885 1739 953 Loquitur
1757 889 1868 952 aposto·

169 967 356 1019 communibus
375 975 402 1019 et
424 967 598 1036 quotidianis
623 968 848 1024 Christianorum
868 969 1005 1037 precibrm
1034 965 1079 1017 lue
1106 985 1163 1020 non
1190 970 1225 1020 de
1251 967 1381 1036 privata,
1412 971 1464 1022 sed
1491 972 1526 1023 de
1552 970 1671 1038 publica
1694 970 1867 1038 preconante.

170 1050 201 1106 Si
218 1052 293 1106 enim
312 1068 408 1107 sensus
427 1061 508 1119 esset,
528 1071 575 1109 eos
592 1055 640 1126 qui
651 1055 794 1127 conjugali
806 1053 1007 1109 consuetudine
1033 1051 1110 1104 Nam
1128 1060 1154 1105 et
1173 1054 1284 1107 Paulas
1302 1056 1490 1123 protrahebat
1515 1057 1628 1109 lboade
1650 1071 1805 1109 samonsm
1823 1072 1868 1108 us·
1969 1048 1972 1053 ’

170 1143 294 1205 utuntur,
313 1154 368 1192 non
384 1155 465 1209 posse
484 1140 528 1194 vel
541 1140 743 1209 debereorare,
762 1139 898 1212 quomodo
914 1138 1006 1191 locum
1033 1154 1086 1206 que
1113 1141 1154 1191 ad
1177 1141 1300 1193 mediam
1324 1149 1443 1205 nocmm,
1478 1149 1504 1194 et
1529 1151 1634 1211 pastea
1659 1141 1815 1195 Christiani
1838 1142 1868 1194 in

169 1222 304 1279 haberent
321 1224 386 1280 illae
407 1225 521 1296 regulae
533 1225 602 1282 Luc.
619 1232 658 1295 18,
678 1245 703 1280 v.
721 1233 749 1281 l:
770 1227 886 1297 Oportet
898 1240 1007 1292 semper
1019 1274 1021 1287 ,
1034 1226 1237 1292 exspectatione
1257 1226 1449 1293 periculorum
1473 1229 1601 1280 solebant
1621 1234 1704 1281 nonu
1722 1227 1867 1281 conuenire

171 1317 356 1365 orareetnon
365 1314 492 1376 deicae.
514 1312 711 1382 Eph.o,v.1s:
725 1311 930 1366 Orantcsomni
942 1319 1007 1362 tem·
1034 1327 1068 1362 ac
1096 1311 1215 1364 salutem
1242 1330 1324 1365 suam
1352 1313 1477 1366 Domino
1497 1313 1623 1381 publicis
1643 1314 1776 1381 precibus
1798 1330 1868 1366 com·

166 1413 240 1466 pore
256 1397 287 1449 in
311 1399 423 1466 spiritu.
453 1398 711 1468 l.Thess.5,r.l't:
730 1398 926 1464 ἀδιαλείπτως,
947 1399 1008 1450 sine
1034 1398 1185 1464 mendam
1216 1400 1292 1451 unde
1310 1405 1337 1451 et
1354 1399 1518 1466 cipiliarum
1539 1416 1637 1452 nomen
1655 1400 1804 1451 deductssm
1821 1404 1869 1460 est,

170 1483 384 1548 obmanens
397 1493 483 1538 orate.
513 1485 595 1539 Certe
610 1485 634 1539 si
648 1485 683 1540 ds
696 1484 887 1539 communibus
900 1491 1006 1553 etquo-
1034 1490 1061 1534 et
1082 1484 1263 1537 muniuerunt
1290 1484 1482 1537 Tertullianus
1505 1501 1541 1536 ac
1559 1485 1672 1537 Plinius
1690 1484 1869 1537 antelucano-

170 1568 286 1623 tidianis
300 1569 428 1639 precibus
441 1571 583 1640 apestolus
596 1571 763 1642 loqueretur,
780 1571 1006 1627 omnibussma·
1034 1586 1096 1620 rum
1114 1577 1250 1636 connum,
1278 1570 1376 1638 quibua
1399 1570 1555 1623 Christiani
1571 1571 1651 1622 soliti
1667 1571 1723 1622 sint
1744 1577 1809 1622 ante
1826 1570 1868 1624 lu·

172 1655 301 1710 trimonio
309 1655 591 1726 foretebstinendum,
603 1656 897 1729 scnemoinconjugie
906 1655 1008 1710 salvari
1035 1670 1092 1707 cem
1130 1656 1278 1708 convenire
1306 1671 1474 1725 carmenque
1505 1654 1617 1708 Christo
1647 1656 1750 1708 dicere.
1800 1654 1869 1708 (ιιιιιι

172 1749 276 1812 posset,
289 1742 355 1813 quis
366 1742 412 1795 cui
425 1743 570 1807 invocatio,
584 1744 672 1799 eidem
681 1745 765 1799 etiam
773 1744 842 1799 fides
851 1742 1008 1813 etSpiritus
1035 1741 1123 1808 ipitur
1148 1741 1259 1793 Paulus
1283 1743 1414 1795 hortatur
1439 1743 1574 1811 conjupes
1599 1744 1640 1794 acl
1659 1750 1765 1810 tenipus
1785 1742 1869 1795 absti-

173 1827 339 1882 inhabitstio
357 1828 488 1883 adimitur
497 1829 624 1894 Bomio,
637 1848 662 1883 v.
679 1836 717 1885 13.
746 1836 770 1885 3.
779 1829 915 1901 quuitur
924 1827 1009 1899 igitur
1036 1843 1111 1889 nere,
1130 1835 1160 1880 ut
1176 1836 1274 1881 vacem
1288 1828 1466 1897 precationi,
1487 1828 1613 1897 loquitur
1632 1830 1667 1880 de
1685 1827 1739 1880 hac
1752 1827 1869 1897 publica

175 1916 211 1967 tle
237 1916 398 1968 solennibus
422 1917 611 1984 orationibus,
647 1933 719 1987 quse
742 1916 787 1971 vel
812 1915 849 1971 ob
871 1915 1008 1987 insignem
1032 1914 1210 1982 precatione,
1237 1931 1309 1982 quae
1330 1922 1413 1969 noctu
1431 1915 1461 1967 in
1479 1922 1613 1968 conuenta
1631 1915 1764 1968 ecclesiae
1780 1915 1869 1978 fiebat.

174 2000 298 2070 aliquam
314 2001 464 2071 publicam,
484 2002 527 2056 vel
548 2003 726 2057 domesticam
745 2003 946 2069 calamitatem,
964 2000 1008 2054 vel
1036 2001 1111 2052 Nam
1141 2008 1172 2053 ut
1201 2001 1296 2054 liceret
1318 2002 1390 2055 hunc
1416 2009 1576 2055 concentum
1593 2001 1711 2053 sanare
1728 2001 1789 2054 sua
1807 2009 1870 2055 tem

176 2086 213 2141 ob
236 2087 375 2142 minismos
393 2087 526 2143 ecclesiae
544 2089 722 2160 deligendos,
746 2088 793 2144 vel
812 2106 845 2143 ex
867 2089 924 2143 alis
941 2105 1008 2160 qus·
1031 2087 1151 2154 poribus
1170 2094 1196 2139 et
1212 2104 1312 2157 preces
1331 2106 1399 2141 snas
1417 2105 1479 2140 cum
1499 2088 1617 2140 ecclesia
1630 2087 1744 2155 publice
1756 2087 1870 2156 conjun-

176 2174 240 2227 dam
259 2190 344 2228 causa
360 2174 594 2243 suscipiebantur,
620 2175 648 2228 in
674 2175 775 2246 quibus
792 2192 854 2230 cum
875 2174 1008 2245 prophete
1035 2192 1108 2243 pere,
1127 2176 1316 2229 necessariam
1335 2184 1404 2245 erat,
1424 2183 1455 2228 ut
1472 2176 1605 2244 conjupes
1616 2175 1726 2228 interea
1739 2175 1871 2244 temporis

176 2259 257 2314 boile
284 2277 308 2315 c.
333 2266 361 2324 2,
389 2276 414 2314 r.
441 2266 480 2315 ιι.
511 2261 678 2316 menendum
702 2280 736 2317 sc
761 2262 947 2324 euadendum,
978 2270 1009 2314 ut
1036 2278 1054 2313 a
1078 2262 1222 2316 concubim
1244 2262 1419 2316 abstinerent.
1461 2261 1544 2322 Quod
1569 2269 1660 2314 autern
1684 2262 1725 2313 ad
1741 2261 1870 2314 ἀοιιιιιι·

175 2364 294 2416 monens
320 2348 355 2398 de
379 2347 503 2400 thalamo
528 2366 579 2401 ssia
603 2356 629 2400 et
654 2366 761 2417 spem
783 2350 820 2401 dc
846 2349 934 2401 cubili
958 2366 1008 2402 srso
1036 2365 1097 2402 cam
1124 2356 1150 2402 et
1171 2348 1315 2417 priuatam
1338 2348 1533 2417 precationem
1565 2347 1678 2412 attinet,
1710 2346 1871 2415 conjupium

178 2434 349 2501 eprcdiatur,
366 2438 395 2487 et
412 2450 445 2488 ex
464 2433 547 2490 Zach.
563 2440 602 2501 12,
621 2451 647 2491 v.
671 2440 710 2489 12.
728 2442 758 2486 ut
775 2434 910 2498 familiae
923 2434 1008 2503 plan·
1035 2435 1121 2488 multo
1140 2434 1239 2502 plures
1255 2443 1282 2488 et
1298 2435 1423 2502 maiores
1441 2436 1524 2504 affert
1544 2433 1705 2486 occasiones
1720 2433 1873 2487 invocandi

175 2528 244 2588 pant
263 2520 379 2573 seorsim
398 2539 432 2574 ac
449 2522 581 2574 mulieres
600 2537 698 2574 earum
720 2521 862 2589 pionpant
881 2520 1007 2575 seorsim.
1035 2521 1128 2573 Deum
1165 2528 1191 2574 et
1226 2521 1336 2590 pretim
1365 2521 1430 2574 Deo
1462 2520 1569 2589 apendi
1596 2536 1681 2588 worn
1709 2518 1870 2572 coelibatus.

176 2605 260 2661 Tales
280 2605 410 2676 publicae
428 2613 457 2661 et
475 2608 602 2662 solennes
619 2606 757 2661 orationes
777 2606 806 2660 in
825 2606 933 2678 aliquot
950 2607 1009 2662 dies
1037 2605 1165 2659 Ohn'stm
1191 2613 1218 2659 et
1238 2606 1349 2658 Paulus
1374 2607 1487 2669 docent,
1516 2621 1624 2674 semper
1649 2621 1684 2658 ac
1709 2605 1770 2657 sine
1787 2604 1871 2657 inter·

176 2691 409 2763 producebantur,
427 2693 456 2747 in
473 2693 528 2747 illis
546 2699 578 2747 ut
594 2694 727 2764 conjuges
743 2709 761 2746 s
780 2709 930 2765 conpensu
944 2709 1009 2747 cou-
1034 2691 1167 2744 ababuc
1184 2694 1322 2745 mandam
1339 2707 1413 2758 esse,
1438 2693 1479 2743 acl
1496 2692 1547 2744 hoc
1562 2692 1771 2760 praestandum
1784 2689 1872 2758 jurata

173 2777 266 2849 jugali
287 2778 340 2832 eibi
359 2785 526 2848 temperent,
558 2778 700 2848 apostolus
718 2778 830 2847 suadet,
858 2797 913 2833 nou
934 2779 1008 2850 quod
1035 2793 1129 2829 ueram
1154 2778 1215 2846 ejus
1238 2777 1405 2831 sententiam
1426 2776 1475 2844 pii
1499 2777 1632 2845 conjupes
1654 2793 1797 2845 nanpream
1814 2792 1871 2831 non

176 2865 348 2921 consuetudo
371 2866 526 2937 conjugalis
545 2865 574 2919 in
594 2881 624 2919 se
642 2881 676 2919 sc
694 2881 745 2935 per
762 2882 792 2920 ss
811 2865 848 2920 sit
866 2865 963 2919 illicita
981 2870 1010 2919 st
1035 2881 1115 2917 mmm
1132 2863 1233 2916 habent
1252 2863 1503 2932 opportunitatem,
1525 2879 1598 2914 nrinc
1618 2863 1690 2915 enim
1704 2861 1870 2929 periclitam

176 2969 273 3024 preter
296 2952 430 3023 impediat
452 2954 497 3008 vel
515 2952 660 3024 inquinet,
686 2951 736 3006 sed
760 2958 792 3006 nt
808 2952 907 3006 ceteris
924 2968 1008 3023 nego·
1036 2957 1083 3001 tur
1103 2952 1139 3003 de
1156 2950 1247 3018 sama,
1265 2966 1337 3002 nunc
1356 2950 1392 3002 de
1402 2947 1607 3016 facultatibus,
1623 2964 1697 3001 nunc
1716 2948 1751 3001 cle
1766 2944 1870 3017 liberio,

177 3040 223 3093 tiis
244 3039 371 3093 omnibus
389 3038 555 3109 posthabitis
572 3055 602 3092 se
617 3042 692 3092 totos
709 3037 810 3092 dedere
829 3039 937 3108 possint
952 3047 1008 3091 stu-
1036 3054 1108 3089 nunc
1133 3038 1168 3090 ote
1191 3035 1402 3104 persecutione,
1429 3050 1502 3087 nunc
1530 3035 1566 3087 de
1588 3034 1657 3088 aliis
1679 3033 1870 3088 incommodis.

178 3126 224 3180 dio
243 3125 368 3195 pietatis,
390 3125 482 3180 ardori
502 3141 615 3195 precum
636 3131 664 3179 et
681 3123 841 3178 interiorum
859 3124 1009 3179 affectuum
1038 3122 1156 3195 Semper
1173 3123 1263 3192 ipitar
1282 3122 1391 3185 habent,
1409 3137 1464 3190 asso
1483 3120 1616 3173 attollant
1634 3122 1725 3173 corda
1736 3128 1763 3173 ct
1774 3121 1871 3189 capita

177 3211 310 3267 culturae.
345 3211 460 3267 Veteres
480 3212 553 3266 enim
574 3210 676 3265 talibus
695 3211 865 3282 temporibus
883 3227 938 3264 non
950 3216 1010 3265 tnn-
1035 3227 1089 3262 sua
1106 3212 1147 3262 ad
1164 3210 1350 3263 invocandam
1367 3207 1512 3261 coelestem
1530 3224 1617 3276 opem.
1649 3206 1763 3259 interea
1778 3213 1872 3260 αιιιοιι

177 3305 236 3354 tum
258 3298 347 3353 licitas
374 3298 486 3354 delicias
511 3315 529 3352 s
555 3315 585 3353 se
610 3297 797 3367 abdicabant,
823 3296 872 3351 sed
890 3296 1010 3350 mama
1036 3297 1063 3349 si
1078 3297 1149 3366 quid
1164 3296 1359 3365 beneficiorum
1375 3312 1394 3346 a
1415 3295 1478 3347 Deo
1496 3292 1672 3362 acceperint,
1695 3293 1723 3344 si
1743 3309 1776 3345 ea
1797 3293 1871 3362 ipso·

177 3385 352 3453 necessariis,
369 3384 448 3449 cibo,
465 3391 542 3455 potu,
563 3401 668 3452 somno,
683 3384 801 3456 negotiis
819 3391 872 3439 etc.
891 3382 1010 3438 abstine·
1035 3400 1099 3435 rum
1121 3382 1253 3451 conjupio
1281 3389 1307 3434 et
1329 3389 1423 3433 mutuo
1442 3387 1500 3432 tam
1519 3395 1588 3446 erpa
1604 3395 1634 3432 se
1651 3378 1769 3431 inm'cem
1787 3395 1871 3448 quam

177 3472 255 3529 bsnt.
292 3479 315 3529 t.
328 3471 410 3526 Hanc
428 3471 684 3542 interpretationem
700 3475 822 3524 nostram
839 3469 1011 3540 prebstipse
1037 3486 1106 3535 erpa
1136 3468 1239 3521 liberas
1265 3469 1368 3537 affectu
1395 3468 1601 3519 admoncantur
1625 3466 1660 3516 de
1687 3465 1789 3533 affectu
1813 3465 1874 3519 Dei

183 3563 336 3627 contextus,
354 3574 444 3629 neque
464 3558 537 3612 enim
557 3557 626 3612 dicit
644 3556 798 3628 apostolus,
824 3555 911 3609 nolite
928 3557 1011 3616 frou·
1037 3555 1137 3608 Patris
1156 3571 1224 3622 erpa
1242 3555 1320 3622 ipsos
1338 3560 1368 3604 ut
1385 3568 1519 3620 sponsam
1538 3568 1587 3604 scu
1603 3558 1634 3603 ut
1652 3550 1776 3603 membm
1788 3551 1872 3606 eceb

179 3649 250 3700 aare
274 3646 406 3712 invicem,
439 3646 496 3698 nisi
521 3646 597 3708 forte
616 3661 649 3698 ea
677 3659 814 3697 consensu
837 3643 880 3695 ad
895 3650 1011 3711 tenpus,
1037 3642 1097 3694 siae
1114 3656 1196 3708 suae,
1220 3647 1327 3710 quanta
1344 3639 1413 3691 hacc
1433 3646 1473 3690 est
1491 3637 1602 3692 occasio
1622 3637 1766 3691 laudandi
1782 3639 1871 3693 nomi·
1967 3690 1972 3697 ,

179 3739 211 3787 ιιι
229 3749 306 3788 orare
324 3732 444 3803 possitis,
462 3733 511 3787 sed
530 3734 577 3786 inu
596 3728 750 3801 σχοιάζηιε,
769 3737 801 3782 ut
820 3729 924 3781 vacetis
947 3746 1011 3782 ara·
1037 3728 1082 3779 nis
1116 3727 1209 3780 divini
1242 3733 1268 3778 et
1303 3725 1414 3794 pretias
1444 3725 1550 3792 apansa
1579 3723 1670 3792 ipsius
1699 3723 1870 3777 clementiae,

180 3820 264 3883 tiont,
291 3818 455 3890 intelligitur
471 3833 538 3888 ergo
556 3816 706 3888 peculiaris
725 3821 753 3869 et
772 3814 893 3870 solennis
912 3814 1010 3880 orado,
1038 3818 1063 3868 5.
1081 3811 1132 3865 Est
1156 3811 1242 3882 igitur
1268 3809 1298 3864 in
1324 3815 1489 3882 argumento
1515 3808 1736 3865 adversariorum
1759 3807 1872 3863 fulsere

181 3921 253 3976 quse
280 3904 312 3959 fit
338 3904 437 3973 mejeri
461 3903 614 3958 intentione
639 3901 731 3957 animo
754 3900 790 3954 sb
814 3900 941 3955 omnibus
966 3916 1011 3953 ex·
1037 3914 1151 3965 musae,
1177 3898 1321 3967 spostolus
1347 3896 1419 3950 enim
1444 3895 1552 3949 abusu
1571 3895 1712 3966 conjugali
1731 3892 1871 3949 abstinere

181 3992 266 4046 ternis
287 3991 403 4045 interius
429 3996 565 4044 revocato.
606 3988 684 4043 Idem
716 3984 890 4040 manifestias
919 3983 1014 4038 evadit
1039 3983 1084 4038 vel
1100 3982 1252 4053 permittit,
1277 3981 1322 4037 vsi
1341 3982 1377 4035 ed
1395 3999 1532 4035 summum
1550 3981 1649 4036 suadet
1667 3987 1792 4051 tempore
1811 3995 1873 4051 prs·

52 4077 367 4148 1111.1tt.exeo,quod
387 4075 512 4145 additur,
531 4083 563 4128 ut
580 4074 685 4128 vacetis
706 4073 833 4127 orationi
850 4080 876 4124 et
887 4070 1012 4139 jejunio,
1038 4087 1101 4124 cum
1120 4069 1289 4134 solennium,
1318 4084 1374 4122 non
1393 4069 1474 4139 qussi
1493 4083 1589 4138 preces
1609 4084 1662 4121 usu
1680 4065 1805 4139 conjugii
1822 4065 1873 4121 im·

182 4164 376 4236 intelliguntur
393 4179 460 4234 ergo
478 4178 576 4234 preces
591 4160 656 4215 illae
670 4158 846 4222 solemniores,
864 4173 937 4227 quse
949 4172 1012 4210 cum
1038 4155 1188 4226 pediantur
1205 4155 1247 4222 vel
1264 4155 1437 4225 polluantur,
1462 4154 1511 4208 sed
1530 4154 1631 4223 σχολῆς
1648 4152 1741 4216 ἕνεκα,
1760 4157 1793 4206 nt
1808 4167 1872 4206 con·
1907 4153 1911 4160 '

178 4251 286 4321 jejunio
312 4256 391 4306 ment
414 4252 585 4320 conjunctae.
622 4245 836 4317 chrysostomus
860 4242 951 4298 homil.
973 4249 1012 4298 19.
1035 4244 1120 4313 juges
1148 4242 1231 4296 rebus
1255 4239 1318 4294 aliis
1335 4240 1446 4295 minime
1466 4239 1592 4311 impediti
1611 4238 1662 4293 hoc
1679 4254 1771 4292 rerum
1788 4251 1872 4309 egere

181 4336 211 4391 in
238 4342 249 4391 ι
286 4336 361 4396 Con:
393 4335 442 4403 τὴν
464 4333 533 4409 μετὰ
558 4337 688 4394 πλείονος
712 4332 836 4397 σπουδῆς
858 4327 1014 4400 προσευχὴν
1038 4328 1160 4399 possint,
1191 4325 1240 4380 sed
1263 4323 1403 4381 Pontificii
1429 4331 1545 4395 putant,
1570 4341 1667 4396 preces
1684 4322 1872 4378 ministrorum

183 4423 304 4478 ἐνταῦθα
328 4425 415 4494 λέγει,
445 4438 507 4476 eam
530 4437 602 4490 pisae
620 4423 654 4487 fit
673 4419 780 4488 majori
795 4418 889 4471 studio
909 4419 1013 4471 matie
1039 4414 1173 4470 scdesise
1199 4412 1326 4482 impediri
1351 4411 1478 4483 penitus,
1503 4412 1527 4465 si
1551 4409 1736 4481 in‘conjugie
1760 4408 1815 4480 ipsi
1830 4406 1871 4462 ri·

182 4527 243 4564 nem
269 4509 402 4577 intellipit
425 4507 595 4578 (apostolus).
634 4506 669 4560 Si
692 4507 764 4559 enim
788 4520 871 4558 orare
885 4504 1014 4573 probibet
1039 4506 1115 4562 vent,
1134 4500 1182 4554 nbi
1201 4499 1318 4553 observa
1335 4499 1505 4569 apostolum,
1523 4514 1558 4551 ne
1577 4513 1609 4551 eo
1628 4496 1741 4567 quidem
1759 4495 1789 4549 in
1805 4509 1871 4550 essu

183 4613 243 4665 eos,
273 4599 323 4666 qui
350 4598 423 4650 inter
452 4613 481 4648 se
513 4595 691 4662 conueniunt,
722 4593 783 4646 sine
810 4592 1014 4645 intermissione
1039 4588 1082 4643 uti
1100 4585 1225 4658 generali
1244 4585 1338 4657 aliquo
1357 4590 1521 4656 praecepto,
1549 4581 1597 4637 sed
1623 4598 1708 4636 suasu
1736 4581 1874 4637 duntaxat

182 4700 267 4737 orare
285 4686 424 4753 mameae
442 4690 550 4751 tempus
569 4681 718 4736 habuerit?
743 4680 808 4732 licet
825 4695 893 4746 erpo
911 4686 936 4731 et
953 4695 1014 4730 cum
1040 4682 1068 4730 et
1089 4673 1211 4728 consilio.
1248 4674 1344 4727 Nolite
1369 4670 1481 4743 (inquit)
1508 4671 1652 4734 fraudare
1680 4685 1728 4721 oos
1746 4669 1872 4738 inomni,

182 4788 267 4826 acore
292 4773 393 4826 habere
416 4769 641 4824 connaetuclinem
664 4775 691 4821 et
715 4768 858 4819 attendere
883 4764 1015 4827 orationi,
1039 4762 1096 4815 nisi
1111 4762 1193 4827 sorte
1216 4777 1249 4813 ec
1275 4776 1411 4814 conmnsu
1434 4759 1475 4809 ad
1491 4764 1611 4824 tempus,
1639 4763 1670 4808 ut
1687 4756 1790 4808 nocais
1806 4770 1871 4808 ora·

182 4860 234 4911 sed
254 4876 306 4928 per
333 4857 530 4913 continentiam
553 4864 590 4908 ea
608 4856 645 4924 fit
666 4854 807 4920 exactior,
836 4849 1014 4926 ἀκριβεστέρα
1039 4847 1118 4916 tiam,
1136 4846 1185 4900 sed
1202 4845 1340 4900 Pontificii
1360 4848 1466 4898 mutam
1484 4839 1536 4895 sibi
1554 4847 1687 4912 arrogant
1697 4845 1871 4911 potestaten,

182 4951 296 5016 γίνεται.
333 4948 400 5000 Non
427 4943 500 4998 enim
522 4942 595 4996 dicit
617 4942 758 5008 absolute,
785 4948 817 4993 ut
843 4939 940 5003 oretis,
964 4939 1016 4992 scd
1040 4940 1072 4988 ut
1097 4932 1149 4987 toti
1172 4931 1359 4986 ministrorum
1386 4926 1474 4982 ordini
1502 4932 1664 4997 perpetuam
1696 4943 1714 4980 s
1740 4924 1871 5008 conjugia

182 5033 299 5101 sacam,
324 5039 420 5102 utpote
443 5030 522 5100 quod
539 5044 586 5082 res
602 5036 734 5098 procreet
748 5026 937 5098 privationem
955 5025 1014 5092 otii,
1040 5019 1235 5077 abstinentiam
1252 5019 1401 5086 imponenti
1909 5014 1921 5039 ⁸

182 5120 235 5171 sed
253 5136 309 5171 non
327 5117 542 5185 immunditiam,
563 5113 600 5176 tr
617 5113 755 5185 ἀσχολίαν
773 5113 953 5187 ιμποιόῦνιος
966 5115 1015 5165 τοῦ
1075 5114 1133 5164 ebt.
1168 5112 1194 5160 4.
1218 5105 1260 5158 Ex
1280 5102 1316 5158 V.
1335 5102 1366 5155 Τ.
1392 5099 1576 5155 Bellarminus
1605 5116 1638 5154 ea
1662 5097 1776 5153 adducit
1802 5098 2005 5168 lenimur.

183 5203 359 5277 πράγματος,
388 5201 454 5259 btt’
489 5201 540 5257 oin
572 5199 757 5276 ἀκαθαρσίαν.
806 5199 884 5254 Idem
915 5197 1017 5268 repetit
1041 5197 1070 5249 in
1089 5194 1188 5264 arnbsss
1205 5189 1375 5244 continentia
1392 5188 1430 5240 ab
1447 5186 1580 5240 moribus
1598 5185 1737 5253 requisita
1756 5185 1816 5248 snit
1833 5185 1873 5238 ab

182 5289 407 5361 'lbeophylsctus
437 5291 467 5344 in
491 5306 588 5344 comm.
612 5288 638 5343 h.
664 5287 684 5342 1.
714 5285 877 5341 Ambrosius
896 5283 1014 5341 ibidem:
1041 5283 1090 5349 iit,
1117 5279 1167 5349 qai
1189 5279 1254 5330 Deo
1274 5274 1499 5345 propinprmmri
1520 5274 1563 5327 rel
1587 5289 1645 5325 rem
1663 5270 1790 5340 abeam
1807 5288 1872 5325 san·
1895 5277 1897 5281 ’

186 5377 352 5447 Quanpricm
385 5378 446 5431 sine
475 5375 681 5430 intermissione
712 5374 850 5426 mandam
877 5372 928 5440 sit,
961 5386 1015 5424 me-
1041 5377 1115 5423 ctam
1138 5362 1288 5418 tractatori
1310 5369 1399 5415 erant.
1441 5360 1529 5414 Exod.
1558 5364 1597 5414 tt.
1621 5358 1810 5427 praecipitur,
1840 5364 1872 5410 ut

184 5464 285 5518 ditatio
307 5464 380 5516 enim
396 5465 466 5519 haee
484 5464 560 5518 omni
577 5463 624 5516 die
641 5459 781 5528 facienda
800 5466 855 5526 est,
875 5465 967 5510 tamen
986 5463 1017 5508 nt
1041 5452 1190 5508 comesturi
1208 5466 1311 5518 opnum
1323 5447 1489 5518 paschalem
1505 5461 1587 5499 renes
1603 5461 1669 5498 meos
1686 5443 1872 5512 occinperent,

163 5547 309 5609 ,orationi
336 5547 498 5619 insistatur,
527 5549 593 5604 huic
622 5547 667 5602 rei
690 5545 850 5600 amandum
873 5541 1016 5612 praecipit
1041 5556 1097 5609 puo
1124 5537 1336 5607 amplectatur
1360 5534 1444 5604 justa
1472 5531 1644 5603 (imparium
1669 5530 1742 5584 honr.
1769 5533 1815 5584 22.
1840 5529 1872 5581 in

183 5627 1016 5705 montemtremitum.
1043 5623 1175 5694 manast-
1197 5623 1297 5678 dmm
1324 5636 1373 5676 eos
1403 5618 1499 5674 earnm
1529 5617 1700 5689 rolaptatan
1732 5616 1872 5676 edmars,
