4020 6014
639 242 690 297 DE
708 241 929 299 MINISTERIO
945 242 1246 306 ECCLESIASTICO.
1472 264 1475 269 ’
1750 269 1787 324 91

97 390 174 446 llere
198 408 292 447 onmes
316 395 503 463 ducendast,
531 395 581 466 qui
603 411 652 448 aec
680 395 855 464 episcopm,
881 396 945 450 ascl
959 401 1105 471 spacopss,
1155 401 1377 473 Respondemus:
1413 407 1466 461 hac
1497 407 1532 463 de
1559 426 1589 464 re
1615 410 1699 480 paulo
1726 421 1790 484 post

96 479 255 533 misistmm
265 480 356 534 ullum
377 481 564 535 cmrstitusads'
573 490 622 536 cat
634 483 820 536 consecrandi
826 484 932 551 justam
943 485 946 532 l
957 485 1071 541 dicetur.
1111 493 1136 542 ὁ.
1157 489 1240 550 Quod
1259 511 1315 546 non
1333 495 1390 547 sint
1406 495 1566 549 immediate
1584 516 1602 550 a
1621 499 1685 553 Deo
1702 501 1789 566 missi,

92 573 261 632 potestatem
278 567 369 621 diam
395 569 500 625 lasea
543 569 581 623 Et
600 575 744 640 potestas:
771 570 867 624 Videte
887 571 1084 639 oli-decanus
1109 574 1174 631 dict.
1207 577 1277 646 disp.
1297 578 1334 633 th.
1361 586 1402 636 54.
1455 581 1677 652 Respondemus:
1709 603 1789 641 nemo
1890 614 1899 626 ·

95 667 182 719 sacro,
203 669 288 722 msam
305 654 538 717 materiariam
556 656 702 723 Latlerus,
719 672 754 708 aa
771 674 826 724 qao
846 643 1082 740 eccle-{nostrum
1100 659 1183 723 dicit,
1212 663 1351 720 ministros
1370 667 1548 722 ecclesiarum
1565 676 1720 725 nostrarum
1742 673 1790 727 im-

94 738 138 790 ss'a
155 744 252 791 cestra
262 745 331 791 ncta
350 748 407 803 cat,
419 740 447 793 si
458 740 535 794 uobis
550 743 698 807 aestimas,
714 742 808 796 maltis
820 743 945 898 sepulta'
959 743 1077 798 mediate
1095 754 1206 802 vocatos
1225 766 1259 804 ae
1277 752 1375 807 missos
1393 770 1461 823 esse,
1480 754 1616 824 potuisset
1633 757 1719 828 igitur
1737 758 1789 813 Be·

93 823 196 876 sscals's
214 832 316 878 renata
342 833 396 892 est,
415 827 562 896 epssccpas
582 846 639 881 noa
656 828 730 896 scit,
759 829 828 897 qaia
845 845 895 882 aec
913 847 932 881 a
958 847 1043 883 canus
1056 831 1151 887 labore
1161 833 1208 888 illo
1218 836 1406 906 supersedere,
1420 857 1474 909 quo
1484 841 1592 910 probat,
1603 842 1790 899 immediatam

95 910 167 976 Deo,
184 927 234 964 aec
252 911 288 964 ab
308 913 461 984 apostolis,
478 931 528 966 nec
548 915 584 967 ab
602 914 701 967 loram
718 916 930 983 succasoribus,
957 917 1128 971 vocationem
1146 921 1246 974 nostris
1264 923 1395 978 ministris
1415 925 1490 979 haud
1503 935 1667 999 competere,
1687 947 1788 1002 nequa·

94 997 243 1067 episcopis,
261 1001 313 1052 ssd
327 1016 346 1052 a
361 1015 391 1052 se
407 999 471 1068 ipso
487 1001 635 1055 cranaus
656 1009 704 1066 cst,
724 1001 869 1070 episcopos
882 1009 932 1055 cut
958 1017 1041 1071 quam
1064 1020 1129 1058 vero
1152 1007 1291 1077 sequitur:
1318 1010 1436 1066 ministri
1461 1011 1614 1068 Lutberani
1643 1034 1700 1071 uon
1725 1026 1790 1073 sunt

94 1085 255 1138 sacerdotes
269 1085 403 1153 profecto
417 1087 512 1141 nullos
529 1087 587 1140 nisi
600 1088 678 1152 forte
691 1089 801 1141 anobis
819 1097 930 1157 aposta-
957 1087 1114 1145 immediate
1141 1108 1158 1145 a
1183 1092 1243 1148 Deo
1272 1095 1347 1149 missi
1375 1104 1402 1153 et
1421 1099 1528 1169 vocati;
1554 1117 1620 1172 ergo
1642 1119 1699 1156 non
1725 1110 1789 1159 sunt

93 1178 139 1224 a„
159 1171 267 1228 habais
284 1177 337 1228 ete,
957 1173 1079 1245 legitime
1099 1178 1204 1247 vocati:
1231 1179 1368 1252 siquidem
1387 1200 1404 1238 a
1421 1186 1570 1256 negatione
1587 1188 1669 1242 unius
1686 1191 1789 1260 speciei

63 1277 72 1287 ·
131 1263 189 1314 128.
227 1258 285 1314 Nos
304 1277 355 1330 pro
372 1259 540 1315 adstruenda
556 1260 680 1331 legitima
699 1260 883 1315 ministrorum
901 1261 930 1314 in
957 1260 993 1312 ad
1012 1262 1188 1332 negationem
1206 1267 1316 1338 generis
1337 1287 1393 1323 non
1405 1272 1564 1341 proceditur
1581 1273 1706 1344 legitima
1724 1293 1789 1332 con·

31 1366 45 1399 r
97 1344 197 1398 nostris
224 1344 348 1400 eeclesiis
381 1345 525 1403 vocatione
558 1346 735 1417 producimus
761 1347 815 1402 hoo
848 1364 930 1418 argu·
955 1348 1108 1418 sequentia,
1120 1353 1228 1407 vocatio
1238 1354 1398 1411 immediata
1412 1364 1455 1412 cst
1466 1376 1522 1413 una
1533 1360 1669 1416 duntaxat
1682 1364 1787 1432 species

10 1423 11 1426 ’
49 1441 55 1454 ·
96 1437 227 1486 mentum.
277 1431 442 1503 Quicunque
467 1432 584 1488 ministri
615 1438 751 1488 vocantur
780 1434 861 1488 modo
888 1451 929 1497 eo,
954 1432 1095 1504 legitimae
1118 1440 1279 1497 vocationis.
1324 1442 1399 1506 Quas
1413 1443 1549 1501 fbutbero
1574 1446 1716 1519 adspergit
1741 1467 1786 1506 ca-

93 1533 174 1587 qnem
197 1516 275 1572 Deus
303 1521 362 1588 ipse
389 1519 510 1573 instituit
535 1524 563 1573 et
586 1520 719 1574 ecclesiae
742 1521 927 1590 praescripsit,
954 1520 1086 1591 lumnias,
1120 1541 1167 1580 eas
1203 1527 1384 1585 abstersimus
1413 1532 1548 1602 superius.
1598 1533 1642 1588 De
1671 1535 1784 1607 reliquis

92 1601 200 1657 illorum
221 1604 330 1659 vocatio
351 1609 393 1660 est
410 1603 542 1676 legitima.
577 1606 618 1660 At
637 1606 753 1660 ministri
771 1615 926 1662 nostrarum
953 1607 1108 1681 ἐγκλήμασι
1124 1611 1274 1669 ministerio
1295 1616 1481 1671 ecclesiastico
1501 1618 1531 1671 in
1549 1619 1647 1673 nostris
1664 1620 1786 1676 ecclesiis

91 1687 269 1744 ecclesiarum
287 1696 421 1744 vocantur
439 1691 522 1745 modo
541 1708 587 1755 eo,
614 1707 696 1762 quem
715 1692 791 1746 Deus
809 1692 868 1764 ipse
886 1694 926 1747 in·
954 1693 1054 1750 usitato
1067 1696 1219 1764 intentatis,
1234 1707 1331 1771 utpote
1345 1703 1419 1772 quod
1432 1703 1548 1759 ministri
1560 1706 1646 1760 nostri
1658 1708 1785 1776 rejiciant

90 1773 181 1830 stituit
210 1781 239 1831 et
272 1776 405 1831 ecclcsiae
430 1777 618 1847 praescripsit.
664 1777 740 1849 Ergo
769 1786 925 1834 nostrorum
952 1780 1067 1835 verbum
1080 1782 1134 1838 Dei
1148 1785 1288 1856 scriptum,
1309 1788 1418 1858 aliquos
1436 1788 1639 1846 scilicetlibros
1659 1791 1784 1862 biblicos,

90 1859 278 1915 ministrorum
295 1861 405 1916 vocatio
428 1867 470 1917 est
490 1861 622 1934 legitima.
660 1864 704 1918 De
722 1865 826 1934 majore
847 1864 926 1918 nulla
953 1872 982 1920 et
993 1862 1108 1923 verbum
1120 1887 1175 1924 non
1186 1872 1320 1943 scriptum
1334 1873 1477 1945 eeclesiae,
1495 1875 1601 1931 scilicet
1612 1878 1783 1945 traditiones,

90 1952 182 2016 potest
208 1963 267 2002 esse
292 1947 437 2003 dubitatio.
477 1947 648 2020 Legitimum
668 1951 740 2004 enim
765 1957 823 2017 est,
850 1952 924 2021 quod
952 1954 1028 2024 quod
1046 1956 1173 2024 rejiciant
1192 1959 1328 2028 quaedam
1345 1969 1525 2030 sacramenta,
1544 1964 1696 2020 easeilioet
1711 1982 1784 2036 quae

90 2031 120 2087 fit
138 2034 290 2089 secundum
310 2035 395 2105 leges,
414 2051 466 2089 nee
481 2035 538 2090 ullo
557 2036 639 2091 modo
652 2036 803 2106 improbari
821 2044 922 2108 potest,
951 2040 1089 2111 baptismo
1110 2048 1139 2095 et
1156 2044 1364 2101 eucharisticae
1375 2045 1530 2102 Pontificiis
1542 2049 1691 2114 adduntur,
1704 2052 1779 2122 quod

89 2121 164 2190 quod
194 2119 368 2176 institutione
397 2120 492 2175 divina
522 2121 628 2176 nititur.
677 2123 793 2179 Minoris
822 2125 923 2179 veritm
952 2143 1008 2181 non
1028 2126 1145 2182 offerant
1164 2129 1330 2184 sacdficium
1354 2132 1469 2202 aliquod
1487 2139 1645 2200 externum,
1666 2138 1783 2193 missati-

89 2206 267 2262 condrmatur
290 2207 343 2262 hoc
361 2213 532 2278 argumento.
575 2207 689 2265 Vocatio
714 2211 836 2265 mediata
853 2211 922 2282 legi·
952 2229 1014 2265 cum
1032 2213 1146 2283 scilicet,
1165 2215 1238 2285 quod
1251 2216 1402 2272 ministerio
1415 2235 1508 2274 eorum
1528 2218 1672 2277 Deusnon
1685 2240 1783 2294 coope-

89 2292 157 2348 tima
183 2294 266 2364 juxta
299 2294 420 2349 divinam
446 2295 649 2353 institutionem
680 2302 709 2354 et
741 2297 922 2368 apostolicam
948 2304 1024 2372 retur
1045 2316 1095 2369 per
1112 2301 1194 2371 signa
1218 2302 1417 2374 subsequentia
1438 2311 1489 2359 etc.
1509 2321 1542 2359 er
1560 2307 1622 2362 aliis
1643 2309 1784 2366 doctrinas

87 2381 185 2451 praxin
202 2381 262 2436 fieri
280 2380 365 2436 debet
384 2398 402 2435 a
419 2388 479 2436 tota
497 2383 616 2438 ecclesia
634 2388 663 2440 st
683 2383 811 2440 omnibus
832 2385 921 2441 tribus
947 2384 1075 2440 coelestis
1093 2386 1233 2457 capitibus
1249 2389 1386 2458 judicium
1406 2389 1466 2445 fieri
1483 2397 1577 2462 potest
1602 2410 1636 2448 ac
1655 2395 1748 2454 debet.

87 2466 160 2523 illius
179 2467 328 2524 ordinibus.
359 2469 415 2523 Sed
432 2473 589 2523 nostrorum
607 2469 794 2525 ministrorum
812 2473 920 2526 vocatio

87 2552 118 2608 fit
137 2571 155 2609 a
173 2559 234 2608 tota
250 2554 368 2610 ecclesia
385 2564 414 2610 st
426 2555 552 2610 omnibus
564 2556 652 2612 tribus
673 2556 748 2611 illius
767 2558 918 2613 ordinibus.
1261 2598 1469 2608 -—----

86 2638 162 2712 Ergo
179 2647 334 2696 suanorum
351 2642 538 2697 ministrorum
555 2644 665 2698 vocatio
678 2650 720 2698 est
737 2644 844 2699 vocatio
864 2662 919 2701 me-

88 2727 163 2782 diata
186 2727 310 2799 legitima
329 2730 411 2799 juxta
438 2729 559 2782 divinam
582 2729 783 2784 institutionem
808 2736 836 2786 et
853 2748 918 2801 apo·
1212 2744 1275 2804 SE
1296 2744 1442 2808 01⁸10
1479 2750 1515 2810 χ,

86 2814 210 2869 stolicam
236 2815 334 2886 praxin
363 2814 445 2870 facta.
495 2814 585 2885 Major
603 2816 632 2870 in
650 2816 832 2886 praecedente
852 2824 917 2872 sect

86 2907 110 2956 4.
134 2901 190 2956 late
212 2899 472 2971 fuitcomprobatc.
506 2902 596 2956 Minor
622 2918 655 2955 εχ
674 2901 917 2972 prariinnostris
965 2881 1031 2946 DE
1053 2880 1355 2951 VOCATIONE
1385 2887 1759 2961 EPISCOPORUM

86 2986 209 3042 ecelesiis
229 2987 333 3042 usitata
350 2987 495 3042 manifeste
515 2993 601 3057 patet,
619 2988 656 3041 ad
670 2988 825 3058 exemplum
843 2989 916 3044 enim
1015 2984 1070 3050 IN
1090 2984 1353 3053 ECCLESIA
1384 2992 1410 3056 P
1419 2992 1707 3063 ONTIFICIA.

85 3075 218 3130 ecelesiae
235 3074 404 3143 apostolicas
422 3078 451 3128 et
467 3073 625 3143 primitivae
643 3073 766 3129 homines
779 3075 871 3130 idonei
889 3085 918 3131 et

86 3161 247 3218 necessarii„
265 3161 344 3215 donis
363 3179 381 3215 a
400 3161 461 3215 Deo
478 3160 606 3214 instructi
625 3160 660 3214 ab
680 3159 825 3214 ordinariis
841 3178 916 3231 pres.
984 3154 1040 3208 130.
1075 3153 1166 3210 Multa
1178 3157 1289 3212 omnino
1309 3157 1498 3216 desideramus
1511 3161 1689 3236 inepiscopis
1707 3166 1779 3221 Pon·
1793 3179 1888 3218 uocaus

85 3247 190 3319 byteris
203 3248 368 3318 magistratu
381 3247 568 3302 consentiente
579 3251 607 3300 et
620 3246 723 3316 populo
735 3245 916 3318 suffragante,
946 3237 1045 3304 fifitiit,
1066 3248 1097 3296 Ut
1115 3250 1255 3299 ostentum
1275 3244 1329 3299 fuit
1354 3246 1383 3298 in
1407 3248 1590 3317 praecedente
1609 3251 1645 3307 de
1663 3253 1781 3308 ecclelia
1793 3232 1881 3330 ssddbed

84 3341 147 3406 post
159 3334 311 3405 legitimam
321 3334 500 3402 vocationem,
514 3349 563 3402 per
573 3332 774 3402 impositionem
785 3352 915 3390 manuum
949 3335 1078 3383 nocam.
1112 3329 1209 3401 Neque
1223 3331 1296 3386 enim
1307 3333 1419 3402 proprio
1432 3333 1554 3405 episcopi
1570 3354 1690 3403 munere,
1705 3339 1780 3410 quod
1792 3335 1887 3426 affl·

84 3428 112 3477 at
139 3438 235 3492 preces
262 3420 424 3475 ordinantur
451 3426 480 3473 et
506 3418 558 3473 bac
578 3418 682 3474 ratione
708 3420 794 3473 cultui
822 3422 916 3477 divino
948 3423 989 3471 est
1010 3417 1121 3472 verbam
1148 3419 1209 3471 Dei
1219 3435 1293 3490 parc
1320 3420 1421 3472 docere
1446 3427 1472 3472 ct
1496 3432 1675 3477 sumomonte
1694 3427 1780 3493 juata
1881 3415 1886 3428 '

84 3513 286 3563 consecrantur.
310 3507 369 3563 Ubi
382 3513 474 3561 tamar
489 3506 649 3570 notandum,
663 3505 692 3559 in
703 3508 916 3576 particularibus
946 3503 1145 3557 institutionem
1166 3502 1274 3557 Chritlt'
1289 3505 1506 3570 administrare,
1523 3506 1692 3578 funguntur,
1715 3528 1778 3566 eum

85 3594 196 3650 casibus
215 3594 318 3649 abusus
337 3593 451 3648 vitiosos
472 3592 506 3647 de
529 3591 604 3646 facto
624 3593 791 3664 quandoque
810 3596 915 3649 contin·
943 3597 1035 3644 tamen
1053 3590 1157 3660 proprii
1175 3591 1297 3660 ipsorum
1315 3606 1435 3645 canones
1455 3592 1519 3647 dist.
1540 3599 1583 3650 ³6.
1603 3600 1645 3652 86.
1665 3606 1778 3655 causi.

83 3697 150 3752 gere
167 3696 257 3748 posse,
275 3679 322 3749 qui
341 3695 359 3733 a
377 3678 458 3733 nobis
469 3678 581 3732 minime
593 3679 760 3748 probantur;
780 3681 916 3750 loquimur
943 3695 968 3747 q.
992 3676 1432 3748 1.eto.scvcreil1udexigant,
1461 3679 1511 3734 sed
1527 3680 1671 3750 politicum
1692 3684 1778 3740 domi·
1818 3745 1821 3748 Α

82 3768 169 3838 igitur
188 3766 223 3821 de
236 3766 301 3835 jure
318 3770 347 3820 et
360 3765 499 3819 ordinaria
518 3764 616 3836 regula
634 3765 661 3819 in
674 3767 915 3822 constitutionibus
943 3767 1038 3815 natum
1059 3765 1200 3829 exercent,
1223 3761 1343 3816 chrisma
1367 3763 1531 3834 conficiunt,
1557 3784 1612 3838 quo
1639 3768 1668 3823 in
1689 3787 1779 3826 saera·

82 3852 184 3906 nostris
203 3850 397 3906 ecclesiasticis
414 3850 600 3920 praescripta,
622 3851 759 3921 adquam
780 3852 914 3908 ministro-
944 3847 1043 3903 mantis
1059 3847 1240 3902 ordinationis
1253 3855 1281 3903 et
1293 3849 1510 3907 confirmationis
1530 3859 1655 3924 utuntur,
1676 3857 1778 3912 eidem-

82 3956 144 3993 rum
157 3937 265 3992 vocatio
282 3936 483 3992 accommodari
503 3934 586 3990 debet
598 3944 626 3991 et
637 3936 818 4006 utplurimum
832 3940 915 3994 etiam
943 3951 996 4005 que
1016 3934 1181 4004 peculiarem
1199 3934 1322 4006 aliquam
1340 3936 1396 3990 vim
1421 3945 1449 3992 et
1466 3939 1619 3995 efficaciam
1638 3942 1778 4011 tribuunt,

84 4023 315 4079 accommodatur.
943 4021 1062 4076 offerunt
1078 4020 1243 4077 sacrificium
1261 4023 1432 4079 missaticum
1449 4027 1637 4096 provisorum
1656 4046 1689 4084 ac
1708 4048 1776 4085 mor-

10 4117 28 4144 ²·
122 4116 180 4166 129.
224 4109 328 4165 Contra
360 4109 432 4163 hanc
446 4109 641 4163 ·assertionem
672 4113 793 4163 nostram
823 4112 916 4166 multis
942 4118 1053 4164 tuorum
1061 4109 1183 4180 peccatis
1194 4110 1416 4182 propitiatorium
1427 4117 1478 4166 ete.
1488 4111 1553 4168 inde
1563 4131 1625 4168 cum
1635 4114 1776 4172 lohannes

10 4165 71 4252 diti.
85 4196 173 4251 modis
191 4195 340 4264 insurgunt
357 4194 510 4250 Pontificii:
540 4198 564 4250 1.
587 4194 669 4256 Quod
686 4197 776 4249 nostri
793 4196 1072 4277 ministrr'lGailerus
1096 4213 1168 4251 anuo
1198 4203 1271 4254 1506.
1296 4197 1342 4251 die
1367 4204 1391 4254 9.
1409 4195 1538 4252 Octobris
1564 4200 1593 4253 in
1618 4200 1776 4272 episcopum

10 4270 49 4362 ἒξ·
83 4301 140 4338 aon
164 4283 220 4336 siat
236 4283 330 4337 socca
355 4301 373 4335 a
387 4283 523 4349 pontifics
546 4282 675 4335 Romano
700 4289 725 4335 et
752 4282 843 4351 ipsias
861 4286 917 4353 cpi·
943 4285 1205 4355 Argentoratensem
1221 4283 1376 4354 eligeretur,
1396 4283 1562 4339 Wilhelmus
1581 4285 1617 4340 ab
1629 4285 1775 4342 Hoinstein

10 4384 34 4415 n
83 4368 185 4442 scopein,
204 4369 303 4438 quibus
320 4368 396 4433 solis,
414 4385 470 4420 aon
489 4375 582 4421 autem
601 4367 652 4421 toti
667 4369 798 4423 acclesiae
809 4373 917 4427 vocatio
943 4371 971 4424 in
992 4368 1061 4422 baec
1083 4368 1170 4423 verba
1191 4369 1314 4438 erupisse
1339 4369 1453 4425 dicitur:
1483 4373 1520 4424 In
1551 4381 1660 4425 centum
1691 4374 1774 4428 canta

10 4427 71 4518 *aga
84 4463 229 4525 competat.
268 4454 491 4524 Respondemus:
516 4454 684 4509 eontrarium
709 4455 794 4525 (quod
810 4457 916 4514 scilieet
943 4473 1084 4524 nunquam
1102 4456 1191 4509 asum
1209 4455 1251 4508 ccl
1271 4456 1398 4509 acutiam
1417 4465 1473 4524 est,
1497 4461 1574 4527 quod
1592 4460 1698 4527 alr'quis
1717 4461 1774 4528 epi-

10 4540 38 4570 '⁰‘
84 4543 122 4597 ad
140 4549 227 4597 totam
246 4540 389 4597 eeclesiam
410 4541 458 4610 jus
486 4542 603 4597 vocandi
629 4540 777 4611 pertineat)
796 4544 915 4597 ostendi·
942 4559 1089 4611 scoparum
1115 4541 1281 4609 spiritualia
1307 4544 1472 4612 meruerit,
1495 4562 1550 4597 aon
1571 4547 1695 4613 cisimus,
1723 4548 1776 4599 sad

10 4635 69 4682 usli·
84 4647 145 4684 mus
160 4628 244 4699 paulo
268 4627 403 4698 superius.
440 4632 464 4683 2.
492 4627 575 4691 Quod
597 4646 653 4681 aon
673 4628 792 4682 labeant
810 4647 915 4685 ssscccs-
943 4630 1044 4681 bursas
1063 4628 1252 4697 visitaverunt,
1272 4635 1300 4681 ct
1318 4629 1370 4683 lios
1389 4631 1501 4698 quidem
1518 4632 1595 4683 omni
1609 4649 1689 4687 anno.
1719 4630 1775 4687 Sed

13 4697 40 4727 n.
82 4703 187 4770 simscm
205 4714 404 4785 coapostolis.
437 4713 661 4785 Respondemus:
679 4713 996 4784 Distinguendum'illis
1013 4714 1212 4784 praetermissis
1240 4713 1275 4770 de
1300 4716 1444 4770 vocatione
1468 4714 1659 4785 episcoporum
1680 4718 1774 4773 Ponti·

84 4807 126 4857 est
152 4802 224 4856 inter
251 4799 452 4854 successionem
481 4801 653 4870 personalem
678 4805 706 4855 et
726 4801 915 4871 doctrinalem,
928 4814 929 4824 ¹
942 4798 1066 4854 ficiorum
1095 4798 1148 4854 boc
1178 4801 1238 4855 loco
1276 4801 1426 4858 rideamus.
1474 4800 1507 4854 ln
1539 4802 1679 4871 primitiva
1709 4807 1774 4861 olim

80 4888 141 4942 sola
158 4885 293 4959 posterior
314 4884 452 4940 successio
470 4884 506 4938 ad
528 4886 678 4957 legitimam
695 4887 867 4942 vocationem
888 4894 916 4943 et
927 4880 929 4903 '
941 4887 1059 4943 eeclesia
1079 4903 1243 4942 consensum
1267 4887 1363 4959 populi
1381 4887 1410 4940 in
1430 4885 1564 4943 electione
1582 4890 1774 4963 episcoporum

79 4973 236 5030 necessaria
246 4977 274 5027 et
284 4972 483 5038 sufficientest,
493 4986 527 5024 ea
538 4987 603 5027 vero
615 4973 734 5028 ministri
742 4974 828 5028 nostri
838 4973 914 5028 haud
926 4968 928 5034 l
942 4973 1105 5045 requisitum
1130 4973 1216 5029 fuisse
1237 4973 1407 5028 ostendimus
1434 4973 1561 5042 superius
1587 4992 1620 5030 ex
1636 4993 1659 5031 c.
1679 4977 1772 5033 Plebs.

78 5076 219 5132 quaquam
246 5060 443 5115 destituuntur.
484 5055 557 5112 Vide
574 5064 655 5113 tract.
684 5060 719 5115 de
739 5061 863 5115 ecclesia.
885 5059 913 5136 ξ.
926 5059 928 5089 ¹
941 5078 964 5115 c.
984 5060 1066 5115 Cleri.
1085 5077 1107 5116 c.
1120 5060 1283 5130 Episcopos.
1296 5076 1320 5113 o.
1335 5058 1411 5114 Vota
1430 5059 1492 5114 dist.
1513 5066 1554 5117 63.
1588 5061 1691 5118 Postea
1710 5081 1773 5118 cum

79 5152 137 5203 leo.
174 5150 201 5202 3.
223 5146 304 5210 Qicod
320 5146 449 5212 Lutlsro,
472 5142 522 5212 qai
538 5148 579 5195 est
596 5161 704 5212 parcas
723 5149 843 5202 omnium
864 5142 1117 5219 mi-iimperatores
1130 5145 1248 5201 Romani
1267 5145 1380 5199 nomina
1398 5143 1507 5201 Christo
1525 5147 1633 5218 darent,
1651 5150 1773 5221 ipsorum

78 5235 232 5288 carrorum
253 5232 490 5299 Latlcrcnorcm,
516 5245 573 5281 aon
596 5230 634 5282 sit
657 5233 764 5288 collata
785 5244 913 5303 potestas
939 5250 1050 5306 quoque
1074 5232 1208 5304 suffragia
1231 5232 1313 5287 etiam
1343 5232 1371 5286 in
1401 5231 1488 5305 ipsius
1506 5232 1624 5290 Romani
1650 5236 1773 5309 episcopi

77 5327 104 5376 et
116 5321 286 5391 jurisdictio
298 5321 334 5374 ab
353 5319 492 5389 episcopo,
511 5314 639 5369 Becauus
652 5316 718 5374 dict.
730 5319 800 5391 disp.
810 5322 850 5376 th.
870 5329 911 5379 48.
939 5320 1072 5377 electione
1085 5319 1198 5374 fuerunt
1212 5317 1354 5390 requisita,
1367 5319 1442 5390 quod
1454 5319 1550 5375 itidem
1563 5322 1772 5392 comprobatum

76 5407 301 5480 Respondemus:
326 5404 493 5461 contrarium
520 5399 690 5457 ostendimus
708 5404 831 5462 sections
848 5427 910 5479 pro·
938 5407 1064 5463 dedimus
1082 5405 1207 5477 superius
1219 5404 1326 5476 aliquot
1339 5405 1485 5477 exemplis:
1502 5405 1526 5460 si
1546 5408 1772 5479 metropolitanum

76 5495 147 5552 xime
170 5492 362 5567 praecedento.
408 5494 432 5546 4.
455 5487 538 5552 Quod
562 5500 619 5539 non
645 5489 702 5544 siat
724 5492 853 5548 aduae·
875 5494 912 5571 ab
938 5493 1084 5567 episeopus
1105 5489 1249 5564 eligendus
1269 5498 1343 5563 erat,
1370 5509 1465 5551 omnes
1483 5492 1628 5567 episcopos
1647 5511 1793 5570 compro·-
