4020 6014
647 235 699 290 DE
717 233 940 292 inmersum
960 233 1264 295 uccmslasulcu
1760 245 1799 302 45

100 390 129 445 in
147 389 209 444 acie
227 388 374 444 collocatio
392 406 448 444 non
464 389 586 445 excludit
598 389 715 446 aliorum
729 389 939 458 ordinationem,
968 391 1128 452 eccleciam,
1155 393 1199 447 cui
1218 392 1310 448 clares
1330 411 1348 449 a
1365 391 1476 448 Christo
1496 391 1614 447 ardue
1635 398 1713 455 sunt,
1740 408 1800 462 per·

100 476 141 531 ita
153 492 206 531 neo
219 475 433 529 domesticorum
444 475 603 546 Stephanae
615 476 689 539 ια’ξις
707 477 743 531 ad
756 476 938 530 ministerium
967 478 1067 548 tinoat,
1094 480 1142 533 sed
1166 496 1222 533 nou
1246 485 1339 550 potest
1363 496 1396 534 ex
1415 497 1447 535 eo
1465 478 1571 539 inferri,
1596 479 1671 548 quod
1698 495 1800 543 omnes,

101 561 225 616 excludit.
261 561 376 615 aliorum
415 561 595 615 vocationem.
657 560 803 633 Ocnjnnge
846 561 939 617 Actor'.
966 563 1014 633 qui
1032 570 1097 618 sunt
1114 564 1143 618 in
1158 565 1282 634 ecclesia,
1305 566 1387 620 etiam
1400 565 1507 636 absque
1520 564 1671 627 vocatione,
1690 563 1801 633 publice

106 653 145 714 13,
166 664 191 701 v.
210 652 252 702 48.
967 649 1065 703 docere
1085 651 1205 719 possint,
1230 652 1296 722 quia
1327 651 1408 705 datae
1426 650 1536 723 quidem
1555 655 1621 703 sunt
1637 649 1728 704 claves
1749 649 1801 704 toti

15 735 42 773 ⁵¹
55 744 88 772 ¹¹·
139 739 181 789 tu.
200 733 246 786 Ad
256 732 364 787 tertiam
378 731 494 786 classem
505 733 645 802 pertinent
654 739 802 803 sequentes
810 732 939 786 rationes.
966 734 1111 803 ecclesiae,
1138 735 1191 789 boc
1223 742 1266 790 est
1296 736 1324 789 in
1352 754 1433 791 usum
1460 743 1489 792 et
1515 736 1687 790 commodum
1715 735 1800 790 totius

10 785 76 875 ququo·
105 826 127 875 1.
148 821 183 873 In
209 819 362 872 canonibus
387 819 596 888 apostolorum,
623 819 721 887 quidus
745 820 940 872 describuntur
967 820 1113 886 ecclesiae,
1141 828 1224 892 atque
1249 829 1282 874 ut
1304 822 1432 876 omnibus
1455 822 1589 877 ecclesias
1606 821 1748 876 ordinibus
1770 821 1800 876 in

10 892 51 977 ἳζ,
104 904 208 971 omnio,
227 921 298 972 quae
315 905 458 972 pertinent
471 907 512 956 ad
526 906 733 958 constiuenrtos
752 907 940 974 episcoparet
966 907 1111 961 vocatione
1130 908 1317 961 ministrorum
1326 909 1374 977 jus
1387 908 1500 979 aliquod
1516 913 1671 979 competat3
1689 907 1798 962 iuterim

10 990 77 1089 :jaim
104 992 247 1058 doctores,
273 990 354 1042 nulio
383 992 414 1054 fit
435 991 537 1044 mentio
559 991 700 1045 missionis
718 991 761 1044 oet
778 989 939 1056 vocationis,
966 997 1060 1045 tamen
1087 992 1290 1047 administratio
1320 992 1429 1047 illarum
1461 994 1579 1048 clarium
1615 995 1652 1049 ab
1683 993 1800 1049 ecclesia

10 1093 71 1130 ‚roni
104 1077 180 1128 unde
197 1076 404 1138 concludimus,
430 1093 492 1129 eam
516 1079 558 1130 oei
582 1078 674 1146 ipsam
692 1079 816 1131 muneris
834 1078 939 1146 episco·
966 1079 1174 1132 commendatur
1193 1087 1221 1133 et
1240 1079 1425 1134 commendari
1444 1081 1527 1135 etiam
1545 1081 1573 1133 vi
1595 1080 1704 1135 divinae
1722 1081 1797 1135 insti·

10 1153 89 1233 ',¹,„⁸,¹}⁰‘
100 1163 181 1231 polis
204 1162 391 1215 substantiam
420 1170 445 1214 et
469 1171 601 1216 naturam
622 1165 701 1217 nullo
720 1166 803 1218 modo
822 1162 938 1231 requiri.
966 1164 1081 1217 tutionis
1094 1164 1271 1219 debetcertis
1284 1166 1416 1235 personis,
1437 1166 1490 1219 illis
1503 1166 1617 1230 scilicet,
1636 1182 1705 1238 quos
1719 1166 1797 1221 Deus
1811 1182 1886 1225 xum.
1900 1183 1933 1226 ω.

10 1247 88 1336 pinn-
103 1247 229 1319 Tbeoph.
242 1247 402 1302 Nicolaides
416 1248 445 1301 in
461 1249 516 1303 def.
529 1249 604 1303 miss.
617 1251 734 1305 ministr.
746 1266 769 1303 c.
788 1256 809 1305 l.
836 1267 863 1318 p.
882 1254 937 1302 144.
966 1251 1110 1304 constituit
1128 1251 1156 1304 in
1176 1251 1257 1305 domo
1275 1268 1326 1305 sua
1346 1268 1522 1319 oeconomos,
1551 1259 1571 1306 l.
1592 1252 1654 1308 Cor.
1674 1259 1705 1320 4,
1728 1270 1754 1308 v.
1776 1259 1797 1309 1.

18 1323 23 1336 '
103 1335 222 1388 Falsum
242 1341 297 1397 cst,
317 1335 464 1404 apostolos
486 1352 594 1404 semper
614 1337 793 1404 requisivisse
811 1337 840 1387 in
859 1334 939 1387 mini·
966 1353 999 1390 ac
1016 1343 1183 1407 potestatem
1203 1338 1257 1391 illis
1278 1338 1355 1393 dedit
1369 1339 1516 1394 claudendi
1532 1344 1561 1392 et
1574 1339 1727 1408 aperiendi,
1746 1338 1798 1392 boc

102 1428 160 1473 stro
189 1421 411 1490 ordinationem,
435 1422 545 1474 Paulus
570 1423 657 1490 enim,
683 1422 733 1491 qui
759 1421 888 1473 bresitati
909 1426 939 1472 ut
965 1429 1007 1476 est
1024 1423 1130 1494 ligandi
1149 1441 1182 1478 ac
1206 1424 1339 1479 solvendi.
1376 1425 1481 1491 Quodsi
1494 1426 1555 1496 quis
1575 1432 1657 1480 ‘extra
1680 1425 1798 1479 necessi·

97 1507 254 1576 plurimum
271 1509 378 1575 studet,
400 1507 513 1576 proiice
533 1509 691 1561 describens
706 1507 895 1576 proprietates
913 1513 939 1557 ct
964 1508 1030 1562 tatis
1051 1526 1146 1563 casum
1172 1510 1438 1564 administrationem
1463 1515 1492 1564 et
1507 1527 1587 1564 usum
1607 1511 1726 1564 clarium
1744 1510 1797 1565 sibi

100 1594 238 1663 requisitu
254 1593 380 1662 episcopi
397 1593 507 1646 nulium
527 1594 612 1662 hrq'us
626 1596 671 1647 rei
681 1593 845 1646 mentionem
855 1592 937 1655 facit,
965 1601 1082 1666 arroget,
1101 1595 1223 1649 alienum
1244 1596 1350 1650 invadit
1366 1596 1497 1652 officium.

101 1698 184 1749 quam
199 1679 519 1732 tamenomittsrerrulio
532 1682 616 1733 modo
626 1679 771 1749 potuisset,
785 1695 835 1731 nec
847 1696 937 1747 porro
1000 1687 1039 1735 12.
1088 1686 1111 1734 3.
1147 1682 1224 1749 Opus
1257 1682 1387 1734 caritatis
1407 1680 1586 1736 Christianae
1622 1681 1737 1749 quilibet
1769 1681 1830 1732 in&
1846 1682 1928 1751 carl·q

103 1766 254 1833 omisisset,
282 1766 308 1816 si
333 1765 375 1816 ari
398 1772 529 1817 naturam
553 1774 579 1817 et
605 1766 789 1818 susbstantiom
814 1765 938 1816 muneris
965 1767 1083 1821 ecelesia
1108 1783 1234 1820 concere
1251 1776 1351 1837 potest.
1390 1768 1449 1823 Seri
1475 1769 1601 1833 osticium
1620 1767 1741 1821 &cencii
1758 1732 1927 1835 emmim*

103 1852 256 1920 apostotici
280 1859 348 1903 essct
372 1853 546 1919 necessaria,
571 1851 644 1906 idem
668 1851 716 1907 lib.
744 1851 839 1905 eodem
864 1866 886 1904 o.
914 1855 937 1905 2.
966 1871 1035 1922 opus
1061 1855 1191 1906 caritatis
1217 1854 1410 1924 Christianae,
1435 1855 1491 1906 imo
1513 1855 1586 1907 inter
1610 1849 1703 1908 omnia
1727 1852 1799 1904 bono

104 1957 129 2009 p.
153 1944 209 1992 115.
244 1937 469 2007 Respondemus:
497 1944 520 1992 1.
539 1937 627 1992 Paulo
646 1938 685 1991 ibi
705 1937 878 2008 propositum
897 1943 939 1990 est
966 1938 1283 2007 operaoptimum,Jac.
1302 1945 1326 2001 5,
1341 1956 1367 1991 v.
1383 1945 1466 1995 raet
1481 1944 1521 1993 iu.
1549 1941 1628 2007 Erpa
1643 1938 1800 2006 quilibctin

102 2043 158 2079 non
171 2025 206 2077 de
218 2040 303 2078 causa
314 2022 452 2078 enitente
464 2023 616 2092 ministerii,
626 2024 661 2078 de
672 2023 815 2078 vocatione
828 2023 939 2084 scilicet,
967 2025 1086 2077 ecelesia
1101 2026 1178 2078 iilud
1192 2041 1318 2079 exercerc
1326 2033 1428 2095 potest,
1445 2027 1528 2079 etiam
1542 2025 1645 2093 absque
1654 2023 1801 2093 pecsrtiari

104 2111 151 2164 sed
172 2111 208 2163 dc
226 2110 365 2180 adjunctis
383 2110 442 2163 slve
468 2109 607 2180 requisitis
625 2111 810 2164 ministrorum
830 2111 938 2181 elegen·
967 2111 1119 2165 vocatione.
1148 2111 1372 2181 Respondemus:
1397 2114 1417 2167 1.
1431 2111 1660 2182 distinguendum
1674 2117 1716 2163 est
1729 2110 1801 2164 inter

104 2199 201 2250 dorum
224 2212 318 2267 agere,
344 2195 397 2249 hoc
424 2200 465 2248 est
492 2194 552 2249 vult
580 2213 733 2265 proponere
760 2212 884 2249 normam
904 2212 937 2250 ac
966 2213 1051 2266 opera
1076 2197 1212 2264 caritatis,
1241 2197 1378 2267 quaedam
1403 2202 1468 2250 sunt
1494 2197 1620 2251 omnibus
1637 2195 1800 2258 communia,

104 2282 244 2353 regulam,
270 2281 305 2334 ad
325 2298 407 2352 quam
427 2281 525 2335 electio
543 2282 728 2336 ministrorum
748 2283 884 2354 exigenda
903 2282 940 2335 sit
968 2283 1103 2353 quaedam
1137 2299 1202 2337 vero
1233 2283 1315 2338 certis
1351 2283 1475 2355 personis
1509 2284 1538 2336 in
1568 2282 1660 2337 officio
1686 2281 1800 2352 publico

104 2371 318 2439 etjuxtaquam
335 2384 514 2437 personarum
528 2367 680 2422 ministerio
692 2366 938 2437 praeficiendorum
965 2369 1122 2423 constitutis
1139 2369 1257 2440 propria.
1294 2369 1337 2423 De
1355 2368 1493 2439 prioribus
1510 2368 1706 2435 reatedicitur,
1725 2367 1799 2439 quod

105 2455 254 2526 qualitates
275 2454 422 2508 examinari
450 2453 579 2510 debeant.
616 2453 715 2506 Mirum
735 2471 800 2525 ergo
816 2471 871 2509 non
888 2462 939 2516 est,
965 2455 1002 2510 ad
1030 2471 1063 2509 ea
1091 2455 1245 2509 exercenda
1271 2471 1326 2508 non
1352 2455 1509 2525 requiratur
1533 2454 1681 2523 peculiaris
1706 2454 1801 2525 aliqua

105 2541 178 2612 quod
199 2539 351 2593 vocationis
370 2539 501 2593 disertam
521 2545 718 2610 etexpressam
731 2541 758 2592 in
775 2540 829 2593 illia
848 2542 939 2596 verbis
965 2541 1090 2604 amatio,
1109 2558 1172 2595 cum
1199 2541 1326 2595 omnibus
1353 2540 1517 2595 Christianis
1543 2539 1687 2595 incumbat
1716 2539 1800 2596 fidem

105 2647 159 2681 non
181 2627 266 2680 iaciat
283 2626 458 2682 mentionem.
496 2632 519 2681 2.
546 2626 575 2681 st
602 2644 634 2681 ex
663 2626 763 2682 omissa
788 2627 938 2682 vocationis
966 2646 1044 2682 suam
1067 2645 1117 2698 per
1136 2629 1210 2682 bona
1227 2644 1312 2698 opera
1335 2633 1463 2682 testatam
1484 2627 1608 2682 reddere.
1645 2628 1690 2681 Ad
1709 2633 1800 2697 poste-

106 2713 243 2768 mentione
261 2716 336 2765 recte
356 2711 450 2766 inferri
470 2720 571 2782 posset,
590 2714 713 2767 ministro
732 2713 865 2768 ecclesiae
883 2732 938 2768 non
966 2715 1039 2768 riona
1057 2719 1150 2769 autem
1169 2714 1319 2784 requiritur
1336 2713 1483 2782 peculiaris
1503 2713 1619 2782 vocatio,
1639 2718 1671 2768 ut
1688 2713 1799 2767 demon·

105 2799 207 2869 requiri
238 2797 427 2867 vocationem,
460 2804 554 2869 posset
588 2800 683 2854 eodem
716 2801 796 2853 modo
828 2800 938 2871 colligi:
967 2804 1084 2854 stratum
1109 2799 1163 2853 fuit
1186 2799 1322 2870 superius.
1364 2806 1386 2854 2.
1414 2799 1459 2855 Sic
1483 2800 1674 2871 magistratum
1702 2815 1799 2871 gerere

105 2884 255 2956 Apostolus
272 2884 351 2938 Rom.
374 2889 420 2951 13,
443 2902 461 2937 v
491 2890 513 2939 1.
531 2891 560 2939 et
577 2902 654 2957 seqq.
673 2885 728 2939 late
744 2885 879 2939 describit
899 2888 937 2939 ot·
968 2893 1009 2941 est
1027 2885 1128 2940 bonum
1148 2903 1231 2956 opus,
1253 2902 1316 2939 cum
1343 2887 1525 2955 moprstratus
1542 2889 1578 2938 sit
1599 2886 1657 2939 Dei
1674 2886 1800 2938 minister

107 2972 199 3026 tioium
213 2971 400 3042 magistratus,
413 2987 464 3025 nec
484 2977 575 3026 tamen
596 2972 763 3026 mentionem
775 2971 844 3025 iacit
857 2988 938 3042 pecu·
970 2975 997 3025 in
1019 2974 1127 3035 tonrrm,
1147 2973 1227 3026 Rom.
1250 2978 1289 3037 13,
1308 2990 1333 3026 v.
1355 2979 1378 3027 4.
1397 2963 1505 3033 interim
1520 2971 1801 3027 tamennemodebet
1888 3013 1891 3018 .

105 3059 180 3113 liaris
203 3057 344 3112 electionis
369 3058 412 3111 rel
438 3058 596 3114 vocationis.
644 3060 720 3129 Ergo
742 3059 830 3113 cuivis
855 3059 938 3112 etiam
966 3076 995 3114 se
1013 3060 1104 3131 ipsum
1127 3058 1268 3113 intrudere
1292 3059 1357 3113 huic
1375 3057 1467 3113 officio
1486 3063 1514 3112 et
1534 3058 1639 3129 absque
1656 3058 1800 3137 vocatione

106 3146 212 3216 absque
245 3145 379 3198 electione
407 3145 451 3198 vel
481 3146 624 3199 vocatione
655 3145 721 3199 licet
746 3144 937 3216 magistratum
966 3151 1058 3217 partes
1080 3147 1164 3216 hujus
1187 3145 1272 3199 officii
1298 3161 1433 3200 exercere.
1476 3145 1629 3217 Legations
1655 3145 1734 3214 fungi
1751 3149 1800 3199 est
1890 3173 1892 3177 ·

105 3248 256 3303 capessere.
299 3237 323 3285 3.
345 3229 510 3285 Invertimus
526 3231 611 3303 igitur
629 3238 830 3302 argumentum.
867 3230 939 3296 Quia
967 3233 1070 3287 bonnm
1088 3250 1165 3302 opus,
1183 3233 1206 3285 si
1227 3231 1397 3302 reipublicae
1416 3231 1534 3286 salutem
1552 3231 1719 3285 sibihabeat
1736 3247 1797 3299 pro·
1884 3218 1887 3225 Δ

106 3316 271 3388 praescribit
309 3317 449 3386 apostolus
480 3331 603 3372 normam
636 3334 669 3371 ac
698 3317 827 3382 formam,
857 3319 938 3386 juxta
965 3321 1099 3389 positam,
1127 3319 1234 3374 interim
1261 3325 1353 3373 tamen
1379 3334 1461 3372 nomo
1488 3318 1572 3372 debet
1595 3317 1680 3387 legati
1699 3333 1799 3370 nomen

106 3421 190 3476 quam
208 3419 344 3474 personae
360 3402 510 3457 ministerio
530 3403 718 3458 ecclesiastico
735 3401 938 3472 praeficiendae
966 3412 994 3461 et
1009 3413 1102 3476 partes
1117 3406 1169 3459 sibi
1188 3421 1304 3472 sumere,
1324 3404 1376 3457 nisi
1389 3421 1406 3458 a
1421 3405 1533 3474 legante
1544 3403 1596 3472 ipsi
1612 3404 1797 3472 imponantur.

105 3490 254 3546 examinari
275 3489 391 3558 debent,
420 3506 486 3561 ergo
513 3489 663 3560 requiritur
686 3494 763 3542 certa
787 3489 938 3560 eademque
966 3498 990 3548 3.
1011 3492 1118 3546 Caritas
1130 3491 1288 3545 Christiana
1305 3489 1431 3544 eomodo
1449 3488 1609 3551 exercenda,
1626 3504 1662 3542 ne
1680 3487 1799 3541 violetur

106 3576 229 3648 legitima
253 3574 375 3638 vocatio,
402 3579 551 3645 antequam
575 3573 719 3628 ministerii
744 3579 838 3644 partes
865 3575 937 3645 quis·
966 3578 1034 3632 0rdo
1054 3577 1185 3631 divinitus
1198 3577 1378 3640 constitutus,
1396 3592 1431 3629 ne
1444 3574 1724 3646 uiltorpmsmrmonie
1736 3574 1798 3627 red-

105 3666 178 3733 piam
215 3668 350 3731 capessat.
399 3660 489 3716 Nemo
518 3660 553 3714 de
575 3677 605 3714 se
629 3660 689 3729 ipso
714 3661 757 3714 vel
783 3659 869 3715 debet
894 3662 938 3715 vel
965 3665 1119 3730 damurrei,
1129 3680 1164 3718 ne
1174 3663 1379 3718 confundantur
1389 3663 1520 3716 distincta
1528 3661 1659 3716 officinae
1668 3661 1799 3714 distincta

105 3753 196 3819 potest
215 3746 353 3817 judicium
378 3746 464 3810 ferre,
489 3746 563 3816 quod
589 3746 624 3801 sit
648 3747 728 3802 donis
746 3763 780 3800 ac
799 3747 938 3818 requisitis
965 3751 1038 3804 ritae
1051 3766 1160 3820 genera.
1174 3751 1340 3802 Convertere
1350 3750 1486 3802 bominem
1496 3749 1605 3817 (scribit
1619 3748 1671 3801 Dn.
1683 3748 1715 3801 D.
1723 3747 1798 3802 Meu·

106 3836 167 3902 illis,
185 3848 258 3905 quae
270 3833 412 3902 apostolus
426 3840 579 3896 enumerat,
597 3832 766 3887 sufficienter
778 3833 936 3891 instructus.
966 3843 1057 3891 tzerus
1072 3836 1099 3889 in
1115 3852 1192 3906 exeg.
1204 3835 1323 3906 August.
1340 3835 1412 3892 conf.
1429 3843 1472 3890 art
1489 3841 1528 3891 11.
1544 3853 1571 3906 p.
1586 3838 1657 3901 662.)
1673 3843 1712 3886 est
1729 3851 1799 3901 oprrs

106 3922 180 3993 Ergo
192 3936 271 3975 nemo
281 3919 391 3991 privata
402 3919 567 3974 auctoritate
579 3935 679 3973 munus
694 3918 807 3990 publice
820 3920 938 3975 docendi
968 3923 1145 3977 Christianae
1155 3921 1283 3974 caritatis
1293 3920 1374 3990 lonqe
1384 3923 1587 3989 dipnissimum,
1597 3923 1648 3973 sed
1656 3938 1711 3973 non
1720 3920 1800 3971 debet

106 4008 159 4062 sibi
183 4011 307 4078 arroget,
332 4006 382 4061 sed
408 4006 524 4060 aliorum
544 4004 651 4076 judicio
677 4023 737 4060 sese
763 4006 895 4077 subjiciat
912 4012 940 4062 et
965 4010 1040 4061 iilud
1057 4016 1178 4061 crrertere
1198 4009 1324 4061 ordinem
1345 4028 1363 4061 a
1379 4009 1640 4062 Deoconstitutum.
1673 4006 1800 4076 Cumque

105 4094 251 4166 ligitimam
286 4092 459 4146 vocatorem
495 4092 571 4163 prius
605 4097 753 4161 exspectet
800 4099 825 4149 4.
863 4094 938 4149 ldem
965 4096 1046 4150 homo
1066 4111 1121 4147 non
1141 4094 1194 4147 nisi
1220 4094 1350 4165 organice
1372 4111 1420 4149 seu
1437 4101 1569 4164 tanquam
1588 4094 1800 4147 instrumentum

107 4179 248 4251 apostolus
293 4184 322 4235 ’1.
352 4178 472 4233 Timotb.
516 4194 540 4231 c.
573 4186 601 4242 5,
640 4196 666 4234 v.
708 4184 748 4233 ²2.
792 4179 937 4234 Timotheo
965 4187 1124 4236 convertere
1150 4180 1269 4251 aliquem
1297 4180 1350 4234 dici
1370 4181 1471 4252 possit,
1494 4180 1569 4234 Deus
1588 4184 1680 4233 autem
1699 4177 1800 4247 princi·

106 4265 249 4337 praecipit,
264 4281 298 4317 ne
311 4266 365 4318 cito
379 4267 508 4334 cuiquam
520 4282 619 4317 manus
640 4266 773 4334 imponat,
790 4270 939 4335 antequam
967 4267 1037 4338 palis
1059 4267 1095 4318 sit
1125 4265 1311 4320 conversionis
1339 4282 1436 4330 causa,
1468 4265 1583 4336 planum
1614 4263 1718 4329 eradit,
1747 4262 1800 4316 nisi

108 4352 212 4407 scilicet
236 4350 384 4421 qualitates
409 4355 437 4404 et
463 4349 634 4403 conditiones
652 4367 783 4420 personae
807 4350 844 4404 ud
861 4351 939 4405 mini·
967 4371 984 4407 a
1007 4353 1068 4407 Deo
1094 4357 1222 4407 vocatum
1250 4357 1278 4407 et
1302 4352 1414 4405 missum
1432 4368 1486 4405 non
1504 4367 1584 4421 posse
1600 4355 1658 4402 tam
1676 4349 1799 4402 divinum

108 4437 220 4494 sterium
240 4436 383 4508 eligendae
395 4435 543 4507 diligenter
558 4435 726 4506 expenderit,
745 4454 778 4489 ne
792 4437 939 4490 communi·
968 4439 1098 4495 effectum
1112 4437 1251 4509 consequi.
1287 4444 1311 4491 4.
1325 4436 1559 4509 Distinguendum
1573 4436 1656 4492 etiam
1670 4439 1711 4488 est
1730 4434 1801 4487 inter

107 4534 148 4579 cet
162 4523 264 4578 olienis
274 4523 409 4592 peccatis.
446 4522 489 4576 De
501 4521 565 4575 Tito
585 4521 658 4576 idem
678 4523 782 4586 scribit,
801 4522 856 4577 Tit.
871 4541 893 4577 c.
919 4529 940 4590 1,
969 4525 1106 4596 privatam
1125 4523 1246 4577 familiae
1260 4523 1304 4576 vel
1320 4523 1436 4592 proximi
1448 4522 1670 4577 informationem
1691 4527 1718 4574 et
1730 4520 1802 4574 inter

107 4630 132 4666 r.
152 4619 176 4667 5.
195 4609 269 4681 quod
290 4626 322 4662 eo
337 4611 396 4679 fine
416 4609 507 4677 ipsum
526 4610 555 4661 in
569 4608 654 4661 Creta
672 4610 767 4662 insula
786 4610 940 4678 reliquerit,
968 4609 1109 4682 publicam
1140 4609 1217 4663 verbi
1247 4609 1483 4678 praedicationem
1513 4615 1541 4661 et
1569 4611 1802 4660 sacramentorum

107 4707 136 4751 ut
150 4697 329 4767 presbyteros
342 4695 500 4765 oppidatim
513 4697 698 4748 constitueret.
734 4695 839 4767 Utique
855 4695 940 4766 igitur
968 4695 1243 4751 administrationem.
1263 4695 1420 4766 Utrumque
1430 4694 1542 4766 quidem
1556 4698 1598 4749 est
1607 4709 1675 4763 opus
1688 4692 1801 4762 bonum,

108 4784 135 4838 in
153 4782 323 4854 presbyteris
343 4781 400 4836 sive
419 4781 554 4852 episcopis
573 4781 744 4836 vocationem
762 4781 885 4852 requirit.
968 4782 1077 4837 interim
1097 4788 1190 4835 tamen
1207 4797 1262 4834 non
1282 4786 1323 4835 est
1341 4781 1437 4835 eadem
1455 4779 1688 4848 utriusqueratio.
1720 4779 1802 4833 Prius

143 4876 183 4925 11.
220 4875 243 4924 2.
266 4869 366 4923 Circes
389 4868 522 4922 eeclesiae
540 4886 595 4920 non
623 4868 674 4920 uni
698 4868 743 4921 sel
765 4869 863 4936 atteri,
891 4871 943 4922 sed
969 4867 1088 4940 quilibet
1110 4866 1217 4938 absque
1236 4865 1367 4937 peculiari
1389 4864 1532 4918 vocatione
1550 4870 1690 4934 praestare
1710 4869 1803 4934 potest

107 4957 161 5009 toti
179 4955 312 5008 certensis
330 4952 671 5022 sunttraditac,ll1atth.
694 4958 736 5018 16,
755 4971 780 5006 v.
802 4959 847 5008 19:
879 4955 944 5007 tter·
969 4970 1002 5008 ac
1019 4969 1069 5023 pro
1094 4953 1200 5006 viribus
1220 4951 1304 5007 etiam
1323 4951 1421 5016 debet3
1444 4950 1581 5019 posteriup
1600 4966 1654 5004 non
1671 4950 1803 5020 competit

108 5042 182 5096 dabo
202 5041 294 5094 etaim
315 5041 396 5110 requi
409 5041 558 5109 coriorum,
577 5041 653 5108 quod
669 5040 842 5107 Auqustinus
861 5048 942 5096 tract.
969 5038 1095 5093 absolute
1124 5044 1153 5093 et
1183 5037 1345 5107 simpliciter
1372 5034 1512 5098 omnibus,
1546 5037 1594 5090 sed
1623 5038 1724 5108 quibus
1752 5052 1802 5106 per

111 5131 168 5184 124.
187 5129 217 5180 in
237 5127 302 5180 ros.
322 5127 539 5197 interpretetur,
558 5125 662 5177 diarum
681 5140 739 5177 esse
755 5127 850 5191 Petro,
868 5135 899 5179 ut
917 5128 944 5179 is
969 5124 1121 5195 legitimam
1145 5124 1316 5178 vocationem
1341 5139 1440 5177 munus
1464 5123 1532 5177 illud
1557 5125 1731 5179 commissum
1750 5128 1798 5176 est

104 5214 218 5283 qmebat
234 5230 387 5282 personam
406 5211 545 5265 ecelesiae.
583 5211 662 5279 Erpa
679 5213 720 5263 ad
737 5212 861 5265 docerrdi
878 5213 941 5279 offi-
970 5218 992 5265 5.
1011 5209 1171 5265 Limitanda
1188 5210 1274 5282 igitur
1292 5208 1442 5279 propositio
1461 5211 1564 5280 major,
1583 5210 1606 5263 si
1625 5209 1660 5263 ad
1678 5208 1800 5263 officium

10 5294 11 5301 ’
38 5293 44 5305 ’
104 5298 177 5349 cium
195 5315 250 5350 non
276 5299 430 5368 requiritur
454 5296 611 5367 peculiaris
628 5298 745 5351 rrocatio.
782 5297 941 5368 Responde·
968 5296 1079 5368 publice
1108 5295 1225 5350 docendi
1251 5295 1418 5366 applicetur,
1445 5312 1509 5350 cum
1535 5294 1653 5366 quilibet
1682 5309 1738 5347 non
1765 5294 1801 5346 sit

105 5400 180 5442 mus:
211 5384 252 5436 Er
274 5384 347 5439 dicto
361 5382 463 5438 Christi
476 5387 553 5437 recte
566 5381 679 5453 quidem
692 5382 832 5454 colligitur
845 5388 941 5438 contm
969 5387 1052 5453 aptus
1078 5382 1115 5437 sd
1145 5382 1341 5450 ministerium,
1369 5398 1432 5435 cunr
1462 5381 1604 5452 publicum
1630 5381 1746 5434 docendi
1773 5387 1801 5435 et

103 5467 278 5537 Pontificius,
303 5469 376 5541 quod
400 5469 448 5540 jus
472 5468 591 5524 vocandi
619 5467 757 5522 ministros
789 5469 825 5522 ad
851 5473 938 5523 totam
971 5474 1143 5523 sacramenta
1168 5466 1379 5523 administrandi
1403 5467 1525 5524 citimum
1549 5483 1567 5521 a
1590 5465 1698 5536 privata
1717 5467 1801 5521 infor·
