4006 6022
613 299 666 356 na
684 297 906 359 ummmmo
924 285 1227 361 ncoudsmamoo.
1425 360 1435 367 ,
1727 312 1765 370 οι

78 452 223 526 exponitur
242 453 310 511 Luc.
328 459 370 522 22,
389 472 416 510 ι.
428 460 470 513 26.
488 457 562 527 quod
578 474 635 513 ιιοιι
652 459 688 529 ιιι,
700 458 771 535 ἀρχῇ
789 458 908 531 quadam
939 458 1030 514 locum
1048 459 1195 530 proditoris
1209 458 1302 515 dudae
1319 475 1352 514 ex
1371 456 1515 529 discipulis
1527 476 1586 515 esse
1601 459 1767 532 eligendum,

77 540 199 613 politica,
217 541 267 598 sed
286 541 315 596 in
331 543 460 612 διακονίᾳ
477 543 663 600 ecclesiastica
678 545 818 615 consistat,
837 547 910 617 quod
936 563 1020 619 quam
1039 564 1097 602 rem
1115 547 1152 602 ad
1169 552 1258 620 totum
1275 546 1400 602 fidelium
1416 552 1525 601 coetum
1536 547 1628 611 refert,
1645 553 1678 602 ut
1694 563 1767 602 com·

75 627 194 683 ministri
223 645 285 684 sese
316 628 401 684 duces
432 635 573 700 praestare
600 631 721 688 debeant
748 633 851 704 populo
882 633 911 687 in
937 634 1066 689 munibus
1092 634 1231 706 suffragiis
1263 634 1334 688 tales
1362 650 1498 704 personae
1521 633 1667 703 sistantur,
1697 650 1769 707 quse
1793 648 1801 673 ·

77 714 213 783 doctr'ina,
231 716 442 771 conversatione
461 723 557 773 sancta
575 723 603 774 et
620 719 774 790 disciplina.
938 737 1000 774 cum
1021 719 1155 775 Christo'
1147 738 1176 774 ιιι
1192 720 1273 775 terris
1291 725 1391 791 agente
1410 737 1443 774 ac
1462 721 1579 775 docente
1596 719 1768 775 individuam

111 806 154 857 ⁹0.
196 807 220 858 4
248 804 296 856 Ec
330 804 452 858 utilitate
487 808 656 861 auditorum.
709 807 790 871 Quod
818 824 911 863 omnes
938 807 1084 862 habuerint
1114 808 1287 875 sociotatem
1313 822 1484 878 consequens
1516 814 1570 872 est,
1599 806 1674 877 quod
1698 806 1768 863 tales

12 915 33 959 7
75 888 177 960 tangit,
196 889 321 944 omnium
341 907 477 948 consensu
501 898 528 947 et
546 893 686 965 suffragiis
706 895 802 967 peragi
821 895 910 951 debet
938 894 1076 948 communi
1115 894 1245 949 ecclesiae
1276 893 1409 965 suffragio
1441 894 1544 948 electos
1579 910 1673 948 coram
1707 892 1768 949 Deo

10 975 39 1010 ⁸
76 975 136 1030 Sed
156 976 297 1032 ministros
316 977 429 1033 idoneos
444 984 474 1033 et
490 980 656 1036 orthodoxos
673 982 803 1036 constitui
820 983 912 1054 tangit
938 984 1063 1034 statuunt
1085 996 1118 1034 ac
1144 980 1272 1052 precibus
1290 979 1482 1035 communibus
1502 979 1658 1050 praemissis
1678 985 1766 1035 sortes

10 1084 25 1114 ι
74 1080 172 1119 omnes
191 1064 327 1120 ecclesiae
347 1065 464 1121 ordines
502 1066 578 1139 Ergo
602 1068 685 1124 etiam
709 1069 831 1124 omnium
848 1086 911 1124 con·
937 1083 1030 1121 eorum
1053 1065 1216 1138 projiciunt,
1240 1072 1338 1137 postea
1361 1066 1480 1120 electum
1502 1082 1553 1135 per
1577 1073 1678 1120 sortem
1695 1082 1768 1120 com-

10 1136 51 1165 ω’
75 1165 161 1204 sensu
185 1157 215 1206 et
237 1150 378 1223 suffragiis
402 1153 498 1224 peragi
524 1154 614 1210 debet
651 1155 693 1211 Eo
711 1155 808 1226 procul
827 1156 911 1210 dubio
937 1153 1066 1208 munibus
1091 1153 1204 1207 calculis
1229 1152 1415 1223 apostolorum
1437 1150 1554 1223 collegio
1578 1157 1768 1207 annumerant.

73 1237 190 1307 respicit
209 1239 362 1309 apostolus,
380 1239 491 1311 quando
509 1240 632 1312 requirit,
649 1248 681 1296 ut
700 1242 846 1311 episcopua
864 1243 911 1298 eli·
937 1241 1021 1298 Nulla
1045 1240 1090 1294 hic
1115 1240 1262 1312 peculiaria
1292 1257 1337 1310 qu
1331 1239 1437 1294 usdam
1454 1237 1637 1293 concessionis
1655 1238 1700 1293 vel
1720 1255 1769 1307 pa-

72 1323 184 1394 gendus
213 1324 318 1380 habeat
356 1326 455 1380 tonum
486 1328 671 1381 testimoniam
705 1330 742 1382 ab
772 1329 911 1383 extrancis
937 1328 1007 1398 palis
1032 1328 1222 1400 indulgentiae
1247 1327 1280 1382 fit
1305 1327 1422 1396 mentio,
1448 1327 1497 1381 sed
1516 1326 1615 1380 Petrus
1633 1325 1769 1381 ecclesiae

76 1416 99 1465 1.
119 1408 191 1464 Tim.
210 1415 246 1474 3,
267 1428 293 1468 ι.
313 1418 337 1466 t.
357 1412 434 1483 atqui
453 1412 477 1466 si
495 1413 532 1469 ab
550 1414 687 1470 extraneis
707 1414 791 1470 debet
807 1415 910 1471 habere
936 1414 988 1470 hoc
1007 1415 1142 1484 concedit,
1160 1415 1226 1485 quia
1239 1416 1304 1484 jure
1321 1413 1391 1468 illud
1411 1414 1436 1469 ei
1454 1412 1550 1468 deberi
1567 1412 1651 1481 novit,
1668 1427 1767 1483 propo-

72 1495 179 1551 bonum
198 1497 399 1565 testimonium,
421 1504 525 1570 quanto
545 1500 633 1572 magis
659 1501 696 1556 ab
714 1502 846 1572 ecclesia,
865 1502 910 1556 cui
936 1501 1011 1555 nitur
1035 1501 1121 1573 igitur
1144 1503 1300 1571 exemplum
1324 1500 1505 1571 apostolicum
1530 1497 1712 1572 ἀξιομιμητὸι
1738 1497 1768 1553 in

71 1582 281 1653 praeficiendus
306 1585 368 1638 est?
408 1584 492 1642 Hirce
512 1587 640 1642 addimus
668 1594 692 1645 5.
714 1590 761 1659 jus
789 1589 909 1644 universi
936 1588 1122 1644 ministrorum
1132 1589 1278 1644 vocatione
1291 1588 1389 1643 merito
1406 1587 1616 1643 observandum.
1634 1584 1767 1656 'Chryso-
1780 1584 1900 1627 nli-⁹&

72 1674 172 1725 coetus
198 1670 237 1725 ad
260 1689 347 1725 unum
375 1673 494 1743 aliquem
513 1673 636 1729 ordinem
661 1676 778 1730 exclusis
797 1677 910 1748 reliquis
936 1682 1039 1731 stemus
1051 1677 1155 1731 nullam
1165 1675 1233 1731 lacit
1244 1676 1428 1732 concessionis
1439 1674 1582 1746 cujusdam
1592 1671 1767 1740 mentionem,

73 1756 177 1813 deterri
194 1757 324 1828 justitiae
335 1759 405 1813 ratio
417 1777 472 1814 ιιοιι
484 1761 598 1831 patitur.
626 1762 714 1834 Atqui
729 1765 776 1833 jus
792 1765 909 1819 vocandi
937 1763 986 1817 sed
1004 1768 1111 1832 monet,
1136 1762 1250 1817 Petrum
1274 1761 1342 1816 nihil
1369 1761 1423 1816 hac
1445 1762 1474 1815 in
1498 1778 1528 1816 re
1547 1776 1630 1831 agere
1649 1757 1767 1813 voluisse
1811 1832 1813 1834 7

73 1843 216 1898 ministros
244 1845 365 1916 pertinet
394 1845 431 1899 ad
454 1847 611 1902 universam
636 1849 794 1919 ecclesiam,
821 1857 852 1906 nt
877 1868 909 1907 ex
937 1866 986 1904 suo
1005 1848 1118 1904 arbitrio
1137 1848 1181 1902 vel
1202 1865 1265 1903 cum
1284 1847 1407 1918 ἱιιιροιῑο.
1437 1845 1483 1903 Sic
1502 1847 1575 1902 enim
1587 1842 1684 1900 scribit
1693 1844 1766 1898 hom.

72 1929 310 2001 praecedentibus
325 1936 440 1986 constat.
472 1931 548 2005 Ergo
562 1935 600 1988 ad
613 1952 698 1990 unum
711 1936 835 1992 ordinem
846 1936 909 1990 reli·
937 1941 961 1992 3.
976 1935 1026 2010 ὅρα
1040 1933 1088 1990 τὸν
1102 1933 1185 1990 αὐτὸν
1197 1938 1325 2005 (Πέτρον)
1338 1934 1406 2007 μετὰ
1421 1937 1515 2002 κοινῆς
1530 1933 1623 1987 πάντα
1634 1934 1768 1986 ποιοῦντα
1864 1932 1866 1937 ⁴

74 2016 139 2089 quis
150 2017 272 2071 exclusis
280 2016 350 2071 illud
359 2017 500 2074 uansferri
507 2021 633 2091 justitiae
645 2022 715 2077 ratio
727 2039 783 2077 uon
796 2023 908 2093 patitur.
937 2019 1059 2096 γνώμης,
1083 2020 1166 2077 οὐδὲν
1186 2021 1353 2081 αὐθενιικῶς
1377 2020 1443 2075 οὐδὲ
1462 2020 1587 2090 dolrada
1621 2019 1658 2073 Ει
1674 2022 1770 2089 postea

74 2103 114 2158 at
131 2109 155 2160 6.
173 2103 314 2175 quidquid
335 2105 384 2159 alit
407 2112 530 2162 mutuam
550 2109 725 2164 concordiam
743 2111 813 2165 inter
831 2109 907 2164 audi·
938 2109 1029 2174 addit,
1059 2109 1173 2164 Petrum
1199 2109 1262 2163 ideo
1291 2108 1434 2178 negotium
1460 2107 1528 2161 illud
1563 2122 1625 2159 cum
1655 2104 1769 2176 reliquis

75 2197 149 2247 tores
172 2195 202 2246 et
224 2197 350 2261 pastores
374 2210 478 2249 summe
496 2196 681 2251 neeessariam
700 2204 784 2269 atque
802 2204 911 2253 amovet
937 2195 1152 2259 communicare,
1182 2198 1229 2248 ἵνα
1254 2191 1294 2267 μὴ
1321 2191 1511 2267 περιμάχητον
1537 2195 1617 2246 sciro
1649 2192 1768 2263 πρᾶγμα

76 2276 191 2332 dissidia
216 2295 251 2334 ex
272 2279 403 2350 neglectu
424 2280 498 2335 illius
523 2284 687 2350 metuenda,
716 2283 786 2339 illud
813 2285 910 2339 merito
936 2287 1063 2354 γένηται,
1085 2284 1145 2353 jam
1168 2298 1234 2336 vero
1256 2282 1329 2337 idem
1351 2279 1504 2351 perieulum
1534 2279 1562 2332 in
1593 2278 1655 2332 aliis
1685 2276 1768 2332 etiam

77 2369 173 2419 mete
195 2363 366 2422 obsematur.
407 2366 462 2423 Sed
487 2367 624 2424 ministros
649 2370 743 2426 vocari
767 2387 830 2424 cum
848 2389 910 2425 con·
937 2368 1126 2425 vocationibus
1139 2368 1325 2423 metuendum.
1361 2366 1509 2422 Concludit
1520 2366 1649 2421 tandem:
1667 2364 1768 2417 Malti-

78 2466 160 2505 sensu
178 2456 208 2505 et
224 2449 367 2523 suffragiis
392 2453 540 2523 ecclesiae,
560 2455 605 2509 cui
623 2455 833 2527 praeficiuntur,
862 2457 911 2512 alit
936 2457 1032 2510 tudini
1044 2455 1181 2525 permittit
1199 2455 1340 2523 judiciam
1351 2453 1436 2507 simul
1448 2469 1502 2521 cos,
1520 2452 1570 2521 qui
1586 2451 1768 2519 stipabantur,

79 2543 202 2592 mutuam
239 2539 414 2594 concordiam
444 2540 514 2596 inter
549 2542 688 2599 auditores
725 2561 758 2597 ac
786 2550 910 2614 pastores
936 2544 1059 2597 reddens
1085 2542 1251 2595 reverendos
1277 2548 1302 2594 ct
1338 2557 1367 2593 sc
1390 2540 1482 2608 ipsam
1508 2540 1633 2592 liberam
1659 2536 1770 2590 invidia

80 2640 184 2679 summe
226 2624 422 2694 necessariam,
467 2633 577 2681 amovet
610 2629 694 2684 etiam
724 2629 839 2686 dissidia
877 2649 910 2686 ex
938 2631 1141 2699 simultis-taque,
1159 2635 1355 2698 qaacpoterat
1370 2626 1624 2680 connecteret.
1655 2621 1769 2679 Nullam

80 2711 210 2782 neglectu
234 2710 318 2783 hujus
344 2712 448 2767 ordinis
474 2716 631 2770 metuenda.
667 2718 747 2790 {Ergo
774 2718 911 2774 ministros
937 2718 1018 2772 audis
1044 2715 1259 2783 concessionem,
1288 2714 1336 2769 sed
1368 2729 1465 2768 causas
1491 2711 1558 2767 facti
1586 2709 1768 2784 gravissimas.

80 2815 141 2853 cnm
160 2814 298 2854 consensu
318 2798 450 2855 eeclesiae
478 2807 571 2856 vocari
591 2803 688 2858 merito
707 2813 802 2861 sancte
820 2805 910 2862 obser·
939 2809 963 2859 2.
985 2806 1075 2860 Iliam
1099 2821 1155 2857 ιιοιι
1172 2811 1230 2856 tam
1247 2801 1339 2868 fuisse
1362 2800 1521 2854 electionem
1542 2816 1626 2869 ιιοιι
1640 2795 1769 2875 portatq-

79 2888 168 2941 vtiur·
937 2893 1039 2947 tionem
1064 2891 1220 2960 qwadam,
1251 2905 1308 2958 qua
1331 2888 1495 2958 cupiverunt
1514 2888 1538 2949 :a
1562 2887 1626 2938 Deo
1647 2885 1769 2953 aliquem

10 2997 27 3056 7
116 2976 155 3026 al.
191 2970 320 3027 Alteram
341 2977 565 3044 argumentorum
588 2974 704 3030 classem
735 2978 854 3048 potimus
879 2997 911 3034 ex
939 2980 1007 3048 clici
1035 2980 1064 3032 in
1089 2978 1182 3032 locam
1207 2977 1314 3031 Joaettc.
1359 2973 1581 3045 Respondemus:
1611 2971 1688 3044 prius
1716 2970 1769 3026 ele·

10 3105 53 3138 m
83 3058 333 3130 praxiapostolica,
351 3059 433 3114 ubr
411 3077 452 3114 sac
464 3060 663 3118 concludimus
684 3063 773 3130 Quam
794 3067 911 3121 vocandi
938 3074 1040 3139 gerunt
1059 3065 1136 3134 duos,
1154 3069 1252 3135 postea
1270 3063 1380 3118 demum
1403 3079 1453 3134 per
1473 3077 1567 3133 preces
1587 3058 1770 3132 postularunt,

10 3164 14 3190 r
82 3145 219 3202 ministros
243 3147 379 3202 rationem
404 3147 583 3203 observarunt
603 3150 736 3220 apostoli,
764 3168 798 3207 ea
814 3154 911 3208 merito
939 3175 971 3211 ex
986 3154 1093 3210 duobus
1112 3152 1166 3207 illis
1185 3169 1271 3206 unum
1287 3170 1305 3206 a
1318 3150 1463 3223 Deceligi,
1485 3149 1536 3204 hoc
1554 3147 1769 3204 estelectionem

10 3203 47 3294 h
55 3203 197 3288 ¹'‘adhuc
188 3250 219 3287 in
239 3233 358 3288 ecclesia
375 3233 543 3290 observatur.
576 3236 632 3290 Sed
644 3239 761 3307 apostoli
781 3256 813 3294 eo
831 3241 911 3297 modo
938 3243 1096 3298 alterutrius
1122 3258 1172 3312 per
1198 3245 1298 3295 sortem
1332 3237 1502 3293 manifestari
1530 3242 1559 3292 et
1588 3232 1769 3306 comprobari.

10 3307 70 3400 ffi„
82 3326 213 3376 vocarunt
242 3320 395 3391 ministros,
425 3326 456 3376 ut
491 3322 635 3378 accederet
623 3324 747 3378 tetiam
779 3326 911 3382 ecclesiae
938 3330 1011 3403 Ergo
1043 3328 1193 3401 postulatio
1227 3345 1282 3382 non
1322 3325 1487 3398 opponenda
1516 3330 1558 3378 est
1593 3329 1768 3402 antegressae

82 3423 236 3463 consensus.
268 3407 342 3480 Ergo
355 3425 415 3464 eam
429 3409 694 3466 vocandirationem
710 3411 807 3468 merito
820 3414 910 3468 adhuc
938 3416 1074 3479 electioni,
1092 3431 1144 3470 nee
1164 3412 1286 3469 excludit
1303 3411 1473 3467 electionem.
1506 3409 1620 3464 Interim
1640 3397 1767 3471 fatemur,

80 3492 265 3549 observamus.
286 3493 367 3553 Circa
379 3496 510 3565 majorem
522 3497 737 3567 propositionem
750 3501 908 3565 notandum,
936 3505 965 3559 in
990 3501 1133 3558 vocatione
1164 3502 1217 3555 hac
1248 3499 1409 3553 immediata
1436 3515 1486 3568 per
1515 3501 1615 3550 sortem
1641 3500 1669 3549 et
1695 3493 1767 3549 inter

80 3579 152 3652 quod
176 3585 245 3653 agat
271 3581 446 3638 deecclesia
465 3584 524 3653 jam
549 3583 675 3655 plantata
700 3590 727 3640 et
751 3587 909 3657 constituta,
935 3590 1054 3662 reliquas
1069 3588 1202 3643 modiatas
1215 3579 1767 3655 vocationesessealiquamdifferentiam,

81 3667 199 3739 itemque
223 3667 299 3740 quod
321 3684 354 3724 ea
371 3669 564 3742 magistratus,
589 3671 637 3742 qui
660 3677 782 3743 tempore
801 3682 909 3745 aposto·
936 3677 1001 3748 quia
1024 3676 1052 3730 in
1075 3675 1128 3729 hac
1148 3673 1308 3729 immediata
1324 3671 1464 3726 'Matthiae
1481 3669 1626 3725 vocatione
1644 3684 1700 3723 uon
1719 3667 1766 3723 de·

79 3753 166 3809 lorum
183 3755 308 3809 nondum
328 3760 387 3813 erat
411 3756 544 3812 ecclesiae
561 3757 728 3824 membrum,
754 3759 806 3814 hac
831 3761 860 3816 in
879 3780 909 3817 re
936 3764 1020 3818 bebat
1052 3778 1108 3816 una
1133 3775 1251 3832 persona
1280 3758 1461 3814 determinate
1492 3757 1571 3828 eligi,
1603 3755 1652 3810 sed
1674 3753 1766 3810 divino

75 3841 130 3911 juri
148 3841 312 3912 neutiquam
329 3841 430 3913 opponi
454 3842 563 3899 debeat.
597 3842 687 3899 Minor
708 3846 841 3916 probatur
858 3848 907 3902 ali·
932 3849 1039 3921 jndicio
1065 3847 1222 3903 alterutrius
1257 3847 1354 3901 electio
1383 3845 1582 3911 commendari;
1614 3858 1709 3896 rerum
1738 3841 1767 3895 in

79 3934 144 4000 quot
160 3927 303 3998 exemplis.
336 3929 434 3984 1.Act.
450 3935 472 3996 1,
490 3947 515 3982 v.
534 3935 574 3985 23.
588 3929 617 3984 in
629 3931 762 3987 electione
775 3933 908 3989 Matthiae
936 3936 1080 3991 vocatione
1106 3936 1228 3991 mediata
1261 3934 1394 3990 ecclesiae
1427 3931 1558 4002 competit
1585 3929 1767 3984 determinata

77 4014 175 4069 Petrus
194 4015 308 4085 quidem
326 4014 468 4087 negotium
485 4016 627 4088 proponit,
652 4018 762 4074 interim
780 4038 831 4076 nec
849 4021 908 4092 ipse
936 4026 1016 4082 unius
1038 4041 1172 4096 personae
1199 4022 1298 4078 electio
1323 4027 1352 4077 ct
1379 4021 1495 4076 vocatio.
1531 4022 1559 4077 3.
1579 4022 1624 4075 At
1642 4022 1766 4090 exemplo

78 4101 159 4169 solus,
177 4118 230 4157 nec
246 4101 365 4171 apostoli
377 4102 437 4172 soli,
456 4103 504 4159 sed
516 4110 576 4160 tota
589 4105 706 4161 ecclesia
723 4107 791 4161 duos
803 4109 908 4178 statuit,
936 4133 989 4168 ono
1013 4132 1069 4167 ιιοιι
1090 4111 1194 4166 deduci
1219 4127 1316 4180 posse,
1347 4110 1425 4178 qaod
1448 4107 1561 4176 aliquid
1584 4108 1621 4160 sit
1646 4110 1681 4162 dc
1698 4108 1768 4178 jare

79 4196 177 4243 sortem
197 4187 311 4260 projicit
330 4194 358 4244 et
376 4206 451 4259 eum,
473 4193 552 4263 cujus
569 4193 676 4248 vocatio
696 4193 827 4250 divinitus
845 4214 908 4252 cou-
937 4203 1041 4265 divina
1059 4219 1120 4254 cum
1133 4205 1250 4270 praesto
1269 4198 1326 4251 ciat
1346 4195 1472 4265 ecsmpla
1492 4195 1653 4260 contraria,
1670 4195 1767 4262 fciam

79 4275 248 4346 firmabatur,
270 4275 459 4332 communibus
477 4277 617 4351 suffragiis
636 4281 664 4335 in
683 4299 827 4338 numerum
845 4302 910 4356 apo·
937 4291 1092 4360 aliquando
1118 4288 1178 4340 sinc
1198 4285 1304 4356 populi
1326 4284 1473 4353 suffropiic
1493 4282 1594 4336 clectos
1615 4281 1768 4352 episcopos.

79 4365 210 4420 stolorum
223 4370 346 4436 cooptat.
359 4363 477 4434 ἕσιησαν
488 4363 548 4430 δύο,
567 4366 658 4438 inquit
669 4369 768 4439 Lucas,
781 4370 909 4429 videlicet
938 4376 1161 4447 Respondemus:
1188 4373 1223 4428 de
1248 4371 1302 4425 illis
1329 4369 1461 4440 exemplis
1479 4368 1623 4424 contrariis
1642 4367 1767 4437 dispicie-

79 4451 175 4525 ἄνδρες
208 4450 344 4524 ἀδελφοί,
375 4468 491 4523 quorum
522 4470 652 4509 numerus
683 4457 846 4513 excurrebat
875 4458 909 4512 ad
938 4479 997 4516 mus
1014 4467 1124 4533 postea,
1151 4458 1205 4512 hoc
1227 4457 1288 4511 loco
1305 4474 1460 4524 monemus,
1484 4474 1533 4510 nos
1552 4454 1768 4524 haudquaquam

80 4547 187 4596 centum
207 4545 236 4595 et
256 4537 370 4611 viginti,
396 4555 452 4594 una
470 4557 532 4595 cum
552 4542 697 4613 apostolis,
721 4551 753 4599 ut
772 4545 911 4618 colligitur
938 4548 974 4602 ab
1001 4565 1054 4601 uno
1085 4544 1245 4618 particulari
1278 4543 1417 4614 exemplo,
1446 4542 1528 4597 certis
1557 4537 1768 4595 circumstantiis

80 4647 112 4685 ex
129 4646 156 4686 ι.
178 4635 218 4683 15.
236 4631 283 4681 καὶ
297 4627 517 4701 προσευξάμενοι
528 4629 637 4685 ἔδωκαν
651 4631 774 4703 κλήροις,
789 4633 838 4689 ubi
856 4652 910 4689 non
937 4633 1062 4703 limitato,
1080 4632 1130 4687 sed
1147 4632 1184 4686 ab
1202 4631 1350 4686 universali
1362 4630 1529 4701 apostolicae
1542 4626 1674 4681 ecclesiae
1690 4625 1768 4697 praxi

80 4715 266 4787 apostolorum
294 4713 443 4779 duntaxat,
472 4715 522 4770 sed
550 4717 635 4772 totius
659 4718 791 4774 ecclcsiae
815 4737 909 4790 preces
937 4720 1139 4794 argumentari,
1163 4719 1357 4790 conjungimus
1382 4717 1454 4771 enim
1478 4732 1539 4770 cum
1563 4713 1616 4768 hoc
1644 4715 1768 4786 exemplo

80 4802 280 4875 intelliguntur,
293 4804 340 4855 xci
356 4809 609 4874 σογκαιεψηφίσιη
628 4810 760 4868 Ματθίας
771 4804 841 4880 pirri
857 4809 910 4864 τῶν
938 4807 1088 4864 vocationis
1112 4805 1247 4861 Matthiae
1267 4804 1391 4874 exempla
1413 4801 1495 4855 ctiam
1521 4799 1627 4871 reliqua
1652 4799 1681 4854 in
1699 4803 1768 4856 actis

81 4890 174 4944 ἕιιιειια
189 4887 369 4954 ducaminis,
384 4889 495 4945 additus
516 4895 558 4946 est
577 4892 690 4947 calculis
707 4893 751 4948 vel
770 4893 910 4967 suffragiis
938 4902 966 4950 et
983 4893 1105 4966 epistolis
1123 4891 1281 4964 apostolicis
1303 4889 1448 4959 descripta.
1486 4886 1665 4942 Procedimus
1683 4887 1768 4960 igitur

80 4976 211 5033 ccclesiae
234 4993 349 5032 numero
367 4977 562 5047 apostolorum
598 4978 708 5051 Excipit
728 4980 910 5035 Bellarminus
938 5000 992 5036 non
1018 4980 1054 5036 ab
1077 4997 1133 5035 uno
1159 4977 1318 5049 particulari
1345 4976 1468 5046 exemplo
1486 4974 1522 5029 ad
1543 4975 1667 5048 regulam
1686 4992 1767 5046 gene-

83 5069 103 5119 1
110 5066 194 5133 jrcrta
209 5062 436 5133 Chrysostomum
448 5069 557 5128 tactam
569 5066 602 5119 id
619 5082 675 5119 csse
690 5084 723 5120 ca
735 5067 910 5122 concessione
937 5068 1031 5133 ralem,
1048 5067 1097 5123 sed
1115 5084 1132 5121 a
1149 5064 1296 5120 sufficienti
1316 5060 1520 5117 enumeratione
1539 5061 1661 5116 omnium
1680 5078 1767 5116 exem-

80 5152 166 5217 Pttra',
186 5169 242 5205 ιιοιι
263 5168 296 5204 cc
314 5151 483 5206 ιιοιιιιίιιιιι
520 5151 744 5223 Respondemus:
764 5154 793 5211 Si
811 5110 1072 5225 Petruslplorurh'
1064 5172 1092 5207 ιο
1111 5151 1260 5223 Scripturis
1278 5154 1479 5213 annotatorum,
1496 5154 1524 5202 et
1547 5156 1674 5203 notanter
1689 5147 1767 5203 addi·

80 5245 143 5295 tunc
161 5239 306 5309 concessit,
327 5256 376 5293 cur
395 5257 476 5310 papa,
498 5239 545 5312 qui
566 5239 642 5295 Petri
654 5258 795 5297 successor
813 5242 910 5299 audire
938 5261 1007 5310 mus,
1025 5259 1080 5296 non
1099 5256 1180 5311 posse
1192 5235 1324 5292 dissimile
1337 5235 1493 5306 exemplum
1507 5235 1574 5301 dari,
1595 5235 1643 5289 ubi
1663 5234 1768 5291 scilicet

80 5328 166 5399 cupit,
194 5326 277 5382 hodie
305 5325 379 5382 idem
407 5343 462 5380 non
488 5327 636 5384 concedit?
684 5328 738 5385 Sed
769 5348 911 5402 negamus,
937 5327 1054 5400 apostoli
1079 5327 1185 5398 absque
1211 5323 1343 5378 ecclesiae
1369 5323 1532 5396 suffragio
1525 5341 1553 5377 ιιι
1578 5320 1721 5378 ecclesia
1709 5341 1768 5394 Jam

80 5414 227 5486 specialem
245 5414 386 5487 quandam
398 5416 603 5472 concessionem
620 5416 665 5471 hic
678 5416 804 5472 describi.
841 5416 911 5472 Con·
938 5415 1089 5472 constituta
1113 5411 1251 5468 ministros
1271 5411 1437 5466 vocaverint.
1476 5410 1518 5465 Ex
1540 5411 1593 5465 hac
1614 5413 1672 5464 tota
1690 5408 1769 5482 praxi

80 5502 241 5559 siderandua
262 5502 336 5559 enim
354 5509 398 5558 est
415 5502 584 5574 apostolicae
607 5503 747 5560 concionis
766 5521 865 5576 scopus
885 5511 913 5559 et
938 5503 1089 5575 apostoliea
1130 5500 1318 5556 demonstrata
1360 5516 1410 5571 per
1451 5497 1576 5568 exempla
1611 5496 1704 5553 omnia
1741 5498 1768 5553 in

80 5590 201 5662 &uadem
220 5606 402 5663 consequens.
431 5586 537 5661 Scopas
555 5595 605 5659 est,
624 5590 708 5645 alium
726 5589 912 5662 quandamin
942 5588 1091 5660 Scripturis
1120 5593 1252 5647 annotata
1285 5592 1359 5643 recte
1388 5585 1519 5654 infertur,
1552 5584 1627 5654 quod
1659 5585 1769 5641 vocatio
