4020 6014
252 173 313 233 368
830 168 954 229 Locus
972 167 1176 228 waltemus
1195 169 1375 237 QUARTUS

251 323 459 392 diepoeitionee,
478 323 691 392 reeeraationoe,
707 324 884 394 provisiones
901 332 929 378 et
949 326 1087 378 mondma
1100 322 1102 327 ’
1117 324 1216 392 quiam
1243 327 1451 390 Protertantee,
1477 342 1621 394 nunquam
1644 327 1790 395 poninus
1820 327 1953 389 canere.

251 409 410 476 apaetolica
427 408 494 462 tatia
510 409 617 462 oiribm
635 409 785 462 observabo
809 411 962 478 etfaciam
977 410 1013 463 ab
1032 428 1087 464 om·
1110 410 1282 477 praesertim
1308 411 1461 480 Brentiue,
1490 419 1521 464 at
1548 412 1592 465 uel
1616 412 1701 466 eemel
1727 413 1757 465 in
1778 427 1843 466 eam
1863 413 1952 467 locum

251 494 332 546 nibus
349 494 501 549 obaeroari.
542 495 725 564 Haeretieoe,
747 495 938 550 eobismatiooe
957 504 984 549 et
1000 496 1088 550 rebel·
1115 495 1322 565 admitteretur,
1337 498 1387 550 abi
1401 497 1501 550 saltem
1513 499 1660 551 monarchi
1676 498 1876 568 disputabant,
1895 500 1973 552 ton'

251 581 292 633 les
304 582 417 634 domino
434 591 531 635 noetro
542 598 640 654 papae
652 600 709 653 pra
723 599 807 654 poeee
821 599 980 652 persequar
997 589 1023 636 et
1039 582 1089 635 im·
1116 587 1174 632 tam
1201 582 1293 646 aben,
1322 589 1353 635 at
1378 578 1542 635 caneeeeam'
1567 583 1744 637 mitratonem
1777 585 1878 637 ridere
1904 583 1952 636 aa

247 668 391 736 papnoba.
427 667 461 721 ld
484 669 673 737 jurameutum
692 684 755 721 cum
781 685 837 721 non
856 667 940 723 fuerit
960 665 1087 739 patribus
1115 669 1230 734 quanam
1245 669 1376 736 potnerit.
1395 685 1422 739 p.
1441 672 1486 722 98:
1506 669 1612 738 Ajant,
1638 686 1667 722 ee
1687 669 1864 737 chananeae,
1889 669 1952 738 quia

252 753 361 807 concilii
380 753 538 808 Tridentini
558 754 726 821 relaxatum,
755 753 850 824 ecquis
869 755 982 821 credat,
1011 753 1086 823 ipsos
1114 767 1224 821 semper
1239 754 1363 807 tabuere
1380 754 1589 808 Tridentieuae
1603 755 1805 826 conploratam,
1825 757 1952 809 indoctos

251 840 295 892 vel
320 839 432 893 minima
456 839 576 909 quadam
602 840 631 893 iu
654 857 684 893 re
710 846 808 894 contm
828 838 987 910 pontificem
1007 837 1086 909 quid·
1115 840 1251 906 quaedam
1269 855 1304 892 ao
1320 841 1408 892 rader
1426 839 1573 910 episcopos
1592 848 1618 894 et
1634 841 1786 909 paelatoe
1805 841 1837 893 in
1855 841 1952 894 reeeio·

252 941 335 996 quam
355 923 535 979 decreturos?
553 924 588 978 In
605 925 819 995 paralipomenis
831 925 953 981 chronici
968 924 1086 992 Ursper·
1114 940 1162 975 nee
1180 923 1294 991 inpredi
1307 924 1405 977 eolitoe
1415 924 1514 991 fuieoe,
1534 925 1584 992 pai
1595 925 1667 978 talee
1689 933 1773 980 erant
1792 943 1824 979 en
1836 942 1951 988 summo,

252 1011 346 1081 gensis
360 1010 493 1065 recitatur
505 1009 610 1064 dictum
628 1011 740 1065 Aeneae
761 1008 850 1080 Sylvii
869 1012 977 1080 (postea
993 1007 1037 1061 Pii
1048 1007 1085 1061 11.
1114 1015 1144 1061 at
1172 1009 1219 1061 oio
1243 1010 1386 1077 ponerint
1416 1009 1476 1062 tria
1504 1010 1589 1062 cerba
1617 1012 1718 1064 Latine
1747 1013 1950 1080 pronuntiare,-

253 1095 391 1168 poutificis
410 1096 555 1163 Βοιιιιιιί),
586 1095 685 1166 quodsi
705 1096 852 1165 epiecopus
868 1111 963 1163 papae
976 1101 1087 1146 eontra·
1114 1093 1179 1148 item
1199 1095 1373 1163 obeeroaeee,
1400 1096 1506 1164 qaodei
1527 1096 1591 1164 aaa
1610 1097 1716 1164 jaceret
1741 1098 1885 1152 mediocri
1901 1097 1952 1150 ali·

253 1184 338 1252 dicat,
351 1183 433 1237 ctiam
446 1201 515 1237 ocra
528 1184 676 1252 loquendo,
695 1182 877 1236 nibilominae
895 1189 994 1234 contra
1003 1180 1087 1249 jara·
1115 1197 1171 1248 qua
1196 1179 1354 1234 emditione
1381 1188 1499 1234 ornatus
1525 1189 1551 1234 et
1577 1182 1621 1235 ael
1647 1200 1703 1237 ano
1728 1184 1844 1237 aerbulo
1870 1199 1954 1235 anna

253 1277 374 1322 mention
389 1269 523 1338 pontifici
537 1268 708 1340 praestitam
728 1275 833 1336 peccet.
872 1265 1016 1332 Quomodo
1035 1265 1087 1334 igi·
1115 1266 1217 1328 faieeet
1236 1267 1288 1335 bie,
1312 1284 1383 1335 quiae
1402 1285 1420 1319 a
1439 1268 1539 1336 lepatie
1551 1270 1688 1322 mandato
1701 1286 1800 1340 papae
1814 1285 1955 1341 propone-

253 1362 301 1408 tur
319 1354 355 1409 ab
375 1355 430 1408 illis
450 1370 541 1426 papae
560 1352 706 1423 mancipiis
727 1353 862 1407 ecclesiae
880 1350 1040 1407 reformatio
1060 1357 1088 1406 et
1115 1358 1220 1420 rentur,
1229 1353 1599 1421 contradicere,iecontinae
1606 1354 1780 1422 ejiciebatur,
1788 1361 1873 1424 atqrae
1882 1356 1954 1408 emer

253 1458 376 1495 errorum
394 1439 554 1510 redargutio
578 1436 733 1508 exspectari
758 1436 868 1509 potuit?
895 1447 919 1493 3.
941 1439 986 1491 En
1000 1437 1089 1505 praei
1114 1439 1164 1490 boe
1176 1438 1337 1508 epiecapum
1349 1439 1457 1492 Fooeae
1470 1437 1586 1492 Clodiae
1604 1440 1757 1493 nominant.
1796 1438 1954 1494 cardinalis

205 1549 208 1554 ·
251 1529 325 1598 ipso,
343 1527 424 1596 cujus
441 1531 540 1580 testem
558 1523 698 1591 αὐτόπτην
714 1523 893 1594 producimus
912 1523 1087 1594 Vorganium,
1115 1521 1248 1576 Moronus
1272 1523 1302 1577 in
1325 1539 1463 1578 carcerem
1487 1531 1529 1578 est
1554 1526 1699 1594 conjectus
1716 1531 1745 1579 et
1768 1524 1844 1581 inter
1862 1526 1954 1594 capite

252 1614 300 1685 qui
319 1614 348 1666 in
367 1613 448 1683 epist.
469 1611 505 1664 ad
523 1627 617 1681 regem
642 1609 775 1664 Poloniae
801 1609 840 1664 sic
859 1609 956 1666 scribit
975 1625 1002 1678 p.
1024 1613 1087 1663 119:
1115 1607 1300 1662 accusationis
1319 1625 1336 1662 a
1355 1614 1537 1678 procuratore
1555 1608 1616 1663 fisci
1636 1614 1733 1664 contra
1744 1626 1808 1665 enm
1825 1610 1954 1665 institute

252 1699 317 1766 Epo
353 1699 462 1752 nullam
493 1695 582 1749 aliam
610 1696 644 1748 ob
673 1712 788 1748 canaam
817 1694 866 1759 fai
897 1710 930 1748 ee
962 1695 1016 1748 ella
1044 1711 1087 1760 ey·
1106 1693 1198 1761 ¹etiam
1217 1692 1287 1747 illud
1308 1693 1434 1760 habetur,
1452 1695 1629 1763 quodlibrae
1648 1694 1828 1749 Latbaanm
1846 1696 1953 1763 leporii,

252 1802 363 1853 napapa
396 1784 530 1852 rejectae,
569 1781 626 1834 nai
657 1781 725 1849 qaia
760 1797 821 1833 eam
856 1782 886 1833 in
923 1778 1088 1842 (inmania,
1115 1778 1253 1849 quomodo
1274 1784 1366 1834 autem
1386 1785 1538 1849 potuerunt
1556 1779 1597 1834 illi
1614 1781 1733 1853 praelati
1753 1797 1815 1836 esse
1832 1781 1953 1852 judices,

252 1880 283 1924 nt
302 1873 421 1923 duorum
441 1884 587 1937 paparum
613 1867 798 1920 internuntiae
822 1866 992 1935 aliquandiu
1011 1866 1088 1932 faie·
1115 1881 1178 1920 cum
1210 1869 1276 1919 aete
1316 1880 1416 1920 causae
1450 1867 1543 1936 legere
1581 1867 1648 1938 ipsis
1685 1868 1722 1922 sit
1761 1866 1954 1939 prohibitum?

252 1974 310 2010 eam
341 1963 368 2009 et
397 1971 510 2008 caueam
538 1953 610 2005 bane
638 1960 775 2021 mamque
806 1952 1006 2020 intelligerem,
1043 1968 1089 2004 ιιι-
1115 1949 1762 2009 “Melchiorcanuslibro12.loc.theolo.
1788 1957 1827 2008 12.
1848 1970 1877 2024 p.
1890 1958 1954 2008 412:

252 2042 342 2110 epieio
360 2048 433 2108 nat,
457 2056 500 2092 me
516 2055 575 2092 rem
593 2046 681 2092 totam
702 2039 793 2108 probe
812 2053 894 2093 naeee
920 2046 947 2091 et
966 2038 1028 2106 ey'ae
1046 2037 1087 2090 in·
1117 2036 1265 2091 Corneliae
1284 2037 1447 2092 Bitontinue
1467 2039 1615 2110 epiecopus
1634 2039 1663 2092 in
1687 2040 1809 2094 concilio
1833 2039 1952 2094 Triden-

253 2127 330 2197 panii
347 2143 418 2192 ease,
436 2132 467 2177 ut
483 2125 574 2189 focile
590 2125 710 2179 sinerem
734 2124 804 2178 mebi
826 2141 845 2177 a
870 2124 1014 2177 nonnullie
1032 2124 1088 2192 epi·
1115 2123 1173 2176 tina
1193 2124 1319 2190 diaerot,
1348 2122 1489 2177 Obrietam
1512 2124 1543 2176 in
1562 2140 1649 2178 coena
1667 2142 1724 2178 non
1742 2142 1823 2195 suum
1837 2126 1950 2193 eonpeei·

253 2214 347 2284 eoopie
360 2211 548 2282 pereaaderi,
575 2219 606 2263 ut
624 2218 724 2264 eontra
737 2225 847 2280 popam
864 2226 930 2263 oaoe
945 2210 1088 2278 praeirem
1114 2225 1177 2261 nem
1201 2217 1226 2262 et
1250 2226 1352 2277 corpue
1375 2209 1519 2276 obtulieee,
1549 2227 1567 2262 a
1589 2211 1723 2278 patribus
1748 2210 1880 2280 eaploeae
1904 2217 1951 2262 eet.

254 2307 279 2351 et
297 2297 385 2353 aelati
404 2297 479 2351 ciam
492 2303 651 2360 eternerem,
672 2312 706 2349 ao
720 2297 858 2348 duntaxat
871 2303 992 2365 propter
1006 2295 1087 2347 istam
1116 2295 1283 2349 Dominicue
1306 2295 1471 2350 Wilbelmae
1492 2295 1610 2349 Venetae
1627 2313 1689 2348 eam
1707 2298 1815 2349 dicent
1839 2297 1869 2348 in
1887 2313 1951 2348 con·

253 2384 439 2454 suspicionem
458 2382 600 2450 ejiciebar.
637 2381 850 2434 Encludcbatar
865 2389 930 2450 poet
949 2397 992 2433 mc
1012 2379 1089 2433 alna
1115 2380 1182 2434 eilia
1194 2380 1358 2434 Baeelcenei
1376 2381 1516 2434 demetam
1536 2397 1602 2448 aee,
1620 2381 1769 2436 concilium
1788 2397 1849 2436 esse
1868 2396 1951 2452 supra

253 2486 368 2541 qaoque,
384 2484 482 2538 nempe
503 2467 628 2522 Jocabor
648 2467 821 2521 Naobiantee
841 2468 949 2521 Fossae
969 2465 1088 2520 Clodiae
1114 2481 1224 2536 papam,
1244 2482 1277 2519 ee
1295 2466 1415 2519 concilio
1431 2467 1533 2535 paleae
1552 2474 1605 2550 eet,
1630 2464 1754 2521 Balaeus
1780 2465 1800 2522 f.
1821 2471 1882 2521 423.
1902 2464 1950 2520 Ja-

253 2557 310 2609 eioe
329 2553 489 2622 Olapiemie
509 2553 664 2622 episcopas.
704 2551 770 2607 Cam
791 2553 864 2605 enim
885 2552 1023 2619 laceretur
1042 2552 1088 2603 de·
1114 2550 1175 2606 oob.
1198 2551 1365 2609 Nachiantes
1389 2551 1503 2608 Clodiae
1526 2553 1629 2607 Fossae
1654 2552 1802 2624 episcopua
1828 2569 1892 2607 cum
1910 2552 1949 2605 di·

252 2649 357 2694 cretam
374 2640 473 2693 tartare
490 2639 636 2702 eeeeionio,
649 2639 699 2707 pie
717 2645 745 2690 et
761 2655 869 2691 eamnm
889 2637 1028 2691 enodatio
1045 2637 1088 2689 di·
1114 2643 1203 2706 cenet,
1228 2655 1259 2691 ee
1283 2656 1339 2692 non
1357 2638 1485 2706 probare
1504 2640 1661 2706 maetam,
1688 2657 1742 2707 qno
1767 2639 1951 2705 statuebatar,

252 2729 308 2796 ait,
340 2725 396 2779 eibi
413 2727 488 2777 dura
501 2725 597 2778 uideri
612 2725 708 2787 naba,
737 2731 864 2778 mutuata
882 2723 992 2777 scilicet
1010 2739 1043 2777 ex
1062 2739 1087 2778 c.
1116 2723 1285 2778 auditionem
1303 2740 1362 2777 eeee
1381 2741 1443 2777 cam
1460 2723 1663 2795 aerboecripto
1682 2723 1808 2792 ejusdem
1825 2725 1949 2778 auctori·

252 2811 499 2868 ecclesiasticarum
506 2814 559 2866 etc.
566 2808 629 2863 dist.
640 2810 716 2864 ltin
724 2811 822 2879 quibas
831 2809 984 2877 dicebatur,
991 2810 1087 2862 eodem
1115 2811 1189 2878 tata,
1203 2827 1260 2879 per
1278 2809 1450 2863 Marcellam
1467 2825 1499 2863 ec
1511 2809 1630 2864 coneilio
1643 2808 1745 2878 paleae
1763 2817 1812 2879 eet,
1829 2808 1951 2864 Bulaeus

248 2898 367 2969 pictatia
385 2898 488 2966 affecta
505 2913 539 2948 no
556 2895 712 2949 reuerentia
736 2895 932 2964 euterpiendae
957 2910 992 2947 ac
1009 2910 1087 2947 aene·
1113 2894 1133 2949 f.
1155 2901 1214 2950 422.
1246 2895 1313 2949 cun
1333 2897 1448 2965 qnidam
1465 2896 1613 2967 epiecopus
1633 2895 1752 2965 dicent,
1779 2895 1836 2948 eibi
1852 2896 1948 2950 abnn-

195 3051 196 3055 .
252 2985 362 3037 rendae
381 2998 442 3035 eeee
460 2981 638 3048 traditiones,
661 2997 719 3049 qua
738 2981 884 3049 ipsammet
902 2980 1087 3048 eaanpelium,
1115 2984 1182 3034 dam
1208 2981 1313 3049 rideri,
1343 2981 1435 3036 Deum
1462 2980 1555 3036 vocari
1582 2988 1724 3047 sanctum,
1755 2996 1861 3052 papam
1884 2997 1948 3038 vero

253 3069 416 3124 canetenim
436 3083 509 3131 esee,
533 3069 611 3135 qaod
627 3084 689 3119 mem
715 3067 860 3135 eoanpclio
884 3066 1012 3134 conferri
1028 3065 1087 3119 allo
1115 3065 1325 3136 sanctissimam,
1343 3075 1456 3121 vocatae
1475 3075 1516 3120 cet
1534 3084 1553 3119 a
1569 3067 1781 3136 popoliomom
1801 3073 1828 3120 et
1845 3068 1950 3137 epaca-

139 3175 195 3218 ιιι,
208 3174 240 3217 ιι
254 3156 336 3208 modo
350 3154 451 3224 poerit.
478 3155 518 3205 At
536 3155 674 3205 dantanat
688 3159 808 3222 propter
826 3151 878 3205 boo
899 3151 1045 3220 effatumj
1044 3167 1088 3203 ue·
1114 3162 1185 3223 pata
1207 3153 1351 3223 privatae,
1380 3153 1500 3208 Bulaeus
1520 3150 1567 3206 fol.
1587 3156 1647 3206 42³.
1683 3143 1787 3206 Confer
1804 3151 1948 3208 Wolffium

254 3259 302 3294 eae
333 3248 372 3293 est
401 3257 420 3292 a
448 3238 549 3306 topatio
580 3238 716 3290 Tridento
747 3237 892 3290 discedere
919 3242 945 3288 et
968 3237 1088 3289 Romam
1115 3240 1422 3309 tom.2.p.140.**
1465 3237 1613 3292 Marcellus
1636 3237 1771 3292 Cervinus
1801 3236 1949 3293 cardinalis

250 3334 357 3395 petere,
376 3342 401 3377 ee
397 3325 496 3391 forte
506 3339 588 3391 papa
606 3322 688 3375 cedet
705 3321 783 3375 illi'
771 3337 921 3390 epnoeoerc,
940 3323 1088 3389 meodtam
1116 3342 1179 3380 cum
1200 3323 1366 3395 apoutitioe
1385 3324 1422 3379 ad
1442 3323 1589 3379 concilium
1608 3322 1771 3392 mitteretur,
1788 3324 1948 3380 menmium

254 3409 420 3465 temerariae
442 3409 558 3477 faieoet,
585 3407 636 3476 qai
662 3408 772 3461 decreta
799 3407 835 3459 ab
863 3408 981 3478 ipsomet
1005 3424 1088 3479 papo
1114 3410 1176 3466 ab
1169 3426 1229 3481 rpso
1248 3410 1370 3481 accepit,
1396 3427 1431 3464 ne
1450 3409 1522 3477 quid
1539 3410 1651 3463 omnino
1664 3418 1815 3478 pateretur
1837 3411 1868 3466 in
1886 3429 1947 3466 oon-

252 3499 360 3551 Romae
380 3495 495 3550 condito
515 3511 601 3547 aneae
618 3493 721 3556 freismt
740 3493 943 3547 contradicere.
979 3491 1087 3546 Ibidem
1113 3496 1181 3551 cilia
1206 3496 1351 3559 constitui,
1377 3499 1456 3564 qaod
1476 3503 1575 3548 contra
1602 3496 1777 3563 majestatem
1803 3496 1948 3550 &manoe

252 3601 278 3655 p.
302 3587 365 3638 122:
388 3581 509 3636 Nallam
526 3571 676 3646 decretam,
693 3578 790 3633 nullae
802 3595 893 3631 canon
902 3579 966 3645 fuit
984 3578 1014 3630 in
1031 3594 1088 3631 see-
1115 3582 1193 3634 eedie
1212 3588 1297 3648 eceet,
1315 3595 1411 3634 aeram
1429 3581 1597 3649 exstirparet
1610 3580 1709 3648 potine
1728 3581 1872 3648 ejaemodi
1882 3598 1947 3652 per·

252 3669 375 3723 sionibro
394 3665 508 3721 concilii
522 3664 683 3718 Tridentini
698 3664 792 3733 lectae,
811 3664 863 3733 qai
875 3664 967 3717 Εοιιια
986 3665 1088 3717 mirate
1114 3684 1207 3735 sonae,
1223 3683 1295 3735 meac
1314 3666 1371 3719 tale
1382 3665 1453 3734 qaid
1462 3667 1624 3720 madeant.
1653 3663 1736 3721 Unde
1754 3681 1817 3720 oum
1836 3666 1947 3739 quidam

252 3771 309 3807 non
325 3753 428 3820 fuerit,
458 3750 626 3817 oapebantar
642 3766 708 3803 aero
727 3750 902 3803 me'eerrimae
922 3749 992 3803 illae
1010 3765 1089 3802 crea
1115 3751 1281 3807 Wilhelmus
1301 3750 1406 3806 ordinis
1424 3750 1456 3807 S.
1476 3750 1618 3805 Dominioi
1643 3750 1673 3805 in
1689 3749 1806 3806 concilio
1826 3752 1947 3817 dixueet,

253 3847 335 3892 turae
357 3854 429 3904 moa,
446 3836 496 3889 ubi
518 3835 595 3889 illud
621 3835 778 3888 aadiieeent
806 3834 936 3897 recitari,
965 3851 1088 3888 annuae
1114 3836 1324 3897 Constantiense
1343 3837 1492 3891 eonadiam
1503 3837 1598 3903 saieee
1616 3854 1706 3906 supra
1721 3854 1839 3907 papam,
1857 3837 1947 3894 Cervi·

254 3924 367 3977 mitrato
386 3922 478 3991 capite
496 3930 524 3975 et
542 3920 661 3974 demieee
674 3921 880 3989 pronuntiare:
908 3920 1026 3990 Placet,
1045 3929 1088 3974 ta·
1115 3941 1166 3978 uus
1185 3939 1247 3978 eum
1267 3922 1398 3977 continuo
1413 3922 1497 3991 juesit
1514 3939 1548 3975 ex
1567 3918 1686 3976 concilio
1698 3921 1841 3991 excedere,
1859 3923 1946 3979 Wolf·

254 4010 336 4063 metri
351 4009 497 4074 sentirent,
522 4006 671 4060 redamari
696 4022 776 4058 amm
805 4005 1017 4075 conscientiam,
1044 4006 1089 4060 ool
1114 4007 1167 4062 fius
1187 4013 1258 4062 cent.
1279 4012 1319 4064 te.
1339 4006 1487 4063 memorab.
1508 4023 1574 4079 pag.
1597 4015 1655 4064 140.
1680 4007 1786 4064 “Cum
1806 4009 1945 4065 decretum

255 4097 332 4164 prad
360 4093 517 4163 almaando
546 4109 601 4145 non
631 4092 833 4161 intelliperent,
862 4092 934 4161 qaid
959 4094 993 4146 id
1010 4101 1088 4157 eeeet,
1115 4101 1141 4152 2.
1160 4109 1227 4148 sees.
1247 4099 1272 4149 6.
1293 4093 1327 4148 de
1345 4091 1486 4148 benefieiis
1508 4092 1702 4149 ecclesiasticis
1723 4101 1751 4150 et
1770 4093 1806 4149 de
1824 4096 1945 4152 residen-

255 4181 332 4248 qaod
348 4179 535 4251 approbaret,
563 4194 630 4230 nam
646 4177 775 4246 plerique
793 4193 889 4231 eoram
906 4186 986 4231 eram
1004 4179 1088 4232 valde
1113 4181 1161 4245 tia,
1176 4185 1328 4240 utrocaut,
1349 4178 1545 4250 aquibusdam
1558 4181 1704 4251 episcopis,
1724 4180 1945 4251 Hispanisprae·

253 4267 385 4318 radeeoc
402 4264 518 4331 indocti,
534 4264 579 4316 oet
596 4265 745 4332 quadran
763 4263 1006 4332 ignorarenteeee
1024 4281 1089 4318 con·
1114 4264 1223 4334 sertim,
1251 4270 1397 4335 urgeretur
1414 4263 1607 4320 vehementius
1634 4272 1662 4321 et
1686 4281 1730 4319 res
1749 4281 1781 4319 eo
1800 4273 1945 4336 spectaret,

254 4351 430 4404 manerbum
450 4349 516 4417 Dei,
534 4349 634 4402 eoltem
656 4347 753 4417 aliqui.
790 4346 829 4402 Et
847 4343 960 4418 postea:
987 4350 1089 4403 Enetot
1113 4357 1145 4404 ut
1167 4350 1256 4420 major
1279 4349 1388 4403 concilii
1413 4365 1479 4420 pars
1504 4349 1693 4422 approbatum
1723 4349 1867 4406 videretur
1890 4353 1946 4424 epi·

252 4453 309 4489 non
328 4438 413 4490 moda
431 4436 535 4489 Leonis
557 4433 594 4490 X.
618 4434 747 4502 diploma
771 4442 821 4487 aas
846 4434 926 4488 balla
949 4435 1026 4488 edito
1046 4436 1086 4488 17.
1114 4452 1226 4507 sporum
1257 4441 1285 4489 et
1320 4441 1472 4490 ceterorum
1509 4435 1678 4503 antistitum,
1716 4433 1819 4506 quibus
1851 4437 1946 4509 populi

253 4521 307 4578 eal.
331 4521 396 4574 Ian.
422 4537 487 4575 ann.
511 4521 594 4575 1520.
620 4522 672 4572 red
695 4519 779 4573 etiam
796 4519 876 4574 Jalii
892 4519 954 4576 III.
973 4521 1023 4590 qai
1038 4537 1088 4575 neo
1113 4519 1245 4593 pascendi
1274 4536 1341 4574 cura
1367 4520 1558 4574 commendata
1581 4527 1668 4584 estet,
1696 4519 1889 4587 residentiam,
1916 4527 1947 4577 ut

253 4609 412 4677 epiecopoe,
440 4622 490 4659 nec
509 4604 674 4658 cardinales
692 4607 812 4675 occepit,
843 4606 898 4660 imo
922 4607 1086 4660 nominatim
1114 4610 1276 4677 praesentes
1296 4609 1390 4659 esseut
1409 4621 1518 4675 semper
1529 4604 1582 4675 ipsi
1593 4622 1645 4661 nec
1657 4604 1727 4660 alios
1738 4595 1946 4673 substituerent,

252 4692 469 4762 comprehcndit,
482 4691 581 4759 quibua
592 4690 761 4758 praeieeimo
769 4707 865 4759 poeno
876 4692 1031 4757 interdicit,
1051 4709 1085 4746 ne
1113 4710 1146 4748 ac
1165 4711 1201 4749 ue
1220 4691 1352 4747 adversus
1369 4706 1431 4745 eam
1449 4691 1673 4745 constitutionem
1691 4689 1750 4746 ulla
1768 4694 1874 4749 valant
1891 4692 1946 4747 die·

251 4785 409 4831 nostrorum
434 4777 522 4830 librae
548 4777 679 4844 leperent.
718 4776 849 4830 Jobanni
872 4777 996 4831 Moraao
1023 4796 1085 4833 eor·
1111 4779 1238 4852 pensatio
1259 4774 1415 4847 pontificis,
1438 4792 1529 4848 neque
1548 4775 1577 4831 in
1596 4793 1681 4831 uuam
1698 4794 1847 4848 personam
1865 4778 1947 4850 plura

252 4863 348 4916 dinali
371 4861 450 4916 titali
475 4861 506 4925 S,
523 4861 676 4914 Laurentii
699 4863 729 4914 in
752 4861 861 4914 Lacino
880 4862 1085 4917 Matianaium
1111 4864 1301 4920 conferrentur
1317 4859 1454 4916 beneficia
1471 4861 1673 4932 ecclesiastica,
1691 4863 1737 4917 cui
1758 4863 1869 4921 decreto
1887 4864 1945 4936 ple·

251 4950 397 5018 episcopo,
426 4947 542 5002 concilii
562 4948 670 5015 lepato,
698 4946 827 5025 oriminis
851 4946 913 5000 loeo
932 4946 1004 5002 inter
1024 4950 1085 5003 alio
1110 4950 1190 5022 rique
1213 4948 1297 5004 etiam
1322 4960 1372 5017 per
1396 4944 1520 5001 Galliam
1544 4947 1682 5019 parebant
1709 4948 1860 5004 Francisoo
1879 4967 1946 5022 rego

251 5035 439 5088 aromationie
456 5034 553 5100 capita
565 5032 702 5098 obiectum
711 5033 779 5096 fuit,
798 5033 875 5098 qaod
884 5033 1085 5089 baereticorum
1110 5035 1139 5089 id
1171 5033 1359 5106 approbante,
1389 5031 1513 5102 pontifex
1543 5032 1647 5090 Paulas
1673 5032 1725 5087 HL
1757 5035 1889 5106 odoratus
1917 5037 1945 5090 id

251 5118 338 5172 librae
355 5118 462 5186 leperit,
480 5117 619 5184 quomodo
632 5115 769 5183 ipitarde
789 5117 1083 5186 imopnttajadicarc
1110 5120 1185 5192 quod
1210 5118 1346 5190 agebatur
1371 5117 1400 5172 in
1425 5118 1555 5186 concilio,
1583 5120 1776 5176 tracmionem
1795 5121 1879 5193 hujus
1899 5123 1945 5177 de·

250 5211 276 5254 et
299 5204 391 5256 libero
416 5203 556 5271 suffrapia
580 5202 715 5269 proferre
735 5205 887 5270 poterant?
913 5201 1084 5258 secretarius
1109 5204 1178 5260 creti
1197 5221 1245 5260 sex
1265 5205 1332 5259 totis
1347 5205 1488 5259 mensibus
1507 5206 1651 5277 suspendit
1669 5211 1697 5261 et
1712 5206 1819 5263 interea
1839 5208 1946 5279 epieco-

251 5287 331 5341 Pauli
350 5287 398 5343 IV.
418 5293 470 5341 act
490 5293 513 5342 2.
535 5287 570 5340 de
587 5301 663 5340 conc.
685 5285 760 5341 Trid.
784 5287 803 5342 f.
822 5292 870 5343 93:
898 5288 1029 5341 Tridenti
1042 5290 1083 5343 in·
1108 5305 1159 5360 pos
1178 5289 1215 5344 ad
1235 5291 1422 5361 quadragina
1438 5290 1541 5360 passim
1560 5307 1593 5345 ex
1611 5291 1716 5362 Apulia
1733 5299 1762 5346 et
1776 5291 1871 5348 Sicilia
1888 5294 1947 5347 col-
