4020 6014
155 372 161 387 ¹
206 355 266 412 252
781 346 903 405 Locus
919 342 1122 403 vlcusmus
1138 343 1304 402 mutus

205 501 285 563 bere,
304 502 454 558 efficaciter
471 505 646 575 praedicare,
672 520 766 558 curam
781 503 948 573 pastoralem
966 516 1035 573 erga
1054 498 1196 569 ·Nicaeni,
1221 503 1297 568 qaod
1314 506 1450 554 συνουσία
1469 517 1530 553 mm
1555 486 1676 569 propria
1692 513 1781 551 rmore
1800 497 1836 550 sit
1851 514 1889 550 ea

205 589 347 643 auditores
360 595 389 644 et
406 607 474 662 erga
490 608 625 663 pauperes
644 590 839 645 liberalitatem
857 605 984 644 exercere
1002 603 1036 642 ac
1064 586 1152 640 mma.
1190 586 1220 642 si
1238 603 1280 656 ea,
1300 603 1372 657 quae
1389 603 1529 642 secessum
1549 592 1578 640 et
1597 590 1735 640 secretum
1753 588 1891 657 quaerunt,

206 683 383 731 saommenta
400 678 575 747 praedictum
602 684 651 732 aut
667 677 736 731 haee
756 677 892 730 duntaxat
909 674 1037 745 probant,
1063 670 1258 741 impuritatem,
1277 672 1456 742 pollutionem
1473 678 1503 727 et
1520 670 1721 743 turpitudinem
1733 687 1829 725 coram
1839 669 1893 726 Deo

206 761 363 816 sacerdotes
392 764 556 835 conjugatos
585 764 614 817 in
650 763 705 817 illis
736 762 914 817 sacerdotalis
951 759 1036 815 officii
1064 760 1240 829 cunjunctam
1258 758 1361 813 babere
1378 759 1518 815 censenda
1536 764 1637 820 esseut,
1655 758 1692 813 de
1711 758 1807 812 multis
1820 763 1893 812 natu·

205 846 334 916 operibus
352 849 578 918 impedimentum
597 849 710 921 aliquod
727 865 761 903 ex
781 848 909 919 conjugis
922 853 951 902 et
970 845 1038 902 libe·
1064 860 1112 898 rae
1131 844 1261 914 operibus
1279 844 1352 899 idem
1378 844 1525 899 dicendum
1549 845 1627 899 foret.
1663 843 1895 915 Distinguendum

204 949 296 987 rorum
311 951 377 988 cura
392 933 501 1000 sentire,
520 952 572 989 nec
588 942 645 990 tam
663 932 875 1008 ἀπερισπάστως
890 936 937 986 καὶ
954 931 1038 997 issa·
1065 929 1137 985 inter
1169 936 1261 984 actum
1284 931 1458 1002 conjugalem
1485 935 1515 985 et
1539 931 1636 985 vitium
1662 947 1696 985 ex
1722 934 1840 1000 peccato
1860 926 1897 982 illi

207 1020 344 1079 ποδίσιως
370 1019 399 1074 in
423 1020 462 1074 eis
486 1021 590 1075 temari
616 1026 701 1092 atque
720 1020 849 1076 coelibes.
898 1019 926 1075 si
953 1019 1039 1090 prius,
1065 1015 1225 1074 adhaerens.
1265 1023 1289 1074 2.
1309 1017 1439 1071 Studium
1453 1017 1624 1072 orationiset
1641 1015 1770 1071 lectionis
1788 1014 1819 1068 iu
1838 1013 1898 1080 illia

207 1104 324 1174 injurius
341 1112 383 1160 est
400 1105 584 1162 Bellarminus
595 1107 625 1161 in
644 1106 825 1177 patriarchas,
844 1107 992 1178 propbetas
1011 1111 1040 1158 et
1066 1101 1113 1172 qui
1131 1107 1248 1156 uruntur
1269 1108 1297 1156 et
1314 1119 1332 1157 a
1347 1102 1470 1174 conjugii
1488 1101 1609 1158 remedio
1632 1107 1776 1170 arcentur,
1806 1100 1898 1172 potius

207 1192 359 1260 apostolos,
387 1209 504 1263 quorum
523 1193 634 1262 plurimi
654 1194 682 1247 in
700 1193 830 1264 conjugio
854 1193 981 1247 vixerunt
1004 1208 1039 1245 ac
1065 1187 1225 1259 impeditur.
1270 1187 1351 1253 Quod
1376 1189 1437 1259 pios
1462 1189 1594 1259 conjuges
1625 1187 1738 1256 attinet,
1769 1186 1812 1241 illi
1839 1204 1898 1241 cass

206 1276 293 1331 nihilo
313 1283 406 1333 tamen
426 1279 516 1334 minus
535 1279 666 1334 ecelesiae
686 1279 837 1333 ministerio
856 1278 944 1333 functi
973 1283 1039 1333 sunt
1065 1273 1264 1328 tribidatioaes
1276 1276 1372 1328 camis
1389 1276 1524 1337 scotiam,
1549 1280 1578 1327 et
1596 1273 1688 1344 plures
1711 1278 1740 1328 et
1757 1273 1899 1345 graviores

208 1362 238 1418 Si
257 1364 405 1434 posterius,
423 1364 476 1420 hoc
494 1365 631 1419 duntaxat
647 1364 768 1432 obtinet,
786 1366 860 1436 quod
883 1365 970 1419 satius
993 1365 1038 1434 sit,
1065 1378 1149 1430 quam
1167 1360 1286 1416 coelibes
1310 1366 1331 1418 1.
1351 1359 1412 1417 Cor.
1433 1369 1457 1430 7,
1468 1379 1494 1417 v.
1511 1366 1551 1416 28.
1568 1360 1630 1415 ideo
1642 1360 1726 1415 edam
1742 1359 1900 1417 uberiorem

80 1455 136 1499 xm
148 1449 236 1503 tutin
260 1450 398 1505 coelibatu
426 1451 520 1507 vivere
546 1451 702 1507 sacerdotes
734 1468 817 1523 quem
843 1452 872 1505 iu
899 1451 1038 1523 conjugio,
1065 1452 1093 1501 et
1112 1447 1328 1519 frequentiorem
1347 1448 1478 1503 orationis
1502 1446 1607 1501 babent
1627 1446 1781 1511 materiam.
1824 1452 1850 1500 3.
1869 1445 1899 1502 Si

207 1550 382 1608 nequaquam
399 1554 463 1591 vero
483 1537 558 1607 quod
578 1537 736 1592 sacerdotes
762 1554 813 1592 nec
836 1537 957 1607 possint,
986 1555 1037 1592 nec
1064 1550 1143 1588 nemo
1161 1537 1253 1603 potest
1269 1533 1405 1588 exhortari
1423 1533 1459 1587 ad
1477 1532 1673 1605 virginitatem,
1693 1532 1742 1603 qui
1761 1549 1819 1587 non
1838 1532 1899 1603 ipse

209 1620 369 1676 debeentin
386 1622 516 1694 conjugio
531 1624 632 1680 vivere.
667 1623 835 1677 Mouendum
847 1623 1036 1695 tamen,qnod
1063 1620 1100 1673 sit
1115 1619 1232 1686 coelebs,
1252 1620 1353 1691 utique
1372 1636 1423 1675 nec
1442 1619 1542 1672 divites
1555 1617 1676 1688 episcopi
1694 1616 1837 1672 Pontificii
1854 1633 1901 1672 ex·

206 1708 321 1762 moenio
344 1708 409 1772 illa,
434 1710 521 1763 satius
549 1709 654 1764 esseio
678 1709 815 1765 coelibatu
834 1711 926 1765 virere
945 1727 1036 1765 sacer-
1062 1705 1166 1759 hortari
1185 1711 1316 1775 poterunt
1333 1706 1370 1761 ad
1389 1712 1590 1777 paupertatem,
1609 1722 1673 1759 cum
1685 1711 1780 1759 tamen
1792 1709 1901 1759 utrum·

207 1793 285 1848 dotes
305 1810 388 1864 quam
406 1794 435 1848 in
454 1795 601 1866 conjugio,
618 1812 682 1849 cum
699 1803 916 1866 temperamento
935 1796 1035 1850 distin·
1063 1808 1118 1862 que
1138 1807 1171 1846 ex
1190 1791 1339 1863 hypothesi
1356 1791 1516 1846 Bellarmiui
1534 1792 1563 1846 in
1583 1791 1713 1862 episcopo
1733 1791 1900 1861 requiratur.

207 1878 306 1933 ctionis
331 1885 353 1934 1.
380 1880 442 1935 Cor.
475 1887 498 1936 7.
524 1886 692 1936 monstratae
716 1882 753 1937 sit
770 1883 969 1953 intelligenda,
1002 1883 1038 1937 de
1063 1876 1173 1942 Quanto
1182 1878 1286 1932 rectius
1299 1878 1510 1950 chrysostomus
1522 1877 1660 1949 quihomil
1675 1882 1712 1931 10.
1725 1876 1899 1933 ἰη1.’1ἳω.3.

206 1964 261 2019 illis
290 1965 407 2034 scilicet,
436 1966 485 2038 qui
511 1967 696 2023 continentiae
722 1968 794 2023 dono
817 1969 949 2024 divinitus
973 1975 1038 2023 sunt
1063 1965 1229 2034 expendens,
1247 1981 1333 2034 quare
1352 1966 1493 2035 apostolus
1511 1965 1593 2018 unius
1610 1964 1702 2018 uxoris
1719 1963 1852 2018 maritum
1872 1970 1902 2019 et

206 2051 340 2118 instructi,
368 2051 403 2106 de
423 2051 536 2123 reliquis
556 2069 621 2107 vero
639 2053 730 2108 locum
751 2054 836 2109 habet
853 2055 952 2126 regula
971 2071 1037 2125 apo·
1063 2050 1135 2106 filios
1151 2051 1300 2106 habentem
1318 2051 1347 2106 in
1364 2053 1522 2123 episcopum
1543 2050 1637 2122 eligat,
1654 2049 1728 2105 inter
1745 2055 1839 2105 cetera
1858 2051 1901 2105 sia

206 2136 319 2205 stolica,
352 2138 460 2192 Melias
487 2145 528 2192 eet
555 2140 656 2193 nabore
684 2157 767 2208 quam
796 2142 850 2196 uri.
886 2140 941 2204 Qui
964 2140 1037 2194 enim
1063 2143 1276 2192 commentatur:
1301 2138 1455 2206 Oportebat
1471 2145 1502 2190 at
1521 2154 1553 2190 ec
1571 2137 1663 2190 cimae
1686 2144 1770 2205 atquc
1792 2153 1826 2189 re
1847 2139 1900 2190 do·

207 2222 328 2279 ustiones
346 2223 476 2291 sentiunt,
497 2229 605 2279 tantum
627 2224 706 2280 abest
721 2231 754 2281 ut
767 2226 797 2281 in
810 2227 940 2297 operibus
958 2226 1037 2280 mini·
1063 2225 1177 2277 mastico
1192 2225 1304 2278 cirtistis
1321 2240 1390 2277 suae
1403 2224 1554 2293 praeberet
1579 2223 1697 2278 iudicia.
1737 2222 1808 2285 Quat
1826 2223 1901 2277 eam

207 2309 284 2363 sterii
301 2310 484 2380 expeditiores
503 2311 566 2375 sint,
583 2317 615 2365 ut
633 2313 726 2383 potius
746 2313 775 2367 in
793 2313 849 2367 illis
866 2314 919 2369 rite
939 2331 971 2368 ac
989 2314 1037 2368 de·
1064 2312 1198 2374 medea,
1218 2311 1300 2364 illam
1312 2311 1421 2364 alienos
1438 2326 1560 2381 quiesque
1574 2310 1714 2377 subjectos
1726 2309 1900 2376 labdonem,

207 2401 302 2451 center
328 2396 495 2467 peragendis
521 2397 709 2467 impediantur
727 2399 875 2469 plurimum
904 2406 932 2454 et
957 2417 1035 2454 scan-
1064 2397 1113 2466 qui
1127 2397 1203 2463 filios
1221 2416 1277 2451 oon
1296 2397 1423 2451 habuerit
1441 2397 1587 2450 matos!
1614 2396 1689 2450 siae
1712 2394 1828 2466 (inquit)
1846 2397 1898 2451 dc·

208 2480 271 2535 dale
292 2481 348 2535 sint
367 2482 424 2541 suis
442 2481 624 2539 auditoribus.
662 2483 799 2538 Videatur
823 2485 900 2539 locus
920 2501 953 2539 ex
971 2484 1037 2541 Cas·
1064 2483 1122 2537 mai
1138 2485 1204 2537 heac
1220 2485 1424 2554 praepositam.
1461 2484 1523 2536 Hoc
1540 2488 1571 2536 :et
1591 2489 1721 2535 outcome
1738 2482 1901 2550 sapientiae

206 2566 311 2622 sandro
325 2567 452 2638 superius
472 2568 618 2623 adductus
654 2575 677 2624 2.
695 2569 773 2624 Dens
796 2571 917 2625 omnium
934 2571 1038 2642 optime
1064 2578 1192 2624 auctores
1217 2572 1314 2639 ajout,
1341 2578 1371 2623 at
1394 2571 1444 2639 qui
1467 2586 1526 2622 rem
1537 2569 1719 2637 familiarem
1742 2585 1824 2621 orsam
1841 2569 1901 2622 rite

207 2653 299 2723 novit,
323 2653 391 2724 quid
411 2655 557 2710 conveniat
582 2655 673 2709 ordini
692 2656 888 2712 ecclesiastico.
925 2659 953 2712 Is
971 2676 1037 2714 vero
1064 2657 1317 2724 admiamroecrtt,
1344 2657 1389 2710 rei
1414 2672 1522 2726 qaoque
1544 2655 1677 2724 publicae
1705 2655 1901 2709 ooavmseuter

207 2757 258 2811 per
282 2740 402 2795 Paulum
424 2741 580 2811 apostolum
605 2741 699 2812 docet,
724 2744 815 2796 ciram
839 2745 923 2798 caiisa
941 2747 1038 2800 uxoria
1060 2743 1152 2811 possit
1180 2751 1306 2796 tractare
1334 2742 1455 2812 caputia.
1498 2744 1551 2796 Ea
1578 2741 1651 2795 caim
1676 2742 1797 2795 ecclesia
1822 2742 1902 2795 celest

203 2844 288 2897 posse
304 2844 363 2881 cese
382 2829 653 2896 irreprebensibilem
670 2836 707 2884 et·
714 2830 839 2886 omnibus
858 2831 896 2885 ad
917 2831 1039 2887 ministe-
1064 2831 1163 2883 &mas
1180 2832 1326 2898 quaedam,
1345 2846 1379 2882 ac
1398 2829 1482 2881 sicud
1500 2828 1529 2880 ia
1550 2830 1632 2881 domo
1649 2845 1721 2880 umor
1740 2835 1780 2880 est
1797 2836 1825 2880 et
1836 2828 1903 2897 filii

206 2915 277 2969 rium
295 2914 456 2970 necessariis
473 2913 646 2973 instructum.
675 2918 704 2971 Is
723 2919 886 2989 conjugatos
905 2919 942 2973 ad
959 2920 1038 2973 mini·
1064 2933 1099 2969 ac
1115 2917 1191 2970 servi
1208 2916 1381 2984 omniumque
1394 2933 1465 2969 cura
1482 2931 1516 2968 ac
1529 2914 1654 2982 repimen
1674 2914 1806 2967 incumbit
1825 2915 1899 2980 viro,

207 3000 321 3055 sterium
338 3017 394 3056 non
412 3002 497 3057 semel
515 3003 637 3073 vocavit,
664 3004 689 3057 is
707 3005 867 3076 conjugium
888 3006 963 3075 apud
981 3022 1036 3060 om·
1063 3002 1105 3054 ito
1121 3002 1211 3064 imme
1231 3009 1257 3055 et
1274 3002 1306 3055 ia
1324 3002 1444 3055 ccclesia
1461 3001 1573 3067 uideas,
1597 3000 1670 3054 nihil
1694 3001 1736 3053 ibi
1754 3008 1794 3054 est
1813 3002 1901 3055 aliud
1930 2990 1933 2995 ⁴

206 3105 255 3143 nes
275 3086 435 3142 honorabile
453 3093 482 3141 et
499 3089 626 3143 omnibus
645 3088 762 3144 libemm
780 3108 840 3146 esse
858 3091 954 3160 voluit,
972 3099 1038 3148 nota
1064 3106 1147 3158 quam
1159 3088 1221 3157 filii
1238 3096 1264 3141 et
1287 3104 1388 3141 umores
1410 3095 1436 3140 et
1464 3088 1546 3142 acroi.
1591 3087 1699 3150 Quodsi
1714 3090 1899 3144 admmistra·

208 3173 281 3227 euim
300 3173 353 3244 ipsi
371 3181 487 3229 naturae
505 3179 621 3244 peceato
640 3182 785 3246 corruptae
802 3175 963 3245 infirmitas,
989 3196 1036 3233 no·
1063 3177 1148 3230 tionis
1166 3176 1248 3229 babet
1265 3177 1357 3229 socios
1375 3175 1508 3229 ccclesiae
1534 3182 1641 3241 rector,
1667 3175 1748 3228 labet
1773 3183 1798 3228 ct
1818 3177 1900 3231 dorm

206 3264 267 3313 tum
297 3259 351 3330 ipsi
377 3265 420 3314 est
447 3260 648 3315 incommodum
666 3261 750 3320 illud.
785 3262 860 3331 quod
884 3279 917 3316 ex
942 3272 1037 3320 coacto
1062 3262 1106 3314 vir
1135 3278 1250 3315 osorem
1273 3269 1425 3315 consortem
1452 3279 1584 3314 cosmum
1608 3279 1732 3318 mamm.
1771 3263 1813 3317 At
1828 3281 1896 3318 coro
1910 3266 1937 3307 ¹¹

206 3346 346 3402 coelibatu
364 3346 428 3401 oriri
449 3351 544 3417 posset
567 3345 712 3414 facillime,
731 3347 861 3402 videlicet
884 3348 1037 3420 impuritas,
1063 3348 1092 3400 ia
1110 3348 1227 3402 eoclmia
1243 3350 1401 3402 viduarum-
1413 3356 1438 3401 et
1458 3348 1598 3416 vispinum
1615 3349 1780 3402 alendorum
1798 3351 1895 3404 solici-

207 3431 336 3487 scortetio
354 3439 406 3486 eto.
426 3433 507 3502 cujus
525 3432 677 3487 remedium
695 3449 755 3486 esse
772 3434 860 3487 voluit
877 3437 1037 3506 conjugium
1063 3436 1130 3487 tudo
1150 3441 1198 3498 cst,
1217 3434 1298 3488 babet
1317 3442 1343 3488 et
1360 3434 1439 3487 domi
1454 3435 1498 3486 eir
1518 3441 1544 3487 et
1561 3450 1655 3488 seruos
1674 3442 1701 3487 et
1714 3435 1803 3503 filios.
1842 3439 1897 3492 Est

206 3518 269 3572 ”et
277 3523 396 3572 testatur
406 3518 582 3589 experientia,
600 3518 703 3572 malum
713 3535 746 3572 ex
756 3525 852 3575 coacto
862 3522 1038 3576 coelibatum
1063 3527 1153 3574 auum
1166 3519 1246 3588 loapc
1263 3520 1383 3584 facilior
1402 3522 1514 3573 domam
1531 3537 1615 3588 mmm
1631 3521 1777 3575 ecclesiam
1788 3541 1896 3591 repere.

206 3604 288 3674 longe
307 3606 420 3675 gravius
439 3623 506 3674 esse,
524 3623 607 3677 quam
620 3606 693 3677 quod
708 3625 743 3662 ex
761 3609 933 3664 matrimonio
952 3617 1038 3664 metu·
1066 3606 1120 3669 Qui
1136 3606 1225 3674 ipitar
1241 3623 1302 3660 rem
1311 3606 1494 3673 familiarem
1511 3623 1632 3674 corpses
1654 3608 1821 3677 dispensare
1848 3627 1895 3664 oe-

208 3689 318 3744 endum.
354 3697 377 3746 3.
396 3691 425 3747 si
444 3692 605 3762 eonjugium
623 3693 793 3746 uehementer
811 3694 927 3765 impedit
946 3696 1039 3752 officie
1064 3693 1130 3760 ecit,
1156 3693 1181 3745 ie
1205 3709 1260 3761 qao
1277 3700 1366 3760 pacto
1392 3693 1525 3746 memmae
1545 3709 1679 3762 praeesse
1707 3696 1897 3750 convenienter

209 3775 404 3844 ecclesiastiea,
424 3794 510 3849 quare
527 3779 555 3832 in
573 3778 610 3834 V.
628 3778 662 3832 Τ.
680 3779 821 3849 prophetis
839 3797 873 3835 ac
891 3783 1039 3838 secerdoti·
1062 3796 1146 3851 poase
1175 3780 1321 3848 putandas
1350 3781 1411 3832 eet!
1441 3779 1519 3833 Haeo
1546 3779 1766 3850 chrysostomus.
1803 3781 1897 3845 Quare

209 3861 260 3915 bus
283 3861 359 3916 Dens
382 3863 451 3916 illud
476 3863 662 3934 approbavit?
697 3866 796 3920 mbum
820 3872 876 3935 est,
897 3868 989 3923 Deum
1010 3870 1040 3924 in
1065 3882 1129 3920 cum
1147 3865 1268 3936 episcopi
1286 3865 1409 3919 officium
1425 3866 1462 3919 sit
1491 3867 1640 3937 conjuges,
1674 3867 1895 3939 patresfamilias,

208 3946 270 4014 illis,
290 3962 359 4018 quos
376 3948 509 4017 peculiari
527 3949 649 4020 quadam
669 3953 776 4006 ratione
793 3953 892 4008 officiis
909 3956 1038 4010 ecelesia·
1066 3968 1172 4020 uxorea
1190 3951 1300 4015 liberos,
1318 3968 1411 4006 servos
1430 3951 1473 4006 eui
1492 3952 1641 4007 admouere
1660 3952 1755 4020 oflicii,
1772 3962 1849 4009 certe
1866 3954 1895 4009 id

208 4033 284 4087 sticis
301 4031 389 4087 voluit
406 4051 466 4089 esse
484 4035 643 4104 destinatos,
663 4054 719 4092 non
731 4037 820 4093 solum
833 4040 971 4109 tolerasse,
989 4043 1039 4097 sed
1065 4039 1216 4094 rectissime
1237 4037 1329 4092 facere
1353 4039 1468 4108 poterit,
1498 4038 1546 4109 qui
1570 4039 1599 4092 in
1618 4039 1779 4094 oeconomia
1796 4040 1896 4096 horum

208 4120 291 4174 etiam
308 4119 478 4190 approbasse
496 4121 534 4184 id,
553 4121 628 4192 quod
646 4122 825 4179 vehementer
843 4125 961 4196 impedit
978 4128 1038 4182 offi·
1067 4125 1193 4178 ordinum
1213 4130 1240 4179 et
1258 4124 1373 4177 virtutes
1390 4123 1502 4190 didicit,
1530 4131 1558 4179 et
1574 4124 1642 4178 vitia
1660 4126 1825 4194 observavit,
1844 4144 1897 4183 nec

207 4206 250 4260 eie
275 4205 471 4263 ecclesiastica.
518 4208 547 4261 Si
575 4208 734 4279 conjugium
761 4215 803 4264 est
828 4220 1038 4280 sacramentum,
1064 4210 1290 4272 remistanium,
1310 4209 1825 4280 sedexemploetiamsuoordinibus
1840 4214 1896 4268 illis

146 4282 158 4305 '
188 4299 239 4348 ,ut
256 4291 396 4348 Pontificii
414 4298 554 4362 statuunt,
583 4295 721 4364 quomodo
745 4295 863 4366 impedit
885 4297 978 4354 officie
994 4317 1039 4356 ec·
1067 4297 1227 4368 praelucere
1244 4300 1350 4366 potest,
1376 4297 1425 4366 qui
1443 4297 1473 4351 in
1491 4296 1621 4368 conjugio
1638 4296 1684 4366 pie
1701 4298 1778 4355 vivit.
1813 4300 1897 4356 Adde

207 4380 381 4434 elesiastica?
413 4398 480 4435 num
498 4386 700 4436 sacramentum
720 4382 834 4454 aliquod
845 4389 938 4454 potest
952 4386 1038 4441 eccle·
1065 4383 1184 4449 etheo,
1214 4383 1288 4453 quod
1306 4382 1466 4453 conjugium
1485 4382 1522 4436 sit
1544 4383 1687 4453 speculum
1712 4384 1896 4441 ardentissimi

207 4465 326 4521 siastiois
343 4466 443 4522 officiis
462 4483 522 4521 esse
540 4466 756 4536 impedimento?
775 4469 883 4526 Deinde
901 4472 929 4526 in
947 4475 1039 4543 specie
1065 4472 1139 4526 illius
1156 4469 1271 4537 amoris,
1294 4484 1349 4538 quo
1370 4466 1496 4522 Christus
1520 4470 1647 4525 coelestis
1673 4485 1790 4539 sponsus
1808 4473 1897 4528 eccle·

120 4608 123 4616 ,
207 4554 412 4623 respondemus.
446 4560 468 4608 1.
495 4552 657 4608 Sacerdotes
684 4554 718 4609 V.
747 4555 780 4610 Τ.
806 4557 922 4628 singulis
940 4559 1038 4615 diebus
1066 4558 1135 4612 siam
1154 4572 1231 4610 suem
1250 4554 1455 4624 complectitur,
1480 4553 1580 4625 Ephes.
1598 4561 1627 4625 5,
1654 4573 1681 4611 v.
1700 4562 1741 4612 27.
1765 4556 1849 4627 hujus
1866 4559 1897 4613 iu

207 4639 413 4704 sacrificarunt,
446 4640 530 4696 iidem
560 4646 654 4694 umen
686 4640 716 4694 in
742 4643 872 4714 conjugio
903 4646 1036 4702 vixerunt.
1065 4662 1094 4699 se
1111 4644 1204 4697 vivum
1229 4641 1369 4710 exemplar
1392 4646 1421 4694 et
1443 4641 1580 4695 internum
1605 4641 1791 4697 testimonium
1811 4645 1899 4702 babet

207 4726 394 4781 Ministrourm
411 4726 544 4782 eeclesiae
562 4725 596 4783 N.
614 4725 648 4779 Τ.
668 4726 804 4782 sacrificia
823 4746 879 4784 non
898 4737 963 4785 sunt
981 4731 1039 4787 alia
1066 4732 1097 4799 is,
1116 4728 1210 4800 quiin
1230 4725 1361 4796 conjugio
1378 4725 1424 4796 pie
1444 4743 1477 4781 ac
1497 4728 1638 4782 moderate
1655 4729 1732 4785 vivit,
1769 4729 1823 4784 Sed
1844 4748 1897 4787 uec

207 4828 290 4883 quam
309 4813 418 4867 interna
436 4818 465 4867 et
483 4812 652 4883 spiritualia,
677 4828 750 4882 quae
774 4813 841 4883 ipsis
869 4832 932 4870 cum
952 4818 1038 4872 omni·
1066 4815 1215 4888 requiritur
1232 4812 1268 4866 ab
1288 4812 1432 4883 episcopo,
1457 4820 1489 4867 ut
1506 4831 1599 4870 omnes
1625 4814 1785 4871 indistinete
1804 4817 1896 4874 borte-

207 4898 259 4952 bus
285 4897 448 4952 Christianis
476 4900 511 4965 (si
537 4898 676 4968 publicem
702 4899 839 4970 evangelii
856 4903 1036 4971 praedicatio·
1064 4911 1110 4958 tur
1130 4901 1165 4955 ad
1184 4899 1378 4970 virginitatem,
1399 4901 1482 4955 etiam
1496 4920 1551 4971 eos,
1570 4902 1617 4974 qui
1635 4907 1759 4967 uruntur,
1777 4906 1827 4959 sed
1840 4905 1897 4960 suf-

207 5002 270 5040 nem
290 4983 423 5054 excipias)
441 4994 506 5039 sunt
523 4984 691 5052 communia,
717 4985 844 5040 omnibus
868 5005 934 5060 ergo
960 4991 1037 5046 Chri·
1064 4987 1122 5043 ficit
1140 5002 1365 5057 imumquemque
1382 4987 1500 5052 hortari,
1529 4996 1560 5043 ut
1576 4988 1648 5041 douo
1674 5004 1724 5043 suo
1741 4994 1816 5045 recte
1835 4997 1897 5047 uta-

207 5071 303 5125 stianis
329 5086 347 5123 a
372 5070 502 5141 conjugio
528 5072 600 5127 foret
626 5071 835 5142 abstinendum,
870 5081 892 5131 1.
913 5076 988 5133 Petr.
1013 5084 1037 5142 2,
1065 5080 1111 5128 tur
1128 5077 1157 5126 et
1175 5071 1349 5127 vocationem
1368 5090 1447 5127 suam
1465 5074 1612 5142 intueatur,
1632 5074 1739 5130 adhoc
1758 5093 1897 5134 veronen

207 5176 233 5215 v.
255 5163 285 5212 9:
309 5158 363 5211 Vos
383 5157 448 5209 cetis
467 5160 655 5212 sacerdotium
673 5167 798 5213 eoactum
818 5162 861 5213 ad
877 5136 1222 5232 offirmaasirequiritur,
1244 5165 1275 5213 ut
1297 5160 1327 5213 in
1349 5159 1463 5230 speciali
1489 5160 1537 5214 illo
1562 5166 1636 5214 statu
1660 5163 1826 5218 constitutus
1852 5165 1898 5234 sit,

207 5244 371 5312 spirituales
390 5242 505 5295 lamiae.
542 5244 631 5314 Apoc.
652 5252 673 5314 1,
691 5263 716 5301 v.
743 5252 771 5301 6:
794 5248 875 5301 Fecit
891 5265 942 5301 aaa
958 5266 1038 5316 repes
1063 5247 1092 5300 in
1119 5261 1174 5316 quo
1202 5245 1299 5300 vivunt
1322 5246 1380 5311 illi,
1409 5262 1471 5299 cum
1496 5244 1596 5314 quibus
1618 5262 1662 5300 res
1692 5255 1735 5303 est
1757 5250 1898 5321 episcopo,

208 5338 234 5382 et
251 5331 413 5382 sacerdotes
430 5345 526 5381 coram
545 5331 610 5383 Deo
632 5336 684 5385 ete.
721 5331 798 5396 Quas
816 5332 852 5386 de
871 5332 1131 5402 impuritate„alias
1145 5349 1197 5387 nec
1214 5333 1337 5401 militem,
1356 5347 1408 5388 nec
1426 5329 1566 5385 consulem
1578 5331 1620 5384 sui
1639 5333 1787 5390 admonere
1804 5343 1900 5406 posset

206 5414 358 5485 pollutione
376 5419 405 5468 et
422 5412 595 5483 turpitudine
612 5417 688 5470 actui
706 5418 849 5490 conjugali
870 5417 1037 5474 adhaerente
1049 5402 1051 5471 i
1064 5419 1162 5486 officii,
1189 5420 1238 5474 sed
1257 5425 1290 5474 ut
1306 5417 1432 5491 pietatis,
1456 5415 1610 5470 honestatis
1628 5434 1661 5472 ac
1680 5419 1789 5474 virtues
1807 5438 1897 5477 exem-

205 5500 389 5579 Bellarminus
407 5500 453 5555 bic
472 5500 564 5570 addit,
592 5501 648 5556 illis
665 5504 829 5575 opponimus
848 5505 955 5561 dictum
973 5521 1039 5577 apo·
1064 5506 1111 5577 plo
1129 5506 1251 5579 generali
1268 5504 1401 5560 omnibus
1424 5499 1599 5555 auditoribus
1621 5506 1790 5572 praeluceat.
1823 5513 1848 5563 4.
1868 5508 1897 5564 Si

205 5585 347 5651 miltun,
371 5585 389 5655 i
412 5591 490 5656 wiri
520 5584 668 5662 epam,
702 5595 733 5646 et
762 5591 905 5648 demeum
927 5592 1040 5650 mucilii
1064 5610 1141 5650 amor
1157 5590 1251 5649 uxosis
1267 5596 1298 5647 et
1314 5589 1463 5646 b‘berorum
1481 5602 1538 5642 nou
1559 5594 1655 5656 posset
1676 5606 1740 5645 cum
1760 5607 1830 5647 cura
1847 5608 1898 5663 pa-
