<?xml version="1.0" encoding="UTF-8"?>
<!DOCTYPE html PUBLIC "-//W3C//DTD XHTML 1.0 Transitional//EN"
    "http://www.w3.org/TR/xhtml1/DTD/xhtml1-transitional.dtd">
<html xmlns="http://www.w3.org/1999/xhtml" xml:lang="en" lang="en">
 <head>
  <title>
</title>
<meta http-equiv="Content-Type" content="text/html;charset=utf-8" />
  <meta name='ocr-system' content='tesseract 3.04.00' />
  <meta name='ocr-capabilities' content='ocr_page ocr_carea ocr_par ocr_line ocrx_word'/>
</head>
<body>
  <div class='ocr_page' id='page_1' title='image "./locitheologicic01gerhgoog/locitheologicic01gerhgoog_0321.png"; bbox 0 0 4020 6014; ppageno 0'>
   <div class='ocr_carea' id='block_1_1' title="bbox 188 308 1303 376">
    <p class='ocr_par' dir='ltr' id='par_1_1' title="bbox 188 308 1303 376">
     <span class='ocr_line' id='line_1_1' title="bbox 188 308 1303 376; baseline -0.004 -2"><span class='ocrx_word' id='word_1_1' title='bbox 188 317 248 374; x_wconf 79' lang='lat'>312</span> <span class='ocrx_word' id='word_1_2' title='bbox 760 310 882 370; x_wconf 72' lang='lat' dir='ltr'>Locus</span> <span class='ocrx_word' id='word_1_3' title='bbox 900 309 1105 368; x_wconf 65' lang='lat' dir='ltr'>monemus</span> <span class='ocrx_word' id='word_1_4' title='bbox 1123 308 1303 376; x_wconf 81' lang='lat' dir='ltr'><strong>QUARTUS</strong></span> 
     </span>
    </p>
   </div>
   <div class='ocr_carea' id='block_1_2' title="bbox 87 465 2008 5656">
    <p class='ocr_par' dir='ltr' id='par_1_2' title="bbox 87 465 2008 5656">
     <span class='ocr_line' id='line_1_2' title="bbox 188 465 1878 575; baseline -0.001 -56"><span class='ocrx_word' id='word_1_5' title='bbox 188 465 248 520; x_wconf 87' lang='lat' dir='ltr'>Dei</span> <span class='ocrx_word' id='word_1_6' title='bbox 274 483 361 535; x_wconf 79' lang='lat' dir='ltr'>oeque</span> <span class='ocrx_word' id='word_1_7' title='bbox 379 467 440 535; x_wconf 81' lang='lat' dir='ltr'>filii</span> <span class='ocrx_word' id='word_1_8' title='bbox 460 476 524 521; x_wconf 74' lang='lat' dir='ltr'>suist</span> <span class='ocrx_word' id='word_1_9' title='bbox 550 485 574 522; x_wconf 92' lang='lat' dir='ltr'>c.</span> <span class='ocrx_word' id='word_1_10' title='bbox 598 469 780 539; x_wconf 86' lang='lat' dir='ltr'>undecunque</span> <span class='ocrx_word' id='word_1_11' title='bbox 807 467 872 523; x_wconf 88' lang='lat' dir='ltr'>dist.</span> <span class='ocrx_word' id='word_1_12' title='bbox 902 472 943 522; x_wconf 83' lang='grc'>56.</span> <span class='ocrx_word' id='word_1_13' title='bbox 969 482 1019 520; x_wconf 86' lang='lat' dir='ltr'>nec</span> <span class='ocrx_word' id='word_1_14' title='bbox 1033 475 1036 575; x_wconf 48' lang='grc'>1</span> <span class='ocrx_word' id='word_1_15' title='bbox 1049 481 1110 520; x_wconf 88' lang='lat' dir='ltr'>raro</span> <span class='ocrx_word' id='word_1_16' title='bbox 1128 482 1238 535; x_wconf 88' lang='lat' dir='ltr'>verum,</span> <span class='ocrx_word' id='word_1_17' title='bbox 1266 467 1316 523; x_wconf 89' lang='lat' dir='ltr'>sed</span> <span class='ocrx_word' id='word_1_18' title='bbox 1334 473 1441 522; x_wconf 85' lang='lat' dir='ltr'>tantum</span> <span class='ocrx_word' id='word_1_19' title='bbox 1458 468 1614 538; x_wconf 82' lang='lat' dir='ltr'>putativum</span> <span class='ocrx_word' id='word_1_20' title='bbox 1632 466 1737 522; x_wconf 88' lang='lat' dir='ltr'>habent</span> <span class='ocrx_word' id='word_1_21' title='bbox 1750 470 1878 536; x_wconf 75' lang='lat' dir='ltr'>patrem3</span> 
     </span>
     <span class='ocr_line' id='line_1_3' title="bbox 91 551 1879 624; baseline -0.002 -17"><span class='ocrx_word' id='word_1_22' title='bbox 91 556 94 562; x_wconf 87' lang='lat'>&#39;</span> <span class='ocrx_word' id='word_1_23' title='bbox 187 553 298 607; x_wconf 84' lang='lat' dir='ltr'>natales</span> <span class='ocrx_word' id='word_1_24' title='bbox 325 569 481 622; x_wconf 72' lang='lat' dir='ltr'>quonmsam</span> <span class='ocrx_word' id='word_1_25' title='bbox 506 555 551 608; x_wconf 84' lang='lat' dir='ltr'>uel</span> <span class='ocrx_word' id='word_1_26' title='bbox 577 555 694 608; x_wconf 86' lang='lat' dir='ltr'>minimo</span> <span class='ocrx_word' id='word_1_27' title='bbox 722 554 785 608; x_wconf 86' lang='lat' dir='ltr'>ullo</span> <span class='ocrx_word' id='word_1_28' title='bbox 813 553 843 606; x_wconf 89' lang='lat' dir='ltr'>in</span> <span class='ocrx_word' id='word_1_29' title='bbox 870 570 901 606; x_wconf 84' lang='lat' dir='ltr'>re</span> <span class='ocrx_word' id='word_1_30' title='bbox 928 552 1131 621; x_wconf 70' lang='lat' dir='ltr'>vakntoarii,</span> <span class='ocrx_word' id='word_1_31' title='bbox 1147 553 1226 624; x_wconf 91' lang='lat' dir='ltr'>quasi</span> <span class='ocrx_word' id='word_1_32' title='bbox 1245 571 1261 608; x_wconf 90' lang='lat' dir='ltr'>e</span> <span class='ocrx_word' id='word_1_33' title='bbox 1278 555 1354 610; x_wconf 84' lang='lat' dir='ltr'>vario</span> <span class='ocrx_word' id='word_1_34' title='bbox 1371 555 1475 609; x_wconf 91' lang='lat' dir='ltr'>semine</span> <span class='ocrx_word' id='word_1_35' title='bbox 1495 555 1566 624; x_wconf 79' lang='lat' dir='ltr'>nati3</span> <span class='ocrx_word' id='word_1_36' title='bbox 1586 570 1751 622; x_wconf 66' lang='lat' dir='ltr'>monumen,</span> <span class='ocrx_word' id='word_1_37' title='bbox 1778 551 1879 623; x_wconf 86' lang='lat' dir='ltr'>quiex</span> 
     </span>
     <span class='ocr_line' id='line_1_4' title="bbox 188 618 1881 717; baseline -0.001 -24"><span class='ocrx_word' id='word_1_38' title='bbox 188 639 324 710; x_wconf 80' lang='lat' dir='ltr'>polluere.</span> <span class='ocrx_word' id='word_1_39' title='bbox 339 657 362 693; x_wconf 92' lang='lat' dir='ltr'>c.</span> <span class='ocrx_word' id='word_1_40' title='bbox 375 639 524 711; x_wconf 78' lang='lat' dir='ltr'><strong>Nunquam</strong></span> <span class='ocrx_word' id='word_1_41' title='bbox 538 646 589 695; x_wconf 86' lang='lat' dir='ltr'>etc.</span> <span class='ocrx_word' id='word_1_42' title='bbox 603 639 665 694; x_wconf 89' lang='lat' dir='ltr'>dist</span> <span class='ocrx_word' id='word_1_43' title='bbox 686 640 747 696; x_wconf 88' lang='lat' dir='ltr'>ead.</span> <span class='ocrx_word' id='word_1_44' title='bbox 765 657 797 694; x_wconf 87' lang='lat' dir='ltr'>ex</span> <span class='ocrx_word' id='word_1_45' title='bbox 822 638 1018 710; x_wconf 83' lang='lat' dir='ltr'>Chrysostomo</span> <span class='ocrx_word' id='word_1_46' title='bbox 1033 618 1137 717; x_wconf 65' lang='lat' dir='ltr'>{scorto</span> <span class='ocrx_word' id='word_1_47' title='bbox 1162 646 1191 694; x_wconf 91' lang='lat' dir='ltr'>et</span> <span class='ocrx_word' id='word_1_48' title='bbox 1222 639 1325 696; x_wconf 86' lang='lat' dir='ltr'>femina</span> <span class='ocrx_word' id='word_1_49' title='bbox 1354 641 1466 712; x_wconf 89' lang='lat' dir='ltr'>publica</span> <span class='ocrx_word' id='word_1_50' title='bbox 1499 641 1569 705; x_wconf 83' lang='lat' dir='ltr'>nati3</span> <span class='ocrx_word' id='word_1_51' title='bbox 1596 638 1763 707; x_wconf 70' lang='lat' dir='ltr'>incestuosi,</span> <span class='ocrx_word' id='word_1_52' title='bbox 1792 638 1840 709; x_wconf 89' lang='lat' dir='ltr'>qui</span> <span class='ocrx_word' id='word_1_53' title='bbox 1864 654 1881 692; x_wconf 93' lang='lat' dir='ltr'>e</span> 
     </span>
     <span class='ocr_line' id='line_1_5' title="bbox 190 723 1878 803; baseline -0.001 -23"><span class='ocrx_word' id='word_1_54' title='bbox 190 725 319 780; x_wconf 71' lang='lat' dir='ltr'>Obrutus</span> <span class='ocrx_word' id='word_1_55' title='bbox 342 725 430 780; x_wconf 85' lang='lat' dir='ltr'>voluit</span> <span class='ocrx_word' id='word_1_56' title='bbox 454 743 509 779; x_wconf 72' lang='lat' dir='ltr'>ison</span> <span class='ocrx_word' id='word_1_57' title='bbox 534 725 625 778; x_wconf 87' lang='lat' dir='ltr'>solum</span> <span class='ocrx_word' id='word_1_58' title='bbox 649 727 685 779; x_wconf 84' lang='lat' dir='ltr'>de</span> <span class='ocrx_word' id='word_1_59' title='bbox 709 727 876 796; x_wconf 70' lang='lat' dir='ltr'>olmssipenis</span> <span class='ocrx_word' id='word_1_60' title='bbox 895 723 1261 803; x_wconf 64' lang='lat' dir='ltr'>commis-lconsanguinels</span> <span class='ocrx_word' id='word_1_61' title='bbox 1284 734 1333 782; x_wconf 92' lang='lat' dir='ltr'>aut</span> <span class='ocrx_word' id='word_1_62' title='bbox 1357 726 1489 781; x_wconf 84' lang='lat' dir='ltr'>affinibus</span> <span class='ocrx_word' id='word_1_63' title='bbox 1514 732 1614 782; x_wconf 87' lang='lat' dir='ltr'>contra</span> <span class='ocrx_word' id='word_1_64' title='bbox 1639 727 1714 797; x_wconf 90' lang='lat' dir='ltr'>leges</span> <span class='ocrx_word' id='word_1_65' title='bbox 1739 723 1878 794; x_wconf 89' lang='lat' dir='ltr'>suscepti;</span> 
     </span>
     <span class='ocr_line' id='line_1_6' title="bbox 189 809 1881 893; baseline -0.002 -26"><span class='ocrx_word' id='word_1_66' title='bbox 189 813 325 875; x_wconf 86' lang='lat' dir='ltr'>tionibus,</span> <span class='ocrx_word' id='word_1_67' title='bbox 355 813 407 865; x_wconf 79' lang='lat' dir='ltr'>sed</span> <span class='ocrx_word' id='word_1_68' title='bbox 431 813 515 865; x_wconf 88' lang='lat' dir='ltr'>etiam</span> <span class='ocrx_word' id='word_1_69' title='bbox 539 812 708 866; x_wconf 70' lang='grc' dir='ltr'>αάαὶεανίαα</span> <span class='ocrx_word' id='word_1_70' title='bbox 730 813 824 882; x_wconf 86' lang='lat' dir='ltr'>nasci,</span> <span class='ocrx_word' id='word_1_71' title='bbox 855 829 910 881; x_wconf 75' lang='lat' dir='ltr'>quo</span> <span class='ocrx_word' id='word_1_72' title='bbox 942 810 1224 893; x_wconf 64' lang='lat' dir='ltr'>nobis&#39;adulterini,</span> <span class='ocrx_word' id='word_1_73' title='bbox 1252 813 1301 885; x_wconf 88' lang='lat' dir='ltr'>qui</span> <span class='ocrx_word' id='word_1_74' title='bbox 1318 814 1362 868; x_wconf 88' lang='lat' dir='ltr'>vel</span> <span class='ocrx_word' id='word_1_75' title='bbox 1384 832 1399 868; x_wconf 89' lang='lat' dir='ltr'>e</span> <span class='ocrx_word' id='word_1_76' title='bbox 1419 819 1515 883; x_wconf 89' lang='lat' dir='ltr'>stupro</span> <span class='ocrx_word' id='word_1_77' title='bbox 1538 813 1583 868; x_wconf 85' lang='lat' dir='ltr'>vel</span> <span class='ocrx_word' id='word_1_78' title='bbox 1600 811 1736 867; x_wconf 91' lang='lat' dir='ltr'>adulterio</span> <span class='ocrx_word' id='word_1_79' title='bbox 1754 809 1881 882; x_wconf 84' lang='lat' dir='ltr'>proveni·</span> 
     </span>
     <span class='ocr_line' id='line_1_7' title="bbox 189 897 1882 984; baseline -0.002 -30"><span class='ocrx_word' id='word_1_80' title='bbox 189 917 320 969; x_wconf 66' lang='lat' dir='ltr'>mannum</span> <span class='ocrx_word' id='word_1_81' title='bbox 335 898 469 964; x_wconf 69' lang='lat' dir='ltr'>fidenam</span> <span class='ocrx_word' id='word_1_82' title='bbox 481 905 654 968; x_wconf 79' lang='lat' dir='ltr'>praestaret,</span> <span class='ocrx_word' id='word_1_83' title='bbox 679 907 709 953; x_wconf 85' lang='lat' dir='ltr'>ut</span> <span class='ocrx_word' id='word_1_84' title='bbox 736 900 923 969; x_wconf 64' lang='lat' dir='ltr'>enclimaque</span> <span class='ocrx_word' id='word_1_85' title='bbox 942 898 1117 984; x_wconf 57' lang='lat' dir='ltr'>modoinum</span> <span class='ocrx_word' id='word_1_86' title='bbox 1136 897 1224 967; x_wconf 73' lang='lat' dir='ltr'>sitlos,</span> <span class='ocrx_word' id='word_1_87' title='bbox 1243 900 1289 971; x_wconf 93' lang='lat' dir='ltr'>qul</span> <span class='ocrx_word' id='word_1_88' title='bbox 1302 898 1331 953; x_wconf 91' lang='lat' dir='ltr'>ln</span> <span class='ocrx_word' id='word_1_89' title='bbox 1345 899 1532 955; x_wconf 78' lang='lat' dir='ltr'>concubinatu</span> <span class='ocrx_word' id='word_1_90' title='bbox 1549 900 1716 971; x_wconf 87' lang='lat' dir='ltr'>gignuntur;</span> <span class='ocrx_word' id='word_1_91' title='bbox 1736 897 1882 967; x_wconf 71' lang='lat' dir='ltr'>hybridae,</span> 
     </span>
     <span class='ocr_line' id='line_1_8' title="bbox 190 982 1882 1058; baseline -0.001 -19"><span class='ocrx_word' id='word_1_92' title='bbox 190 1003 357 1053; x_wconf 83' lang='lat' dir='ltr'>nascamus,</span> <span class='ocrx_word' id='word_1_93' title='bbox 386 986 453 1038; x_wconf 81' lang='lat' dir='ltr'>dum</span> <span class='ocrx_word' id='word_1_94' title='bbox 472 992 565 1039; x_wconf 85' lang='lat' dir='ltr'>tomen</span> <span class='ocrx_word' id='word_1_95' title='bbox 584 985 703 1052; x_wconf 71' lang='lat' dir='ltr'>remigio</span> <span class='ocrx_word' id='word_1_96' title='bbox 727 986 787 1054; x_wconf 83' lang='lat' dir='ltr'>ejus</span> <span class='ocrx_word' id='word_1_97' title='bbox 813 985 968 1048; x_wconf 72' lang='lat' dir='ltr'>imitemur,</span> <span class='ocrx_word' id='word_1_98' title='bbox 990 982 1026 1036; x_wconf 86' lang='lat' dir='ltr'>ab</span> <span class='ocrx_word' id='word_1_99' title='bbox 1052 984 1100 1055; x_wconf 89' lang='lat' dir='ltr'>qui</span> <span class='ocrx_word' id='word_1_100' title='bbox 1120 1001 1153 1040; x_wconf 86' lang='lat' dir='ltr'>ex</span> <span class='ocrx_word' id='word_1_101' title='bbox 1171 985 1324 1057; x_wconf 87' lang='lat' dir='ltr'>imparibus</span> <span class='ocrx_word' id='word_1_102' title='bbox 1342 986 1395 1041; x_wconf 91' lang='lat' dir='ltr'>orti</span> <span class='ocrx_word' id='word_1_103' title='bbox 1419 986 1589 1058; x_wconf 87' lang='lat' dir='ltr'>parentibus.</span> <span class='ocrx_word' id='word_1_104' title='bbox 1630 985 1771 1039; x_wconf 81' lang='lat' dir='ltr'>Bostardi</span> <span class='ocrx_word' id='word_1_105' title='bbox 1787 999 1882 1039; x_wconf 88' lang='lat' dir='ltr'>omnes</span> 
     </span>
     <span class='ocr_line' id='line_1_9' title="bbox 192 1069 1882 1143; baseline -0.002 -18"><span class='ocrx_word' id='word_1_106' title='bbox 192 1073 281 1143; x_wconf 82' lang='lat' dir='ltr'>ipsius</span> <span class='ocrx_word' id='word_1_107' title='bbox 310 1088 429 1140; x_wconf 76' lang='lat' dir='ltr'>corpore</span> <span class='ocrx_word' id='word_1_108' title='bbox 455 1089 511 1125; x_wconf 92' lang='lat' dir='ltr'>non</span> <span class='ocrx_word' id='word_1_109' title='bbox 538 1086 718 1141; x_wconf 78' lang='lat' dir='ltr'>separemur,</span> <span class='ocrx_word' id='word_1_110' title='bbox 749 1073 829 1140; x_wconf 85' lang='lat' dir='ltr'>cujas</span> <span class='ocrx_word' id='word_1_111' title='bbox 855 1087 911 1141; x_wconf 80' lang='lat' dir='ltr'>per</span> <span class='ocrx_word' id='word_1_112' title='bbox 942 1071 1026 1133; x_wconf 77' lang='lat' dir='ltr'>fidem</span> <span class='ocrx_word' id='word_1_113' title='bbox 1052 1069 1196 1142; x_wconf 80' lang='lat' dir='ltr'>illegitime</span> <span class='ocrx_word' id='word_1_114' title='bbox 1212 1071 1285 1141; x_wconf 91' lang='lat' dir='ltr'>nati,</span> <span class='ocrx_word' id='word_1_115' title='bbox 1312 1072 1390 1143; x_wconf 83' lang='lat' dir='ltr'>quasi</span> <span class='ocrx_word' id='word_1_116' title='bbox 1412 1073 1488 1128; x_wconf 91' lang='lat' dir='ltr'>dicas</span> <span class='ocrx_word' id='word_1_117' title='bbox 1512 1073 1569 1143; x_wconf 77' lang='lat' dir='ltr'>lile</span> <span class='ocrx_word' id='word_1_118' title='bbox 1588 1074 1656 1140; x_wconf 65' lang='lat' dir='ltr'>brt,</span> <span class='ocrx_word' id='word_1_119' title='bbox 1679 1070 1824 1143; x_wconf 76' lang='lat' dir='ltr'>degeneris</span> <span class='ocrx_word' id='word_1_120' title='bbox 1842 1069 1882 1122; x_wconf 90' lang='lat' dir='ltr'>in·</span> 
     </span>
     <span class='ocr_line' id='line_1_10' title="bbox 192 1153 1883 1228; baseline -0.004 -14"><span class='ocrx_word' id='word_1_121' title='bbox 192 1159 313 1214; x_wconf 71' lang='lat' dir='ltr'>memma</span> <span class='ocrx_word' id='word_1_122' title='bbox 324 1158 416 1228; x_wconf 81' lang='lat' dir='ltr'>effecti</span> <span class='ocrx_word' id='word_1_123' title='bbox 425 1175 528 1223; x_wconf 88' lang='lat' dir='ltr'>sumus,</span> <span class='ocrx_word' id='word_1_124' title='bbox 541 1174 565 1212; x_wconf 92' lang='lat' dir='ltr'>c.</span> <span class='ocrx_word' id='word_1_125' title='bbox 586 1157 720 1213; x_wconf 88' lang='lat' dir='ltr'>Dominus</span> <span class='ocrx_word' id='word_1_126' title='bbox 732 1163 785 1213; x_wconf 92' lang='lat' dir='ltr'>etc.</span> <span class='ocrx_word' id='word_1_127' title='bbox 798 1156 862 1212; x_wconf 88' lang='lat' dir='ltr'>dist.</span> <span class='ocrx_word' id='word_1_128' title='bbox 877 1162 918 1211; x_wconf 83' lang='grc'>55.</span> <span class='ocrx_word' id='word_1_129' title='bbox 938 1153 1029 1210; x_wconf 85' lang='lat' dir='ltr'>Nasci</span> <span class='ocrx_word' id='word_1_130' title='bbox 1053 1156 1136 1228; x_wconf 90' lang='lat' dir='ltr'>genii.</span> <span class='ocrx_word' id='word_1_131' title='bbox 1185 1156 1229 1214; x_wconf 92' lang='lat' dir='ltr'>De</span> <span class='ocrx_word' id='word_1_132' title='bbox 1262 1158 1305 1213; x_wconf 86' lang='lat' dir='ltr'>his</span> <span class='ocrx_word' id='word_1_133' title='bbox 1336 1158 1463 1213; x_wconf 90' lang='lat' dir='ltr'>omnibus</span> <span class='ocrx_word' id='word_1_134' title='bbox 1491 1158 1587 1214; x_wconf 81' lang='lat' dir='ltr'>divine</span> <span class='ocrx_word' id='word_1_135' title='bbox 1618 1158 1777 1215; x_wconf 70' lang='lat' dir='ltr'>constitutio</span> <span class='ocrx_word' id='word_1_136' title='bbox 1807 1155 1883 1223; x_wconf 89' lang='lat' dir='ltr'>dicit,</span> 
     </span>
     <span class='ocr_line' id='line_1_11' title="bbox 194 1241 1884 1317; baseline -0.002 -17"><span class='ocrx_word' id='word_1_137' title='bbox 194 1247 230 1300; x_wconf 83' lang='lat' dir='ltr'>de</span> <span class='ocrx_word' id='word_1_138' title='bbox 246 1245 398 1312; x_wconf 68' lang='lat' dir='ltr'>adutmio,</span> <span class='ocrx_word' id='word_1_139' title='bbox 415 1244 506 1317; x_wconf 91' lang='lat' dir='ltr'>inquit</span> <span class='ocrx_word' id='word_1_140' title='bbox 517 1244 714 1315; x_wconf 76' lang='lat' dir='ltr'>Hieronymus,</span> <span class='ocrx_word' id='word_1_141' title='bbox 731 1263 787 1299; x_wconf 91' lang='lat' dir='ltr'>non</span> <span class='ocrx_word' id='word_1_142' title='bbox 800 1250 840 1298; x_wconf 88' lang='lat' dir='ltr'>est</span> <span class='ocrx_word' id='word_1_143' title='bbox 853 1242 1027 1312; x_wconf 77' lang='lat' dir='ltr'>ejusculpu,</span> <span class='ocrx_word' id='word_1_144' title='bbox 1053 1245 1127 1315; x_wconf 91' lang='lat' dir='ltr'>quod</span> <span class='ocrx_word' id='word_1_145' title='bbox 1147 1261 1202 1299; x_wconf 94' lang='lat' dir='ltr'>non</span> <span class='ocrx_word' id='word_1_146' title='bbox 1220 1243 1340 1299; x_wconf 85' lang='lat' dir='ltr'>debeant</span> <span class='ocrx_word' id='word_1_147' title='bbox 1357 1245 1476 1317; x_wconf 90' lang='lat' dir='ltr'>publicis</span> <span class='ocrx_word' id='word_1_148' title='bbox 1503 1245 1602 1301; x_wconf 85' lang='lat' dir='ltr'>officiis</span> <span class='ocrx_word' id='word_1_149' title='bbox 1618 1245 1708 1317; x_wconf 83' lang='lat' dir='ltr'>iungi,</span> <span class='ocrx_word' id='word_1_150' title='bbox 1735 1244 1819 1298; x_wconf 89' lang='lat' dir='ltr'>etiam</span> <span class='ocrx_word' id='word_1_151' title='bbox 1837 1241 1884 1296; x_wconf 89' lang='lat' dir='ltr'>de·</span> 
     </span>
     <span class='ocr_line' id='line_1_12' title="bbox 197 1328 1884 1402; baseline -0.002 -16"><span class='ocrx_word' id='word_1_152' title='bbox 197 1332 405 1402; x_wconf 70' lang='lat' dir='ltr'>pulsaretur,</span> <span class='ocrx_word' id='word_1_153' title='bbox 433 1333 486 1385; x_wconf 82' lang='lat' dir='ltr'>sed</span> <span class='ocrx_word' id='word_1_154' title='bbox 513 1331 562 1400; x_wconf 74' lang='lat' dir='ltr'>qui</span> <span class='ocrx_word' id='word_1_155' title='bbox 585 1338 707 1399; x_wconf 74' lang='lat' dir='ltr'>penerel.</span> <span class='ocrx_word' id='word_1_156' title='bbox 745 1338 767 1385; x_wconf 83' lang='grc'>4.</span> <span class='ocrx_word' id='word_1_157' title='bbox 784 1329 887 1401; x_wconf 87' lang='lat' dir='ltr'>Magna</span> <span class='ocrx_word' id='word_1_158' title='bbox 903 1328 1026 1400; x_wconf 89' lang='lat' dir='ltr'>quando·</span> <span class='ocrx_word' id='word_1_159' title='bbox 1054 1330 1125 1384; x_wconf 87' lang='lat' dir='ltr'>cime</span> <span class='ocrx_word' id='word_1_160' title='bbox 1151 1331 1342 1400; x_wconf 76' lang='lat' dir='ltr'>generatione,</span> <span class='ocrx_word' id='word_1_161' title='bbox 1369 1332 1422 1386; x_wconf 91' lang='lat' dir='ltr'>boc</span> <span class='ocrx_word' id='word_1_162' title='bbox 1445 1339 1487 1387; x_wconf 86' lang='lat' dir='ltr'>est</span> <span class='ocrx_word' id='word_1_163' title='bbox 1510 1331 1539 1385; x_wconf 89' lang='lat' dir='ltr'>in</span> <span class='ocrx_word' id='word_1_164' title='bbox 1567 1331 1778 1402; x_wconf 88' lang='lat' dir='ltr'>sempiternum,</span> <span class='ocrx_word' id='word_1_165' title='bbox 1803 1329 1884 1399; x_wconf 86' lang='lat' dir='ltr'>cujus</span> 
     </span>
     <span class='ocr_line' id='line_1_13' title="bbox 194 1413 1886 1491; baseline -0.003 -18"><span class='ocrx_word' id='word_1_166' title='bbox 194 1435 249 1491; x_wconf 91' lang='lat' dir='ltr'>que</span> <span class='ocrx_word' id='word_1_167' title='bbox 274 1418 385 1473; x_wconf 68' lang='lat' dir='ltr'>aeuus</span> <span class='ocrx_word' id='word_1_168' title='bbox 409 1418 575 1472; x_wconf 88' lang='lat' dir='ltr'>documenta</span> <span class='ocrx_word' id='word_1_169' title='bbox 607 1416 636 1471; x_wconf 94' lang='lat' dir='ltr'>in</span> <span class='ocrx_word' id='word_1_170' title='bbox 656 1415 757 1485; x_wconf 87' lang='lat' dir='ltr'>spuriis</span> <span class='ocrx_word' id='word_1_171' title='bbox 776 1413 1026 1486; x_wconf 88' lang='lat' dir='ltr'>deprehenduntur.</span> <span class='ocrx_word' id='word_1_172' title='bbox 1054 1415 1258 1472; x_wconf 78' lang='lat' dir='ltr'>constitutionis</span> <span class='ocrx_word' id='word_1_173' title='bbox 1276 1417 1655 1489; x_wconf 83' lang='lat' dir='ltr'>causaslongegravissimas</span> <span class='ocrx_word' id='word_1_174' title='bbox 1666 1415 1886 1472; x_wconf 76' lang='lat' dir='ltr'>enumeravimus</span> 
     </span>
     <span class='ocr_line' id='line_1_14' title="bbox 194 1500 1886 1579; baseline -0.004 -19"><span class='ocrx_word' id='word_1_175' title='bbox 194 1504 341 1576; x_wconf 82' lang='lat' dir='ltr'>Euripides</span> <span class='ocrx_word' id='word_1_176' title='bbox 355 1503 384 1558; x_wconf 91' lang='lat' dir='ltr'>in</span> <span class='ocrx_word' id='word_1_177' title='bbox 398 1502 602 1559; x_wconf 82' lang='lat' dir='ltr'>Andromach:</span> <span class='ocrx_word' id='word_1_178' title='bbox 625 1503 832 1572; x_wconf 78' lang='lat' dir='ltr'>Saepenumero</span> <span class='ocrx_word' id='word_1_179' title='bbox 850 1508 922 1555; x_wconf 78' lang='lat' dir='ltr'>ces-te</span> <span class='ocrx_word' id='word_1_180' title='bbox 940 1500 1028 1554; x_wconf 82' lang='lat' dir='ltr'>arida</span> <span class='ocrx_word' id='word_1_181' title='bbox 1053 1506 1135 1562; x_wconf 85' lang='lat' dir='ltr'>tract.</span> <span class='ocrx_word' id='word_1_182' title='bbox 1162 1502 1197 1558; x_wconf 90' lang='lat' dir='ltr'>de</span> <span class='ocrx_word' id='word_1_183' title='bbox 1220 1503 1296 1575; x_wconf 84' lang='lat' dir='ltr'>bapt</span> <span class='ocrx_word' id='word_1_184' title='bbox 1317 1501 1345 1579; x_wconf 64' lang='grc' dir='ltr'>ξ</span> <span class='ocrx_word' id='word_1_185' title='bbox 1365 1508 1423 1559; x_wconf 81' lang='grc'><strong>206.</strong></span> <span class='ocrx_word' id='word_1_186' title='bbox 1465 1509 1488 1560; x_wconf 84' lang='grc'>1.</span> <span class='ocrx_word' id='word_1_187' title='bbox 1508 1504 1649 1573; x_wconf 72' lang='lat' dir='ltr'>Exempla</span> <span class='ocrx_word' id='word_1_188' title='bbox 1668 1505 1734 1556; x_wconf 90' lang='lat' dir='ltr'>bene</span> <span class='ocrx_word' id='word_1_189' title='bbox 1753 1503 1886 1556; x_wconf 68' lang='lat' dir='ltr'>covertim-</span> 
     </span>
     <span class='ocr_line' id='line_1_15' title="bbox 192 1587 1887 1663; baseline -0.002 -17"><span class='ocrx_word' id='word_1_190' title='bbox 192 1593 371 1663; x_wconf 81' lang='lat' dir='ltr'>profundam</span> <span class='ocrx_word' id='word_1_191' title='bbox 387 1599 493 1645; x_wconf 82' lang='lat' dir='ltr'>terram</span> <span class='ocrx_word' id='word_1_192' title='bbox 510 1590 595 1644; x_wconf 82' lang='lat' dir='ltr'>vincit</span> <span class='ocrx_word' id='word_1_193' title='bbox 614 1592 695 1647; x_wconf 80' lang='lat' dir='ltr'>sotio.</span> <span class='ocrx_word' id='word_1_194' title='bbox 734 1589 855 1658; x_wconf 75' lang='lat' dir='ltr'>Spurisss</span> <span class='ocrx_word' id='word_1_195' title='bbox 878 1587 972 1642; x_wconf 74' lang='lat' dir='ltr'>meua</span> <span class='ocrx_word' id='word_1_196' title='bbox 990 1587 1028 1639; x_wconf 80' lang='lat' dir='ltr'>le·</span> <span class='ocrx_word' id='word_1_197' title='bbox 1054 1595 1146 1643; x_wconf 85' lang='lat' dir='ltr'>tarum</span> <span class='ocrx_word' id='word_1_198' title='bbox 1163 1591 1448 1660; x_wconf 73' lang='lat' dir='ltr'>rerumpubtamn,</span> <span class='ocrx_word' id='word_1_199' title='bbox 1474 1590 1621 1663; x_wconf 89' lang='lat' dir='ltr'>inquibus</span> <span class='ocrx_word' id='word_1_200' title='bbox 1640 1589 1887 1660; x_wconf 88' lang='lat' dir='ltr'>spuriinunquam</span> 
     </span>
     <span class='ocr_line' id='line_1_16' title="bbox 195 1672 1888 1748; baseline -0.002 -16"><span class='ocrx_word' id='word_1_201' title='bbox 195 1679 300 1748; x_wconf 65' lang='lat' dir='ltr'>plumis</span> <span class='ocrx_word' id='word_1_202' title='bbox 330 1677 437 1730; x_wconf 86' lang='lat' dir='ltr'>melior.</span> <span class='ocrx_word' id='word_1_203' title='bbox 482 1675 565 1730; x_wconf 84' lang='lat' dir='ltr'>Talia</span> <span class='ocrx_word' id='word_1_204' title='bbox 595 1676 720 1747; x_wconf 84' lang='lat' dir='ltr'>exempla</span> <span class='ocrx_word' id='word_1_205' title='bbox 753 1680 948 1730; x_wconf 89' lang='lat' dir='ltr'>commemoret</span> <span class='ocrx_word' id='word_1_206' title='bbox 981 1672 1028 1727; x_wconf 83' lang='lat' dir='ltr'>Ti·</span> <span class='ocrx_word' id='word_1_207' title='bbox 1056 1675 1093 1728; x_wconf 92' lang='lat' dir='ltr'>ad</span> <span class='ocrx_word' id='word_1_208' title='bbox 1118 1674 1236 1731; x_wconf 86' lang='lat' dir='ltr'>honores</span> <span class='ocrx_word' id='word_1_209' title='bbox 1264 1683 1293 1732; x_wconf 91' lang='lat' dir='ltr'>et</span> <span class='ocrx_word' id='word_1_210' title='bbox 1315 1675 1408 1732; x_wconf 86' lang='lat' dir='ltr'>officia</span> <span class='ocrx_word' id='word_1_211' title='bbox 1431 1677 1509 1733; x_wconf 86' lang='lat' dir='ltr'>luere</span> <span class='ocrx_word' id='word_1_212' title='bbox 1532 1677 1654 1733; x_wconf 79' lang='lat' dir='ltr'>admissi.</span> <span class='ocrx_word' id='word_1_213' title='bbox 1689 1676 1785 1731; x_wconf 83' lang='lat' dir='ltr'>Aurea</span> <span class='ocrx_word' id='word_1_214' title='bbox 1808 1675 1888 1730; x_wconf 88' lang='lat' dir='ltr'>bulla</span> 
     </span>
     <span class='ocr_line' id='line_1_17' title="bbox 191 1759 1886 1838; baseline -0.002 -19"><span class='ocrx_word' id='word_1_215' title='bbox 191 1782 253 1837; x_wconf 81' lang='lat' dir='ltr'>req.</span> <span class='ocrx_word' id='word_1_216' title='bbox 269 1765 299 1819; x_wconf 91' lang='lat' dir='ltr'>in</span> <span class='ocrx_word' id='word_1_217' title='bbox 315 1768 426 1819; x_wconf 85' lang='lat' dir='ltr'>tractat.</span> <span class='ocrx_word' id='word_1_218' title='bbox 440 1761 622 1817; x_wconf 84' lang='lat' dir='ltr'>denobilitat</span> <span class='ocrx_word' id='word_1_219' title='bbox 639 1779 662 1816; x_wconf 95' lang='lat' dir='ltr'>c.</span> <span class='ocrx_word' id='word_1_220' title='bbox 685 1769 725 1819; x_wconf 87' lang='grc'>15.</span> <span class='ocrx_word' id='word_1_221' title='bbox 743 1780 788 1816; x_wconf 94' lang='lat' dir='ltr'>nu.</span> <span class='ocrx_word' id='word_1_222' title='bbox 804 1767 845 1818; x_wconf 83' lang='lat'>30.</span> <span class='ocrx_word' id='word_1_223' title='bbox 881 1759 1028 1815; x_wconf 87' lang='lat' dir='ltr'>Palaeotus</span> <span class='ocrx_word' id='word_1_224' title='bbox 1057 1760 1149 1816; x_wconf 80' lang='lat' dir='ltr'>Caroli</span> <span class='ocrx_word' id='word_1_225' title='bbox 1166 1761 1215 1817; x_wconf 92' lang='lat' dir='ltr'>IV.</span> <span class='ocrx_word' id='word_1_226' title='bbox 1236 1761 1273 1817; x_wconf 88' lang='lat' dir='ltr'>ad</span> <span class='ocrx_word' id='word_1_227' title='bbox 1291 1761 1456 1818; x_wconf 86' lang='lat' dir='ltr'>electoratns</span> <span class='ocrx_word' id='word_1_228' title='bbox 1476 1763 1677 1838; x_wconf 86' lang='lat' dir='ltr'>successionem</span> <span class='ocrx_word' id='word_1_229' title='bbox 1689 1763 1767 1818; x_wconf 88' lang='lat' dir='ltr'>illum</span> <span class='ocrx_word' id='word_1_230' title='bbox 1786 1762 1886 1816; x_wconf 85' lang='lat' dir='ltr'>dunta-</span> 
     </span>
     <span class='ocr_line' id='line_1_18' title="bbox 196 1846 1887 1922; baseline -0.004 -14"><span class='ocrx_word' id='word_1_231' title='bbox 196 1853 233 1908; x_wconf 90' lang='lat' dir='ltr'>de</span> <span class='ocrx_word' id='word_1_232' title='bbox 256 1850 358 1922; x_wconf 89' lang='lat' dir='ltr'>spuriis</span> <span class='ocrx_word' id='word_1_233' title='bbox 384 1867 445 1921; x_wconf 86' lang='lat' dir='ltr'>cap.</span> <span class='ocrx_word' id='word_1_234' title='bbox 472 1850 522 1904; x_wconf 79' lang='lat' dir='ltr'>ult.</span> <span class='ocrx_word' id='word_1_235' title='bbox 548 1849 692 1904; x_wconf 76' lang='lat' dir='ltr'>Cardenus</span> <span class='ocrx_word' id='word_1_236' title='bbox 719 1849 754 1904; x_wconf 90' lang='lat' dir='ltr'>de</span> <span class='ocrx_word' id='word_1_237' title='bbox 782 1848 893 1904; x_wconf 91' lang='lat' dir='ltr'>utilitat.</span> <span class='ocrx_word' id='word_1_238' title='bbox 913 1864 946 1902; x_wconf 84' lang='lat' dir='ltr'>ex</span> <span class='ocrx_word' id='word_1_239' title='bbox 965 1846 1027 1901; x_wconf 81' lang='lat' dir='ltr'>adv.</span> <span class='ocrx_word' id='word_1_240' title='bbox 1055 1854 1103 1902; x_wconf 87' lang='lat' dir='ltr'>xat</span> <span class='ocrx_word' id='word_1_241' title='bbox 1129 1847 1263 1911; x_wconf 89' lang='lat' dir='ltr'>admittit,</span> <span class='ocrx_word' id='word_1_242' title='bbox 1295 1849 1339 1905; x_wconf 81' lang='lat' dir='ltr'>bet</span> <span class='ocrx_word' id='word_1_243' title='bbox 1366 1851 1408 1905; x_wconf 81' lang='lat' dir='ltr'>eiu</span> <span class='ocrx_word' id='word_1_244' title='bbox 1433 1850 1527 1921; x_wconf 61' lang='lat' dir='ltr'>redemi</span> <span class='ocrx_word' id='word_1_245' title='bbox 1552 1849 1671 1920; x_wconf 57' lang='lat' dir='ltr'>&amp;beliab</span> <span class='ocrx_word' id='word_1_246' title='bbox 1719 1850 1752 1903; x_wconf 90' lang='lat' dir='ltr'>ln</span> <span class='ocrx_word' id='word_1_247' title='bbox 1776 1847 1887 1920; x_wconf 89' lang='lat' dir='ltr'>legibus</span> 
     </span>
     <span class='ocr_line' id='line_1_19' title="bbox 196 1933 1886 2010; baseline -0.004 -16"><span class='ocrx_word' id='word_1_248' title='bbox 196 1938 322 2010; x_wconf 85' lang='lat' dir='ltr'>capiend.</span> <span class='ocrx_word' id='word_1_249' title='bbox 339 1937 380 1992; x_wconf 88' lang='lat' dir='ltr'>tlt.</span> <span class='ocrx_word' id='word_1_250' title='bbox 399 1936 434 1992; x_wconf 90' lang='lat' dir='ltr'>de</span> <span class='ocrx_word' id='word_1_251' title='bbox 453 1935 539 1991; x_wconf 88' lang='lat' dir='ltr'>adult</span> <span class='ocrx_word' id='word_1_252' title='bbox 557 1952 634 1991; x_wconf 88' lang='lat' dir='ltr'>uxor.</span> <span class='ocrx_word' id='word_1_253' title='bbox 670 1942 693 1990; x_wconf 84' lang='grc'>5.</span> <span class='ocrx_word' id='word_1_254' title='bbox 713 1935 795 1991; x_wconf 88' lang='lat' dir='ltr'>Unde</span> <span class='ocrx_word' id='word_1_255' title='bbox 813 1934 878 1989; x_wconf 92' lang='lat' dir='ltr'>olim</span> <span class='ocrx_word' id='word_1_256' title='bbox 904 1934 941 1988; x_wconf 90' lang='lat' dir='ltr'>ad</span> <span class='ocrx_word' id='word_1_257' title='bbox 971 1949 1027 1986; x_wconf 85' lang='lat' dir='ltr'>ma·</span> <span class='ocrx_word' id='word_1_258' title='bbox 1055 1933 1312 1990; x_wconf 83' lang='lat' dir='ltr'>fundamentalibus</span> <span class='ocrx_word' id='word_1_259' title='bbox 1330 1942 1407 2008; x_wconf 89' lang='lat' dir='ltr'>regni</span> <span class='ocrx_word' id='word_1_260' title='bbox 1426 1936 1535 1992; x_wconf 82' lang='lat' dir='ltr'>Galliae</span> <span class='ocrx_word' id='word_1_261' title='bbox 1560 1936 1645 1990; x_wconf 88' lang='lat' dir='ltr'>etiam</span> <span class='ocrx_word' id='word_1_262' title='bbox 1667 1935 1886 1991; x_wconf 86' lang='lat' dir='ltr'>bacchabatur:</span> 
     </span>
     <span class='ocr_line' id='line_1_20' title="bbox 197 2021 1888 2095; baseline -0.004 -15"><span class='ocrx_word' id='word_1_263' title='bbox 197 2026 284 2080; x_wconf 81' lang='lat' dir='ltr'>xlmas</span> <span class='ocrx_word' id='word_1_264' title='bbox 304 2024 452 2095; x_wconf 83' lang='lat' dir='ltr'>dignitates</span> <span class='ocrx_word' id='word_1_265' title='bbox 471 2023 554 2079; x_wconf 88' lang='lat' dir='ltr'>etiam</span> <span class='ocrx_word' id='word_1_266' title='bbox 574 2023 610 2077; x_wconf 91' lang='lat' dir='ltr'>ad</span> <span class='ocrx_word' id='word_1_267' title='bbox 629 2022 808 2079; x_wconf 87' lang='lat' dir='ltr'>decurionum</span> <span class='ocrx_word' id='word_1_268' title='bbox 822 2021 946 2076; x_wconf 90' lang='lat' dir='ltr'>ordinem</span> <span class='ocrx_word' id='word_1_269' title='bbox 966 2037 1028 2075; x_wconf 85' lang='lat' dir='ltr'>eve·</span> <span class='ocrx_word' id='word_1_270' title='bbox 1056 2021 1099 2074; x_wconf 87' lang='lat' dir='ltr'>Ne</span> <span class='ocrx_word' id='word_1_271' title='bbox 1119 2021 1187 2090; x_wconf 72' lang='lat' dir='ltr'>&#39;quis</span> <span class='ocrx_word' id='word_1_272' title='bbox 1209 2022 1325 2085; x_wconf 77' lang='lat' dir='ltr'>nothas,</span> <span class='ocrx_word' id='word_1_273' title='bbox 1357 2039 1391 2075; x_wconf 89' lang='lat' dir='ltr'>ne</span> <span class='ocrx_word' id='word_1_274' title='bbox 1415 2023 1587 2093; x_wconf 66' lang='lat' dir='ltr'>legitimatus</span> <span class='ocrx_word' id='word_1_275' title='bbox 1604 2023 1725 2092; x_wconf 67' lang='lat' dir='ltr'>meldam</span> <span class='ocrx_word' id='word_1_276' title='bbox 1749 2023 1791 2075; x_wconf 79' lang='lat' dir='ltr'>cd</span> <span class='ocrx_word' id='word_1_277' title='bbox 1806 2022 1888 2090; x_wconf 73' lang='lat' dir='ltr'>repsi</span> 
     </span>
     <span class='ocr_line' id='line_1_21' title="bbox 196 2107 1887 2185; baseline -0.001 -19"><span class='ocrx_word' id='word_1_278' title='bbox 196 2112 225 2166; x_wconf 91' lang='lat' dir='ltr'>bi</span> <span class='ocrx_word' id='word_1_279' title='bbox 242 2117 408 2183; x_wconf 87' lang='lat' dir='ltr'>potuerunt,</span> <span class='ocrx_word' id='word_1_280' title='bbox 436 2112 454 2164; x_wconf 87' lang='lat' dir='ltr'>l.</span> <span class='ocrx_word' id='word_1_281' title='bbox 474 2110 639 2182; x_wconf 89' lang='lat' dir='ltr'>generaliter</span> <span class='ocrx_word' id='word_1_282' title='bbox 660 2107 688 2185; x_wconf 64' lang='grc' dir='ltr'>ξ</span> <span class='ocrx_word' id='word_1_283' title='bbox 709 2114 731 2164; x_wconf 88' lang='lat' dir='ltr'>t.</span> <span class='ocrx_word' id='word_1_284' title='bbox 751 2111 769 2168; x_wconf 85' lang='lat' dir='ltr'>l</span> <span class='ocrx_word' id='word_1_285' title='bbox 789 2108 903 2163; x_wconf 86' lang='lat' dir='ltr'>infamia</span> <span class='ocrx_word' id='word_1_286' title='bbox 920 2108 939 2165; x_wconf 88' lang='lat' dir='ltr'>l.</span> <span class='ocrx_word' id='word_1_287' title='bbox 958 2108 1028 2177; x_wconf 87' lang='lat' dir='ltr'>Spu·</span> <span class='ocrx_word' id='word_1_288' title='bbox 1056 2108 1255 2162; x_wconf 64' lang='lat' dir='ltr'>successionem</span> <span class='ocrx_word' id='word_1_289' title='bbox 1273 2111 1455 2177; x_wconf 72' lang='lat' dir='ltr'>adnularim,</span> <span class='ocrx_word' id='word_1_290' title='bbox 1482 2109 1673 2165; x_wconf 88' lang='lat' dir='ltr'>Hotomannus</span> <span class='ocrx_word' id='word_1_291' title='bbox 1697 2111 1727 2163; x_wconf 93' lang='lat' dir='ltr'>in</span> <span class='ocrx_word' id='word_1_292' title='bbox 1751 2114 1831 2164; x_wconf 88' lang='lat' dir='ltr'>tract.</span> <span class='ocrx_word' id='word_1_293' title='bbox 1851 2109 1887 2164; x_wconf 90' lang='lat' dir='ltr'>de</span> 
     </span>
     <span class='ocr_line' id='line_1_22' title="bbox 196 2192 2008 2267; baseline -0.001 -15"><span class='ocrx_word' id='word_1_294' title='bbox 196 2198 230 2253; x_wconf 92' lang='lat' dir='ltr'>rii</span> <span class='ocrx_word' id='word_1_295' title='bbox 260 2197 289 2253; x_wconf 87' lang='lat' dir='ltr'>ff.</span> <span class='ocrx_word' id='word_1_296' title='bbox 320 2197 356 2251; x_wconf 87' lang='lat' dir='ltr'>de</span> <span class='ocrx_word' id='word_1_297' title='bbox 386 2196 533 2251; x_wconf 90' lang='lat' dir='ltr'>Decurion.</span> <span class='ocrx_word' id='word_1_298' title='bbox 564 2195 614 2250; x_wconf 88' lang='lat' dir='ltr'>ubi</span> <span class='ocrx_word' id='word_1_299' title='bbox 644 2196 713 2251; x_wconf 86' lang='lat' dir='ltr'>ratio</span> <span class='ocrx_word' id='word_1_300' title='bbox 733 2195 880 2251; x_wconf 88' lang='lat' dir='ltr'>decisionis</span> <span class='ocrx_word' id='word_1_301' title='bbox 898 2192 1027 2248; x_wconf 89' lang='lat' dir='ltr'>additur:</span> <span class='ocrx_word' id='word_1_302' title='bbox 1056 2211 1174 2251; x_wconf 87' lang='lat' dir='ltr'>success.</span> <span class='ocrx_word' id='word_1_303' title='bbox 1192 2197 1221 2250; x_wconf 93' lang='lat' dir='ltr'>in</span> <span class='ocrx_word' id='word_1_304' title='bbox 1241 2212 1317 2267; x_wconf 90' lang='lat' dir='ltr'>regn.</span> <span class='ocrx_word' id='word_1_305' title='bbox 1345 2195 1446 2254; x_wconf 75' lang='lat' dir='ltr'>l&#39;rane</span> <span class='ocrx_word' id='word_1_306' title='bbox 1466 2196 1514 2253; x_wconf 91' lang='lat' dir='ltr'>lib.</span> <span class='ocrx_word' id='word_1_307' title='bbox 1538 2203 1563 2254; x_wconf 81' lang='lat'>³.</span> <span class='ocrx_word' id='word_1_308' title='bbox 1587 2215 1614 2267; x_wconf 89' lang='lat' dir='ltr'>p.</span> <span class='ocrx_word' id='word_1_309' title='bbox 1641 2203 1683 2253; x_wconf 85' lang='grc'>34.</span> <span class='ocrx_word' id='word_1_310' title='bbox 1716 2195 1825 2251; x_wconf 88' lang='lat' dir='ltr'>Solonis</span> <span class='ocrx_word' id='word_1_311' title='bbox 1841 2194 1887 2251; x_wconf 86' lang='lat' dir='ltr'>lex</span> <span class='ocrx_word' id='word_1_312' title='bbox 1899 2197 2008 2242; x_wconf 67' lang='lat' dir='ltr'>¹1¹l³1l</span> 
     </span>
     <span class='ocr_line' id='line_1_23' title="bbox 197 2279 1885 2353; baseline -0.002 -15"><span class='ocrx_word' id='word_1_313' title='bbox 197 2285 262 2339; x_wconf 87' lang='lat' dir='ltr'>Non</span> <span class='ocrx_word' id='word_1_314' title='bbox 280 2284 461 2353; x_wconf 81' lang='lat' dir='ltr'>impediendo</span> <span class='ocrx_word' id='word_1_315' title='bbox 480 2290 521 2337; x_wconf 88' lang='lat' dir='ltr'>est</span> <span class='ocrx_word' id='word_1_316' title='bbox 539 2283 665 2351; x_wconf 77' lang='lat' dir='ltr'>‹lipnitos</span> <span class='ocrx_word' id='word_1_317' title='bbox 683 2284 760 2352; x_wconf 84' lang='lat' dir='ltr'>ejus,</span> <span class='ocrx_word' id='word_1_318' title='bbox 785 2282 834 2351; x_wconf 79' lang='lat' dir='ltr'>qui</span> <span class='ocrx_word' id='word_1_319' title='bbox 851 2281 923 2334; x_wconf 88' lang='lat' dir='ltr'>nibil</span> <span class='ocrx_word' id='word_1_320' title='bbox 940 2279 1030 2333; x_wconf 82' lang='lat' dir='ltr'>admi·</span> <span class='ocrx_word' id='word_1_321' title='bbox 1057 2287 1126 2346; x_wconf 88' lang='lat' dir='ltr'>eret,</span> <span class='ocrx_word' id='word_1_322' title='bbox 1145 2291 1176 2336; x_wconf 85' lang='lat' dir='ltr'>ut</span> <span class='ocrx_word' id='word_1_323' title='bbox 1194 2283 1461 2353; x_wconf 79' lang='lat' dir='ltr'>spuriuspublicum</span> <span class='ocrx_word' id='word_1_324' title='bbox 1480 2292 1550 2337; x_wconf 87' lang='lat' dir='ltr'>essct</span> <span class='ocrx_word' id='word_1_325' title='bbox 1567 2285 1689 2338; x_wconf 83' lang='lat' dir='ltr'>civitatis</span> <span class='ocrx_word' id='word_1_326' title='bbox 1707 2283 1885 2353; x_wconf 64' lang='lat' dir='ltr'>inemptam,</span> 
     </span>
     <span class='ocr_line' id='line_1_24' title="bbox 196 2365 1886 2442; baseline -0.001 -17"><span class='ocrx_word' id='word_1_327' title='bbox 196 2371 241 2427; x_wconf 86' lang='lat' dir='ltr'>sit.</span> <span class='ocrx_word' id='word_1_328' title='bbox 277 2369 331 2435; x_wconf 80' lang='lat' dir='ltr'>Qui</span> <span class='ocrx_word' id='word_1_329' title='bbox 355 2370 383 2424; x_wconf 91' lang='lat' dir='ltr'>in</span> <span class='ocrx_word' id='word_1_330' title='bbox 405 2375 564 2442; x_wconf 73' lang='lat' dir='ltr'>negantem,</span> <span class='ocrx_word' id='word_1_331' title='bbox 576 2369 687 2434; x_wconf 90' lang='lat' dir='ltr'>abeunt,</span> <span class='ocrx_word' id='word_1_332' title='bbox 711 2367 854 2439; x_wconf 88' lang='lat' dir='ltr'>proferunt</span> <span class='ocrx_word' id='word_1_333' title='bbox 881 2371 903 2422; x_wconf 89' lang='lat'>1.</span> <span class='ocrx_word' id='word_1_334' title='bbox 928 2365 1029 2421; x_wconf 86' lang='lat' dir='ltr'>consti·</span> <span class='ocrx_word' id='word_1_335' title='bbox 1055 2373 1151 2424; x_wconf 89' lang='lat' dir='ltr'>auctor</span> <span class='ocrx_word' id='word_1_336' title='bbox 1168 2369 1254 2426; x_wconf 92' lang='lat' dir='ltr'>horol.</span> <span class='ocrx_word' id='word_1_337' title='bbox 1277 2369 1363 2440; x_wconf 90' lang='lat' dir='ltr'>princ.</span> <span class='ocrx_word' id='word_1_338' title='bbox 1389 2375 1448 2425; x_wconf 80' lang='lat'>218.</span> <span class='ocrx_word' id='word_1_339' title='bbox 1497 2369 1580 2427; x_wconf 91' lang='lat' dir='ltr'>Unde</span> <span class='ocrx_word' id='word_1_340' title='bbox 1605 2370 1679 2441; x_wconf 88' lang='lat' dir='ltr'>apud</span> <span class='ocrx_word' id='word_1_341' title='bbox 1703 2368 1886 2425; x_wconf 83' lang='lat' dir='ltr'>Athenienses</span> 
     </span>
     <span class='ocr_line' id='line_1_25' title="bbox 197 2453 1887 2528; baseline -0.001 -16"><span class='ocrx_word' id='word_1_342' title='bbox 197 2457 328 2512; x_wconf 83' lang='lat' dir='ltr'>tutionem</span> <span class='ocrx_word' id='word_1_343' title='bbox 346 2457 472 2511; x_wconf 85' lang='lat' dir='ltr'>divinam</span> <span class='ocrx_word' id='word_1_344' title='bbox 489 2455 573 2512; x_wconf 88' lang='lat' dir='ltr'>Deut.</span> <span class='ocrx_word' id='word_1_345' title='bbox 593 2461 641 2524; x_wconf 81' lang='lat'>23,</span> <span class='ocrx_word' id='word_1_346' title='bbox 664 2473 690 2512; x_wconf 87' lang='lat' dir='ltr'>v.</span> <span class='ocrx_word' id='word_1_347' title='bbox 709 2459 740 2509; x_wconf 83' lang='lat'>2:</span> <span class='ocrx_word' id='word_1_348' title='bbox 772 2455 838 2508; x_wconf 88' lang='lat' dir='ltr'>Non</span> <span class='ocrx_word' id='word_1_349' title='bbox 856 2453 1030 2522; x_wconf 71' lang='lat' dir='ltr'>inpredietur</span> <span class='ocrx_word' id='word_1_350' title='bbox 1056 2454 1142 2527; x_wconf 88' lang='lat' dir='ltr'>spurii</span> <span class='ocrx_word' id='word_1_351' title='bbox 1161 2473 1213 2511; x_wconf 90' lang='lat' dir='ltr'>nec</span> <span class='ocrx_word' id='word_1_352' title='bbox 1230 2455 1267 2511; x_wconf 88' lang='lat' dir='ltr'>ad</span> <span class='ocrx_word' id='word_1_353' title='bbox 1285 2454 1399 2527; x_wconf 85' lang='lat' dir='ltr'>publica</span> <span class='ocrx_word' id='word_1_354' title='bbox 1419 2455 1511 2511; x_wconf 84' lang='lat' dir='ltr'>officia</span> <span class='ocrx_word' id='word_1_355' title='bbox 1522 2456 1644 2518; x_wconf 83' lang='lat' dir='ltr'>admissi,</span> <span class='ocrx_word' id='word_1_356' title='bbox 1664 2455 1719 2510; x_wconf 91' lang='lat' dir='ltr'>imo</span> <span class='ocrx_word' id='word_1_357' title='bbox 1739 2474 1791 2513; x_wconf 89' lang='lat' dir='ltr'>nec</span> <span class='ocrx_word' id='word_1_358' title='bbox 1809 2456 1887 2528; x_wconf 86' lang='lat' dir='ltr'>genti</span> 
     </span>
     <span class='ocr_line' id='line_1_26' title="bbox 198 2541 1886 2614; baseline 0 -16"><span class='ocrx_word' id='word_1_359' title='bbox 198 2546 234 2599; x_wconf 83' lang='lat' dir='ltr'>de</span> <span class='ocrx_word' id='word_1_360' title='bbox 254 2551 346 2598; x_wconf 82' lang='lat' dir='ltr'>scorto</span> <span class='ocrx_word' id='word_1_361' title='bbox 364 2551 446 2597; x_wconf 83' lang='lat' dir='ltr'>notus</span> <span class='ocrx_word' id='word_1_362' title='bbox 464 2543 494 2596; x_wconf 87' lang='lat' dir='ltr'>in</span> <span class='ocrx_word' id='word_1_363' title='bbox 514 2542 661 2596; x_wconf 85' lang='lat' dir='ltr'>ecclesiam</span> <span class='ocrx_word' id='word_1_364' title='bbox 681 2541 797 2595; x_wconf 87' lang='lat' dir='ltr'>Domini</span> <span class='ocrx_word' id='word_1_365' title='bbox 818 2556 906 2612; x_wconf 74' lang='lat' dir='ltr'>usqum</span> <span class='ocrx_word' id='word_1_366' title='bbox 923 2541 964 2593; x_wconf 87' lang='lat' dir='ltr'>ad</span> <span class='ocrx_word' id='word_1_367' title='bbox 982 2541 1030 2592; x_wconf 83' lang='lat' dir='ltr'>de·</span> <span class='ocrx_word' id='word_1_368' title='bbox 1056 2541 1182 2613; x_wconf 86' lang='lat' dir='ltr'>asscripti</span> <span class='ocrx_word' id='word_1_369' title='bbox 1200 2541 1287 2612; x_wconf 79' lang='lat' dir='ltr'>fuere,</span> <span class='ocrx_word' id='word_1_370' title='bbox 1304 2542 1469 2598; x_wconf 87' lang='lat' dir='ltr'>Plutarchus</span> <span class='ocrx_word' id='word_1_371' title='bbox 1487 2543 1516 2597; x_wconf 93' lang='lat' dir='ltr'>in</span> <span class='ocrx_word' id='word_1_372' title='bbox 1534 2543 1654 2599; x_wconf 89' lang='lat' dir='ltr'>Pericle.</span> <span class='ocrx_word' id='word_1_373' title='bbox 1673 2542 1758 2614; x_wconf 81' lang='lat' dir='ltr'>Apud</span> <span class='ocrx_word' id='word_1_374' title='bbox 1775 2541 1886 2611; x_wconf 83' lang='lat' dir='ltr'>Succos,</span> 
     </span>
     <span class='ocr_line' id='line_1_27' title="bbox 198 2625 1886 2704; baseline -0.004 -14"><span class='ocrx_word' id='word_1_375' title='bbox 198 2632 300 2688; x_wconf 77' lang='lat' dir='ltr'>cimam</span> <span class='ocrx_word' id='word_1_376' title='bbox 319 2631 535 2700; x_wconf 55' lang='lat' dir='ltr'>§maionem-</span> <span class='ocrx_word' id='word_1_377' title='bbox 570 2627 655 2704; x_wconf 63' lang='grc' dir='ltr'>Ἶὶἳξῖἓ</span> <span class='ocrx_word' id='word_1_378' title='bbox 683 2634 726 2682; x_wconf 88' lang='lat' dir='ltr'>est</span> <span class='ocrx_word' id='word_1_379' title='bbox 742 2627 816 2682; x_wconf 90' lang='lat' dir='ltr'>idem</span> <span class='ocrx_word' id='word_1_380' title='bbox 839 2627 913 2698; x_wconf 91' lang='lat' dir='ltr'>quod</span> <span class='ocrx_word' id='word_1_381' title='bbox 932 2625 967 2698; x_wconf 66' lang='lat' dir='ltr'>&#39;ll</span> <span class='ocrx_word' id='word_1_382' title='bbox 984 2641 1029 2679; x_wconf 71' lang='lat' dir='ltr'>aa·</span> <span class='ocrx_word' id='word_1_383' title='bbox 1057 2628 1164 2684; x_wconf 79' lang='lat' dir='ltr'>Gothos</span> <span class='ocrx_word' id='word_1_384' title='bbox 1182 2636 1212 2685; x_wconf 88' lang='lat' dir='ltr'>et</span> <span class='ocrx_word' id='word_1_385' title='bbox 1228 2629 1370 2702; x_wconf 83' lang='lat' dir='ltr'>Norvegos</span> <span class='ocrx_word' id='word_1_386' title='bbox 1388 2629 1453 2685; x_wconf 91' lang='lat' dir='ltr'>olim</span> <span class='ocrx_word' id='word_1_387' title='bbox 1478 2630 1523 2684; x_wconf 87' lang='lat' dir='ltr'>vix</span> <span class='ocrx_word' id='word_1_388' title='bbox 1551 2630 1630 2685; x_wconf 92' lang='lat' dir='ltr'>licuit</span> <span class='ocrx_word' id='word_1_389' title='bbox 1654 2629 1756 2701; x_wconf 89' lang='lat' dir='ltr'>spuriis</span> <span class='ocrx_word' id='word_1_390' title='bbox 1775 2629 1886 2685; x_wconf 90' lang='lat' dir='ltr'>inhone-</span> 
     </span>
     <span class='ocr_line' id='line_1_28' title="bbox 197 2711 1886 2791; baseline -0.003 -16"><span class='ocrx_word' id='word_1_391' title='bbox 197 2727 325 2787; x_wconf 79' lang='lat' dir='ltr'>tsoneus,</span> <span class='ocrx_word' id='word_1_392' title='bbox 344 2717 472 2791; x_wconf 65' lang='lat' dir='ltr'>munius,</span> <span class='ocrx_word' id='word_1_393' title='bbox 485 2716 571 2781; x_wconf 76' lang='lat' dir='ltr'>‘foris</span> <span class='ocrx_word' id='word_1_394' title='bbox 588 2716 706 2786; x_wconf 69' lang='lat' dir='ltr'>pendas,</span> <span class='ocrx_word' id='word_1_395' title='bbox 723 2731 756 2767; x_wconf 81' lang='lat' dir='ltr'>ea</span> <span class='ocrx_word' id='word_1_396' title='bbox 775 2721 868 2768; x_wconf 82' lang='lat' dir='ltr'>scorto</span> <span class='ocrx_word' id='word_1_397' title='bbox 884 2720 982 2782; x_wconf 79' lang='lat' dir='ltr'>natus3</span> <span class='ocrx_word' id='word_1_398' title='bbox 1005 2711 1030 2765; x_wconf 77' lang='lat' dir='ltr'>ia</span> <span class='ocrx_word' id='word_1_399' title='bbox 1057 2721 1163 2771; x_wconf 87' lang='lat' dir='ltr'>storum</span> <span class='ocrx_word' id='word_1_400' title='bbox 1190 2716 1310 2772; x_wconf 78' lang='lat' dir='ltr'>virorum</span> <span class='ocrx_word' id='word_1_401' title='bbox 1341 2717 1445 2772; x_wconf 84' lang='lat' dir='ltr'>versari</span> <span class='ocrx_word' id='word_1_402' title='bbox 1484 2716 1638 2782; x_wconf 89' lang='lat' dir='ltr'>consortio,</span> <span class='ocrx_word' id='word_1_403' title='bbox 1672 2717 1736 2770; x_wconf 83' lang='lat' dir='ltr'>Joh.</span> <span class='ocrx_word' id='word_1_404' title='bbox 1767 2716 1886 2787; x_wconf 81' lang='lat' dir='ltr'>Magnus</span> 
     </span>
     <span class='ocr_line' id='line_1_29' title="bbox 197 2800 1887 2879; baseline -0.004 -16"><span class='ocrx_word' id='word_1_405' title='bbox 197 2805 359 2879; x_wconf 86' lang='lat' dir='ltr'>prohibetur</span> <span class='ocrx_word' id='word_1_406' title='bbox 378 2804 486 2877; x_wconf 88' lang='lat' dir='ltr'>ingredi</span> <span class='ocrx_word' id='word_1_407' title='bbox 507 2803 536 2858; x_wconf 90' lang='lat' dir='ltr'>in</span> <span class='ocrx_word' id='word_1_408' title='bbox 554 2802 708 2868; x_wconf 85' lang='lat' dir='ltr'>ecclesiam,</span> <span class='ocrx_word' id='word_1_409' title='bbox 726 2800 928 2874; x_wconf 86' lang='lat' dir='ltr'>quodquidam</span> <span class='ocrx_word' id='word_1_410' title='bbox 947 2800 1030 2854; x_wconf 88' lang='lat' dir='ltr'>inter·</span> <span class='ocrx_word' id='word_1_411' title='bbox 1058 2802 1106 2857; x_wconf 89' lang='lat' dir='ltr'>lib.</span> <span class='ocrx_word' id='word_1_412' title='bbox 1129 2808 1168 2860; x_wconf 81' lang='lat'>18.</span> <span class='ocrx_word' id='word_1_413' title='bbox 1195 2819 1219 2858; x_wconf 91' lang='lat' dir='ltr'>c.</span> <span class='ocrx_word' id='word_1_414' title='bbox 1244 2809 1268 2858; x_wconf 87' lang='grc'>6,</span> <span class='ocrx_word' id='word_1_415' title='bbox 1304 2803 1388 2874; x_wconf 80' lang='lat' dir='ltr'>Apud</span> <span class='ocrx_word' id='word_1_416' title='bbox 1422 2803 1564 2859; x_wconf 83' lang='lat' dir='ltr'>Helvetios</span> <span class='ocrx_word' id='word_1_417' title='bbox 1589 2820 1645 2859; x_wconf 89' lang='lat' dir='ltr'>non</span> <span class='ocrx_word' id='word_1_418' title='bbox 1676 2802 1831 2858; x_wconf 87' lang='lat' dir='ltr'>admittitur</span> <span class='ocrx_word' id='word_1_419' title='bbox 1852 2802 1887 2856; x_wconf 86' lang='lat' dir='ltr'>ad</span> 
     </span>
     <span class='ocr_line' id='line_1_30' title="bbox 198 2886 1889 2967; baseline -0.005 -17"><span class='ocrx_word' id='word_1_420' title='bbox 198 2898 356 2967; x_wconf 79' lang='lat' dir='ltr'>pretantur,</span> <span class='ocrx_word' id='word_1_421' title='bbox 382 2908 438 2946; x_wconf 93' lang='lat' dir='ltr'>non</span> <span class='ocrx_word' id='word_1_422' title='bbox 483 2889 565 2944; x_wconf 90' lang='lat' dir='ltr'>debet</span> <span class='ocrx_word' id='word_1_423' title='bbox 588 2888 691 2943; x_wconf 89' lang='lat' dir='ltr'>habere</span> <span class='ocrx_word' id='word_1_424' title='bbox 721 2889 768 2956; x_wconf 73' lang='lat' dir='ltr'>isos</span> <span class='ocrx_word' id='word_1_425' title='bbox 795 2888 920 2941; x_wconf 75' lang='lat' dir='ltr'>dsiccndi</span> <span class='ocrx_word' id='word_1_426' title='bbox 940 2886 1032 2939; x_wconf 76' lang='lat' dir='ltr'>Issai-</span> <span class='ocrx_word' id='word_1_427' title='bbox 1058 2889 1286 2961; x_wconf 88' lang='lat' dir='ltr'>gubernationem</span> <span class='ocrx_word' id='word_1_428' title='bbox 1316 2891 1438 2961; x_wconf 85' lang='lat' dir='ltr'>spurius,</span> <span class='ocrx_word' id='word_1_429' title='bbox 1471 2889 1547 2946; x_wconf 76' lang='lat' dir='ltr'>simi</span> <span class='ocrx_word' id='word_1_430' title='bbox 1577 2890 1611 2944; x_wconf 87' lang='lat' dir='ltr'>de</span> <span class='ocrx_word' id='word_1_431' title='bbox 1641 2888 1749 2960; x_wconf 88' lang='lat' dir='ltr'>republ.</span> <span class='ocrx_word' id='word_1_432' title='bbox 1779 2889 1889 2944; x_wconf 84' lang='lat' dir='ltr'>Helvet</span> 
     </span>
     <span class='ocr_line' id='line_1_31' title="bbox 134 2971 1888 3047; baseline -0.005 -11"><span class='ocrx_word' id='word_1_433' title='bbox 134 2985 137 2990; x_wconf 89' lang='lat'>&#39;</span> <span class='ocrx_word' id='word_1_434' title='bbox 202 2979 319 3036; x_wconf 80' lang='lat' dir='ltr'>litidsm.</span> <span class='ocrx_word' id='word_1_435' title='bbox 380 2975 510 3031; x_wconf 83' lang='lat' dir='ltr'>Salomon</span> <span class='ocrx_word' id='word_1_436' title='bbox 548 2979 662 3029; x_wconf 83' lang='lat' dir='ltr'>notante</span> <span class='ocrx_word' id='word_1_437' title='bbox 696 2973 786 3045; x_wconf 86' lang='lat' dir='ltr'>Fagio</span> <span class='ocrx_word' id='word_1_438' title='bbox 821 2974 849 3028; x_wconf 92' lang='lat' dir='ltr'>in</span> <span class='ocrx_word' id='word_1_439' title='bbox 887 2973 939 3028; x_wconf 92' lang='lat' dir='ltr'>hoc</span> <span class='ocrx_word' id='word_1_440' title='bbox 971 2971 1033 3025; x_wconf 88' lang='lat' dir='ltr'>loco</span> <span class='ocrx_word' id='word_1_441' title='bbox 1058 2994 1086 3047; x_wconf 87' lang='lat' dir='ltr'>p.</span> <span class='ocrx_word' id='word_1_442' title='bbox 1108 2981 1166 3032; x_wconf 82' lang='lat'>148.</span> <span class='ocrx_word' id='word_1_443' title='bbox 1200 2975 1362 3033; x_wconf 83' lang='lat' dir='ltr'>Aristoteles</span> <span class='ocrx_word' id='word_1_444' title='bbox 1379 2976 1440 3032; x_wconf 87' lang='lat' dir='ltr'>libr.</span> <span class='ocrx_word' id='word_1_445' title='bbox 1459 2982 1483 3033; x_wconf 83' lang='lat' dir='ltr'>t.</span> <span class='ocrx_word' id='word_1_446' title='bbox 1503 2974 1608 3047; x_wconf 89' lang='lat' dir='ltr'>politic.</span> <span class='ocrx_word' id='word_1_447' title='bbox 1628 2992 1686 3046; x_wconf 83' lang='lat' dir='ltr'>cap.</span> <span class='ocrx_word' id='word_1_448' title='bbox 1707 2981 1736 3031; x_wconf 82' lang='lat'>6:</span> <span class='ocrx_word' id='word_1_449' title='bbox 1757 2975 1888 3030; x_wconf 84' lang='lat' dir='ltr'>Omnibus</span> 
     </span>
     <span class='ocr_line' id='line_1_32' title="bbox 87 3059 1888 3133; baseline -0.005 -10"><span class='ocrx_word' id='word_1_450' title='bbox 87 3082 88 3087; x_wconf 76' lang='grc'>’</span> <span class='ocrx_word' id='word_1_451' title='bbox 198 3072 227 3123; x_wconf 84' lang='lat' dir='ltr'>et</span> <span class='ocrx_word' id='word_1_452' title='bbox 257 3064 390 3120; x_wconf 82' lang='lat' dir='ltr'>Duarerm</span> <span class='ocrx_word' id='word_1_453' title='bbox 412 3063 430 3117; x_wconf 91' lang='lat' dir='ltr'>l.</span> <span class='ocrx_word' id='word_1_454' title='bbox 458 3068 482 3118; x_wconf 82' lang='lat' dir='ltr'>l.</span> <span class='ocrx_word' id='word_1_455' title='bbox 522 3062 557 3116; x_wconf 88' lang='lat' dir='ltr'>de</span> <span class='ocrx_word' id='word_1_456' title='bbox 584 3061 669 3116; x_wconf 70' lang='lat' dir='ltr'>sacrm</span> <span class='ocrx_word' id='word_1_457' title='bbox 693 3060 789 3117; x_wconf 87' lang='lat' dir='ltr'>eccles.</span> <span class='ocrx_word' id='word_1_458' title='bbox 822 3059 924 3115; x_wconf 86' lang='lat' dir='ltr'>minist.</span> <span class='ocrx_word' id='word_1_459' title='bbox 955 3074 979 3112; x_wconf 91' lang='lat' dir='ltr'>c.</span> <span class='ocrx_word' id='word_1_460' title='bbox 1009 3063 1032 3113; x_wconf 89' lang='grc'>5.</span> <span class='ocrx_word' id='word_1_461' title='bbox 1058 3063 1124 3116; x_wconf 86' lang='lat' dir='ltr'>licet</span> <span class='ocrx_word' id='word_1_462' title='bbox 1141 3063 1183 3115; x_wconf 77' lang='lat' dir='ltr'>acl</span> <span class='ocrx_word' id='word_1_463' title='bbox 1198 3064 1399 3133; x_wconf 71' lang='lat' dir='ltr'>rempublicam</span> <span class='ocrx_word' id='word_1_464' title='bbox 1416 3065 1565 3133; x_wconf 81' lang='lat' dir='ltr'>accedere,</span> <span class='ocrx_word' id='word_1_465' title='bbox 1591 3080 1660 3133; x_wconf 78' lang='lat' dir='ltr'>quos</span> <span class='ocrx_word' id='word_1_466' title='bbox 1676 3064 1760 3115; x_wconf 76' lang='lat' dir='ltr'>mocio</span> <span class='ocrx_word' id='word_1_467' title='bbox 1777 3062 1888 3130; x_wconf 57' lang='lat' dir='ltr'>peneus</span> 
     </span>
     <span class='ocr_line' id='line_1_33' title="bbox 199 3144 1888 3221; baseline -0.002 -13"><span class='ocrx_word' id='word_1_468' title='bbox 199 3150 249 3208; x_wconf 88' lang='lat' dir='ltr'>sed</span> <span class='ocrx_word' id='word_1_469' title='bbox 265 3151 369 3206; x_wconf 90' lang='lat' dir='ltr'>rectius</span> <span class='ocrx_word' id='word_1_470' title='bbox 393 3147 529 3219; x_wconf 85' lang='lat' dir='ltr'>accipitur</span> <span class='ocrx_word' id='word_1_471' title='bbox 552 3147 587 3202; x_wconf 88' lang='lat' dir='ltr'>de</span> <span class='ocrx_word' id='word_1_472' title='bbox 610 3147 715 3212; x_wconf 76' lang='lat' dir='ltr'>officiis</span> <span class='ocrx_word' id='word_1_473' title='bbox 736 3147 874 3217; x_wconf 85' lang='lat' dir='ltr'>publicis,</span> <span class='ocrx_word' id='word_1_474' title='bbox 903 3144 1032 3215; x_wconf 85' lang='lat' dir='ltr'>adquae</span> <span class='ocrx_word' id='word_1_475' title='bbox 1058 3148 1182 3202; x_wconf 70' lang='lat' dir='ltr'>coactitio</span> <span class='ocrx_word' id='word_1_476' title='bbox 1199 3166 1256 3202; x_wconf 90' lang='lat' dir='ltr'>non</span> <span class='ocrx_word' id='word_1_477' title='bbox 1273 3149 1400 3218; x_wconf 67' lang='lat' dir='ltr'>repelli,</span> <span class='ocrx_word' id='word_1_478' title='bbox 1427 3149 1475 3203; x_wconf 93' lang='lat' dir='ltr'>ubi</span> <span class='ocrx_word' id='word_1_479' title='bbox 1500 3167 1550 3220; x_wconf 90' lang='lat' dir='ltr'>per</span> <span class='ocrx_word' id='word_1_480' title='bbox 1567 3149 1676 3221; x_wconf 85' lang='lat' dir='ltr'>generis</span> <span class='ocrx_word' id='word_1_481' title='bbox 1700 3148 1888 3220; x_wconf 86' lang='lat' dir='ltr'>exceptionem</span> 
     </span>
     <span class='ocr_line' id='line_1_34' title="bbox 200 3232 1889 3309; baseline -0.004 -16"><span class='ocrx_word' id='word_1_482' title='bbox 200 3237 302 3309; x_wconf 89' lang='lat' dir='ltr'>spuriis</span> <span class='ocrx_word' id='word_1_483' title='bbox 326 3237 355 3292; x_wconf 93' lang='lat' dir='ltr'>in</span> <span class='ocrx_word' id='word_1_484' title='bbox 383 3236 501 3292; x_wconf 84' lang='lat' dir='ltr'>ecclesia</span> <span class='ocrx_word' id='word_1_485' title='bbox 521 3241 549 3290; x_wconf 90' lang='lat' dir='ltr'>et</span> <span class='ocrx_word' id='word_1_486' title='bbox 573 3233 718 3305; x_wconf 82' lang='lat' dir='ltr'>republica</span> <span class='ocrx_word' id='word_1_487' title='bbox 745 3250 800 3287; x_wconf 89' lang='lat' dir='ltr'>non</span> <span class='ocrx_word' id='word_1_488' title='bbox 820 3232 922 3288; x_wconf 86' lang='lat' dir='ltr'>debeat</span> <span class='ocrx_word' id='word_1_489' title='bbox 937 3236 1033 3302; x_wconf 88' lang='lat' dir='ltr'>patere</span> <span class='ocrx_word' id='word_1_490' title='bbox 1059 3235 1221 3304; x_wconf 87' lang='lat' dir='ltr'>interpretes</span> <span class='ocrx_word' id='word_1_491' title='bbox 1240 3234 1399 3306; x_wconf 88' lang='lat' dir='ltr'>intelligunt</span> <span class='ocrx_word' id='word_1_492' title='bbox 1427 3235 1541 3306; x_wconf 88' lang='lat' dir='ltr'>spurios.</span> <span class='ocrx_word' id='word_1_493' title='bbox 1576 3239 1602 3289; x_wconf 82' lang='grc'>3,</span> <span class='ocrx_word' id='word_1_494' title='bbox 1621 3237 1698 3289; x_wconf 84' lang='lat' dir='ltr'>Jura</span> <span class='ocrx_word' id='word_1_495' title='bbox 1716 3235 1853 3290; x_wconf 78' lang='lat' dir='ltr'>senonim</span> <span class='ocrx_word' id='word_1_496' title='bbox 1872 3251 1889 3288; x_wconf 89' lang='lat' dir='ltr'>a</span> 
     </span>
     <span class='ocr_line' id='line_1_35' title="bbox 199 3317 1889 3394; baseline -0.001 -16"><span class='ocrx_word' id='word_1_497' title='bbox 199 3323 301 3390; x_wconf 87' lang='lat' dir='ltr'>aditus,</span> <span class='ocrx_word' id='word_1_498' title='bbox 318 3323 402 3380; x_wconf 91' lang='lat' dir='ltr'>etiam</span> <span class='ocrx_word' id='word_1_499' title='bbox 420 3321 528 3377; x_wconf 89' lang='lat' dir='ltr'>decima</span> <span class='ocrx_word' id='word_1_500' title='bbox 545 3321 731 3392; x_wconf 89' lang='lat' dir='ltr'>generatione.</span> <span class='ocrx_word' id='word_1_501' title='bbox 768 3319 865 3375; x_wconf 89' lang='lat' dir='ltr'>Voluit</span> <span class='ocrx_word' id='word_1_502' title='bbox 884 3319 960 3373; x_wconf 91' lang='lat' dir='ltr'>Deus</span> <span class='ocrx_word' id='word_1_503' title='bbox 979 3317 1034 3372; x_wconf 90' lang='lat' dir='ltr'>hac</span> <span class='ocrx_word' id='word_1_504' title='bbox 1059 3320 1197 3377; x_wconf 87' lang='lat' dir='ltr'>sacrorum</span> <span class='ocrx_word' id='word_1_505' title='bbox 1222 3320 1461 3377; x_wconf 87' lang='lat' dir='ltr'>administratione</span> <span class='ocrx_word' id='word_1_506' title='bbox 1483 3339 1529 3377; x_wconf 89' lang='lat' dir='ltr'>eos</span> <span class='ocrx_word' id='word_1_507' title='bbox 1560 3328 1671 3392; x_wconf 80' lang='lat' dir='ltr'>arcent,</span> <span class='ocrx_word' id='word_1_508' title='bbox 1703 3322 1830 3394; x_wconf 81' lang='lat' dir='ltr'>quamvls</span> <span class='ocrx_word' id='word_1_509' title='bbox 1854 3322 1889 3376; x_wconf 86' lang='lat' dir='ltr'>ad</span> 
     </span>
     <span class='ocr_line' id='line_1_36' title="bbox 200 3406 1890 3481; baseline -0.002 -16"><span class='ocrx_word' id='word_1_510' title='bbox 200 3409 396 3466; x_wconf 80' lang='lat' dir='ltr'>mustitutione</span> <span class='ocrx_word' id='word_1_511' title='bbox 427 3409 589 3477; x_wconf 89' lang='lat' dir='ltr'>admonere,</span> <span class='ocrx_word' id='word_1_512' title='bbox 616 3425 701 3480; x_wconf 82' lang='lat' dir='ltr'>quam</span> <span class='ocrx_word' id='word_1_513' title='bbox 732 3406 855 3478; x_wconf 78' lang='lat' dir='ltr'>graviter</span> <span class='ocrx_word' id='word_1_514' title='bbox 881 3407 1150 3481; x_wconf 78' lang='lat' dir='ltr'>detesteturlipsum</span> <span class='ocrx_word' id='word_1_515' title='bbox 1168 3407 1359 3479; x_wconf 87' lang='lat' dir='ltr'>pontificatum</span> <span class='ocrx_word' id='word_1_516' title='bbox 1385 3407 1492 3479; x_wconf 87' lang='lat' dir='ltr'>spurios</span> <span class='ocrx_word' id='word_1_517' title='bbox 1517 3408 1651 3479; x_wconf 89' lang='lat' dir='ltr'>quosdam</span> <span class='ocrx_word' id='word_1_518' title='bbox 1677 3415 1787 3464; x_wconf 82' lang='lat' dir='ltr'>evectos</span> <span class='ocrx_word' id='word_1_519' title='bbox 1804 3408 1890 3463; x_wconf 85' lang='lat' dir='ltr'>fuisse</span> 
     </span>
     <span class='ocr_line' id='line_1_37' title="bbox 198 3491 1888 3568; baseline -0.001 -18"><span class='ocrx_word' id='word_1_520' title='bbox 198 3513 286 3568; x_wconf 84' lang='lat' dir='ltr'>vagas</span> <span class='ocrx_word' id='word_1_521' title='bbox 314 3496 444 3552; x_wconf 91' lang='lat' dir='ltr'>libidines</span> <span class='ocrx_word' id='word_1_522' title='bbox 468 3502 496 3552; x_wconf 91' lang='lat' dir='ltr'>et</span> <span class='ocrx_word' id='word_1_523' title='bbox 520 3495 631 3550; x_wconf 90' lang='lat' dir='ltr'>illicitos</span> <span class='ocrx_word' id='word_1_524' title='bbox 664 3510 834 3565; x_wconf 86' lang='lat' dir='ltr'>congressus.</span> <span class='ocrx_word' id='word_1_525' title='bbox 879 3491 980 3547; x_wconf 84' lang='lat' dir='ltr'>Rabini</span> <span class='ocrx_word' id='word_1_526' title='bbox 1003 3491 1033 3545; x_wconf 89' lang='lat' dir='ltr'>in</span> <span class='ocrx_word' id='word_1_527' title='bbox 1060 3495 1185 3567; x_wconf 85' lang='lat' dir='ltr'>exempla</span> <span class='ocrx_word' id='word_1_528' title='bbox 1206 3494 1336 3566; x_wconf 87' lang='lat' dir='ltr'>Dionysii</span> <span class='ocrx_word' id='word_1_529' title='bbox 1355 3494 1377 3552; x_wconf 90' lang='lat' dir='ltr'>I.</span> <span class='ocrx_word' id='word_1_530' title='bbox 1389 3495 1492 3550; x_wconf 90' lang='lat' dir='ltr'>Leonis</span> <span class='ocrx_word' id='word_1_531' title='bbox 1503 3495 1538 3551; x_wconf 89' lang='lat' dir='ltr'>V.</span> <span class='ocrx_word' id='word_1_532' title='bbox 1553 3494 1688 3551; x_wconf 76' lang='lat' dir='ltr'>iohannis</span> <span class='ocrx_word' id='word_1_533' title='bbox 1708 3495 1745 3552; x_wconf 88' lang='lat' dir='ltr'>X.</span> <span class='ocrx_word' id='word_1_534' title='bbox 1765 3494 1888 3550; x_wconf 83' lang='lat' dir='ltr'>Clemen-</span> 
     </span>
     <span class='ocr_line' id='line_1_38' title="bbox 199 3579 1888 3657; baseline -0.006 -18"><span class='ocrx_word' id='word_1_535' title='bbox 199 3584 383 3657; x_wconf 84' lang='lat' dir='ltr'>explicatione</span> <span class='ocrx_word' id='word_1_536' title='bbox 402 3583 486 3653; x_wconf 90' lang='lat' dir='ltr'>hujus</span> <span class='ocrx_word' id='word_1_537' title='bbox 504 3582 575 3654; x_wconf 88' lang='lat' dir='ltr'>legls</span> <span class='ocrx_word' id='word_1_538' title='bbox 587 3581 711 3653; x_wconf 91' lang='lat' dir='ltr'>triplices</span> <span class='ocrx_word' id='word_1_539' title='bbox 727 3585 890 3636; x_wconf 88' lang='lat' dir='ltr'>enumerant</span> <span class='ocrx_word' id='word_1_540' title='bbox 909 3579 1032 3650; x_wconf 79' lang='lat' dir='ltr'>spurios3</span> <span class='ocrx_word' id='word_1_541' title='bbox 1059 3583 1095 3637; x_wconf 79' lang='lat' dir='ltr'>tis</span> <span class='ocrx_word' id='word_1_542' title='bbox 1114 3581 1179 3638; x_wconf 83' lang='lat' dir='ltr'>VII.</span> <span class='ocrx_word' id='word_1_543' title='bbox 1216 3582 1371 3637; x_wconf 72' lang='lat' dir='ltr'>Innocentii</span> <span class='ocrx_word' id='word_1_544' title='bbox 1398 3582 1475 3638; x_wconf 84' lang='lat' dir='ltr'><strong>VIII.</strong></span> <span class='ocrx_word' id='word_1_545' title='bbox 1499 3589 1528 3637; x_wconf 72' lang='lat' dir='ltr'>et</span> <span class='ocrx_word' id='word_1_546' title='bbox 1552 3582 1669 3637; x_wconf 77' lang='lat' dir='ltr'>aliorum</span> <span class='ocrx_word' id='word_1_547' title='bbox 1694 3586 1837 3637; x_wconf 70' lang='lat' dir='ltr'>testentur.</span> <span class='ocrx_word' id='word_1_548' title='bbox 1864 3596 1888 3636; x_wconf 78' lang='lat' dir='ltr'>e,</span> 
     </span>
     <span class='ocr_line' id='line_1_39' title="bbox 197 3664 1890 3741; baseline -0.008 -17"><span class='ocrx_word' id='word_1_549' title='bbox 197 3671 288 3741; x_wconf 77' lang='lat' dir='ltr'>primi</span> <span class='ocrx_word' id='word_1_550' title='bbox 304 3678 376 3738; x_wconf 89' lang='lat' dir='ltr'>sunt,</span> <span class='ocrx_word' id='word_1_551' title='bbox 394 3670 429 3725; x_wconf 93' lang='lat' dir='ltr'>de</span> <span class='ocrx_word' id='word_1_552' title='bbox 449 3669 551 3740; x_wconf 89' lang='lat' dir='ltr'>quibus</span> <span class='ocrx_word' id='word_1_553' title='bbox 569 3685 624 3723; x_wconf 91' lang='lat' dir='ltr'>non</span> <span class='ocrx_word' id='word_1_554' title='bbox 643 3667 810 3738; x_wconf 79' lang='lat' dir='ltr'>ambigitur3</span> <span class='ocrx_word' id='word_1_555' title='bbox 837 3667 964 3729; x_wconf 64' lang='lat' dir='ltr'>scatendi,</span> <span class='ocrx_word' id='word_1_556' title='bbox 984 3664 1033 3736; x_wconf 89' lang='lat' dir='ltr'>qui</span> <span class='ocrx_word' id='word_1_557' title='bbox 1061 3669 1091 3726; x_wconf 84' lang='lat' dir='ltr'>Si</span> <span class='ocrx_word' id='word_1_558' title='bbox 1105 3687 1174 3741; x_wconf 81' lang='lat' dir='ltr'>gens</span> <span class='ocrx_word' id='word_1_559' title='bbox 1189 3669 1403 3741; x_wconf 80' lang='lat' dir='ltr'>Anglorumatc.</span> <span class='ocrx_word' id='word_1_560' title='bbox 1416 3669 1479 3724; x_wconf 85' lang='lat' dir='ltr'>dist</span> <span class='ocrx_word' id='word_1_561' title='bbox 1494 3675 1542 3725; x_wconf 79' lang='lat'>56:</span> <span class='ocrx_word' id='word_1_562' title='bbox 1560 3671 1743 3739; x_wconf 75' lang='lat' dir='ltr'>Dioulputum</span> <span class='ocrx_word' id='word_1_563' title='bbox 1752 3675 1800 3735; x_wconf 84' lang='lat' dir='ltr'>est,</span> <span class='ocrx_word' id='word_1_564' title='bbox 1819 3670 1890 3722; x_wconf 69' lang='lat' dir='ltr'>im.</span> 
     </span>
     <span class='ocr_line' id='line_1_40' title="bbox 201 3751 1890 3825; baseline -0.002 -13"><span class='ocrx_word' id='word_1_565' title='bbox 201 3762 265 3812; x_wconf 88' lang='lat' dir='ltr'>sunt</span> <span class='ocrx_word' id='word_1_566' title='bbox 291 3756 405 3821; x_wconf 90' lang='lat' dir='ltr'>incerti;</span> <span class='ocrx_word' id='word_1_567' title='bbox 434 3756 523 3820; x_wconf 79' lang='lat' dir='ltr'>tertii,</span> <span class='ocrx_word' id='word_1_568' title='bbox 555 3771 624 3825; x_wconf 90' lang='lat' dir='ltr'>quos</span> <span class='ocrx_word' id='word_1_569' title='bbox 650 3752 758 3808; x_wconf 80' lang='lat' dir='ltr'>scribim</span> <span class='ocrx_word' id='word_1_570' title='bbox 784 3753 854 3807; x_wconf 87' lang='lat' dir='ltr'>tales</span> <span class='ocrx_word' id='word_1_571' title='bbox 884 3751 1033 3807; x_wconf 83' lang='lat' dir='ltr'>habebant</span> <span class='ocrx_word' id='word_1_572' title='bbox 1059 3763 1167 3812; x_wconf 85' lang='lat' dir='ltr'>staosos</span> <span class='ocrx_word' id='word_1_573' title='bbox 1191 3764 1217 3809; x_wconf 85' lang='lat' dir='ltr'>et</span> <span class='ocrx_word' id='word_1_574' title='bbox 1242 3756 1418 3810; x_wconf 69' lang='lat' dir='ltr'>adultainos</span> <span class='ocrx_word' id='word_1_575' title='bbox 1440 3774 1490 3810; x_wconf 86' lang='lat' dir='ltr'>nec</span> <span class='ocrx_word' id='word_1_576' title='bbox 1516 3757 1587 3811; x_wconf 85' lang='lat' dir='ltr'>bello</span> <span class='ocrx_word' id='word_1_577' title='bbox 1611 3756 1735 3810; x_wconf 81' lang='lat' dir='ltr'>seculari</span> <span class='ocrx_word' id='word_1_578' title='bbox 1753 3772 1811 3809; x_wconf 86' lang='lat' dir='ltr'>csse</span> <span class='ocrx_word' id='word_1_579' title='bbox 1828 3757 1890 3819; x_wconf 82' lang='lat' dir='ltr'>for-</span> 
     </span>
     <span class='ocr_line' id='line_1_41' title="bbox 201 3838 1890 3914; baseline -0.002 -16"><span class='ocrx_word' id='word_1_580' title='bbox 201 3842 287 3898; x_wconf 89' lang='lat' dir='ltr'>Prlmi</span> <span class='ocrx_word' id='word_1_581' title='bbox 307 3841 450 3914; x_wconf 90' lang='lat' dir='ltr'>illegitime</span> <span class='ocrx_word' id='word_1_582' title='bbox 469 3841 527 3895; x_wconf 91' lang='lat' dir='ltr'>nati</span> <span class='ocrx_word' id='word_1_583' title='bbox 545 3840 671 3895; x_wconf 83' lang='lat' dir='ltr'>ferrmtur</span> <span class='ocrx_word' id='word_1_584' title='bbox 688 3856 721 3894; x_wconf 86' lang='lat' dir='ltr'>ex</span> <span class='ocrx_word' id='word_1_585' title='bbox 740 3838 863 3908; x_wconf 84' lang='lat' dir='ltr'>incestu;</span> <span class='ocrx_word' id='word_1_586' title='bbox 883 3838 963 3894; x_wconf 86' lang='lat' dir='ltr'>alteri</span> <span class='ocrx_word' id='word_1_587' title='bbox 974 3838 1033 3892; x_wconf 91' lang='lat' dir='ltr'>nati</span> <span class='ocrx_word' id='word_1_588' title='bbox 1060 3852 1107 3913; x_wconf 80' lang='lat' dir='ltr'>les,</span> <span class='ocrx_word' id='word_1_589' title='bbox 1126 3859 1176 3896; x_wconf 84' lang='lat' dir='ltr'>nec</span> <span class='ocrx_word' id='word_1_590' title='bbox 1194 3843 1225 3896; x_wconf 87' lang='lat' dir='ltr'>in</span> <span class='ocrx_word' id='word_1_591' title='bbox 1242 3845 1301 3908; x_wconf 73' lang='lat' dir='ltr'>fide</span> <span class='ocrx_word' id='word_1_592' title='bbox 1320 3843 1446 3908; x_wconf 85' lang='lat' dir='ltr'>stabiles,</span> <span class='ocrx_word' id='word_1_593' title='bbox 1463 3860 1514 3896; x_wconf 86' lang='lat' dir='ltr'>nec</span> <span class='ocrx_word' id='word_1_594' title='bbox 1533 3843 1689 3897; x_wconf 85' lang='lat' dir='ltr'>bominibus</span> <span class='ocrx_word' id='word_1_595' title='bbox 1700 3842 1890 3895; x_wconf 78' lang='lat' dir='ltr'>honorabiles.</span> 
     </span>
     <span class='ocr_line' id='line_1_42' title="bbox 200 3925 1890 4002; baseline -0.002 -18"><span class='ocrx_word' id='word_1_596' title='bbox 200 3935 334 4002; x_wconf 89' lang='lat' dir='ltr'>putantur</span> <span class='ocrx_word' id='word_1_597' title='bbox 363 3929 398 3983; x_wconf 89' lang='lat' dir='ltr'>ab</span> <span class='ocrx_word' id='word_1_598' title='bbox 427 3945 524 3996; x_wconf 83' lang='lat' dir='ltr'>uxore,</span> <span class='ocrx_word' id='word_1_599' title='bbox 565 3942 638 3998; x_wconf 89' lang='lat' dir='ltr'>quae</span> <span class='ocrx_word' id='word_1_600' title='bbox 667 3925 747 3981; x_wconf 89' lang='lat' dir='ltr'>alteri</span> <span class='ocrx_word' id='word_1_601' title='bbox 778 3925 905 3996; x_wconf 87' lang='lat' dir='ltr'>nupserit</span> <span class='ocrx_word' id='word_1_602' title='bbox 935 3925 1034 3980; x_wconf 84' lang='lat' dir='ltr'>marito</span> <span class='ocrx_word' id='word_1_603' title='bbox 1059 3946 1121 4000; x_wconf 88' lang='lat' dir='ltr'>cap.</span> <span class='ocrx_word' id='word_1_604' title='bbox 1141 3928 1344 3984; x_wconf 88' lang='lat' dir='ltr'>Venerabilem.</span> <span class='ocrx_word' id='word_1_605' title='bbox 1357 3927 1556 4000; x_wconf 84' lang='lat' dir='ltr'>extraqulfilii</span> <span class='ocrx_word' id='word_1_606' title='bbox 1574 3928 1630 3983; x_wconf 91' lang='lat' dir='ltr'>sint</span> <span class='ocrx_word' id='word_1_607' title='bbox 1646 3928 1778 4000; x_wconf 84' lang='lat' dir='ltr'>legitimi:</span> <span class='ocrx_word' id='word_1_608' title='bbox 1797 3929 1890 3981; x_wconf 77' lang='lat' dir='ltr'>Mons·</span> 
     </span>
     <span class='ocr_line' id='line_1_43' title="bbox 200 4011 1889 4089; baseline -0.002 -17"><span class='ocrx_word' id='word_1_609' title='bbox 200 4016 290 4089; x_wconf 90' lang='lat' dir='ltr'>primo</span> <span class='ocrx_word' id='word_1_610' title='bbox 310 4015 402 4070; x_wconf 89' lang='lat' dir='ltr'>adhuc</span> <span class='ocrx_word' id='word_1_611' title='bbox 421 4013 583 4085; x_wconf 77' lang='lat' dir='ltr'>superstite3</span> <span class='ocrx_word' id='word_1_612' title='bbox 613 4012 724 4069; x_wconf 85' lang='lat' dir='ltr'>tertiis</span> <span class='ocrx_word' id='word_1_613' title='bbox 749 4011 846 4068; x_wconf 88' lang='lat' dir='ltr'>scribis</span> <span class='ocrx_word' id='word_1_614' title='bbox 874 4012 911 4067; x_wconf 96' lang='lat' dir='ltr'>ob</span> <span class='ocrx_word' id='word_1_615' title='bbox 935 4028 1034 4067; x_wconf 88' lang='lat' dir='ltr'>causas</span> <span class='ocrx_word' id='word_1_616' title='bbox 1059 4032 1135 4070; x_wconf 81' lang='lat' dir='ltr'>seres</span> <span class='ocrx_word' id='word_1_617' title='bbox 1154 4023 1180 4070; x_wconf 88' lang='lat' dir='ltr'>et</span> <span class='ocrx_word' id='word_1_618' title='bbox 1198 4016 1310 4085; x_wconf 82' lang='lat' dir='ltr'>spurios</span> <span class='ocrx_word' id='word_1_619' title='bbox 1329 4023 1509 4071; x_wconf 86' lang='lat' dir='ltr'>canonoetat</span> <span class='ocrx_word' id='word_1_620' title='bbox 1526 4017 1679 4070; x_wconf 78' lang='lat' dir='ltr'>adsueras</span> <span class='ocrx_word' id='word_1_621' title='bbox 1698 4016 1889 4084; x_wconf 77' lang='lat' dir='ltr'>ordinespro·</span> 
     </span>
     <span class='ocr_line' id='line_1_44' title="bbox 201 4098 1889 4176; baseline -0.002 -18"><span class='ocrx_word' id='word_1_622' title='bbox 201 4118 397 4176; x_wconf 86' lang='lat' dir='ltr'>saepenumero</span> <span class='ocrx_word' id='word_1_623' title='bbox 408 4102 483 4157; x_wconf 85' lang='lat' dir='ltr'>leves</span> <span class='ocrx_word' id='word_1_624' title='bbox 495 4101 565 4156; x_wconf 87' lang='lat' dir='ltr'>tales</span> <span class='ocrx_word' id='word_1_625' title='bbox 575 4099 758 4155; x_wconf 87' lang='lat' dir='ltr'>habebantur.</span> <span class='ocrx_word' id='word_1_626' title='bbox 794 4098 971 4154; x_wconf 88' lang='lat' dir='ltr'>Innocentius</span> <span class='ocrx_word' id='word_1_627' title='bbox 980 4099 1033 4153; x_wconf 91' lang='lat'>111.</span> <span class='ocrx_word' id='word_1_628' title='bbox 1059 4103 1178 4171; x_wconf 81' lang='lat' dir='ltr'>moseri,</span> <span class='ocrx_word' id='word_1_629' title='bbox 1205 4103 1378 4158; x_wconf 69' lang='lat' dir='ltr'>sermonibus</span> <span class='ocrx_word' id='word_1_630' title='bbox 1400 4120 1507 4173; x_wconf 77' lang='lat' dir='ltr'>quoque</span> <span class='ocrx_word' id='word_1_631' title='bbox 1532 4103 1637 4171; x_wconf 74' lang='lat' dir='ltr'>lepibas</span> <span class='ocrx_word' id='word_1_632' title='bbox 1664 4121 1719 4158; x_wconf 90' lang='lat' dir='ltr'>non</span> <span class='ocrx_word' id='word_1_633' title='bbox 1741 4103 1833 4158; x_wconf 86' lang='lat' dir='ltr'>solun</span> <span class='ocrx_word' id='word_1_634' title='bbox 1849 4119 1889 4156; x_wconf 80' lang='lat' dir='ltr'>re-</span> 
     </span>
     <span class='ocr_line' id='line_1_45' title="bbox 202 4186 1890 4263; baseline -0.002 -18"><span class='ocrx_word' id='word_1_635' title='bbox 202 4190 351 4263; x_wconf 82' lang='lat' dir='ltr'>distinguit</span> <span class='ocrx_word' id='word_1_636' title='bbox 363 4190 434 4244; x_wconf 92' lang='lat' dir='ltr'>inter</span> <span class='ocrx_word' id='word_1_637' title='bbox 444 4188 568 4258; x_wconf 87' lang='lat' dir='ltr'>nothum,</span> <span class='ocrx_word' id='word_1_638' title='bbox 586 4187 711 4258; x_wconf 91' lang='lat' dir='ltr'>spurium</span> <span class='ocrx_word' id='word_1_639' title='bbox 728 4192 757 4241; x_wconf 91' lang='lat' dir='ltr'>et</span> <span class='ocrx_word' id='word_1_640' title='bbox 767 4202 928 4242; x_wconf 86' lang='lat' dir='ltr'>mamzerem</span> <span class='ocrx_word' id='word_1_641' title='bbox 948 4186 996 4242; x_wconf 91' lang='lat' dir='ltr'>lib.</span> <span class='ocrx_word' id='word_1_642' title='bbox 1011 4191 1033 4241; x_wconf 88' lang='lat' dir='ltr'>l.</span> <span class='ocrx_word' id='word_1_643' title='bbox 1056 4191 1225 4261; x_wconf 75' lang='lat' dir='ltr'>parennem</span> <span class='ocrx_word' id='word_1_644' title='bbox 1242 4207 1288 4245; x_wconf 82' lang='lat' dir='ltr'>eos</span> <span class='ocrx_word' id='word_1_645' title='bbox 1305 4208 1325 4243; x_wconf 88' lang='grc' dir='ltr'><strong><em>α</em></strong></span> <span class='ocrx_word' id='word_1_646' title='bbox 1342 4191 1516 4246; x_wconf 69' lang='lat' dir='ltr'>aurasicae</span> <span class='ocrx_word' id='word_1_647' title='bbox 1534 4197 1670 4261; x_wconf 80' lang='lat' dir='ltr'>palerna,</span> <span class='ocrx_word' id='word_1_648' title='bbox 1694 4191 1747 4243; x_wconf 73' lang='lat' dir='ltr'>secl</span> <span class='ocrx_word' id='word_1_649' title='bbox 1765 4188 1890 4258; x_wconf 59' lang='lat' dir='ltr'>nepent-</span> 
     </span>
     <span class='ocr_line' id='line_1_46' title="bbox 201 4273 1891 4348; baseline -0.003 -13"><span class='ocrx_word' id='word_1_650' title='bbox 201 4277 330 4335; x_wconf 87' lang='lat' dir='ltr'>decretsl.</span> <span class='ocrx_word' id='word_1_651' title='bbox 348 4276 389 4332; x_wconf 85' lang='lat' dir='ltr'>tlt</span> <span class='ocrx_word' id='word_1_652' title='bbox 408 4282 432 4332; x_wconf 80' lang='grc'>9.</span> <span class='ocrx_word' id='word_1_653' title='bbox 452 4292 512 4346; x_wconf 89' lang='lat' dir='ltr'>cap.</span> <span class='ocrx_word' id='word_1_654' title='bbox 536 4281 574 4332; x_wconf 84' lang='lat'>10.</span> <span class='ocrx_word' id='word_1_655' title='bbox 596 4291 679 4348; x_wconf 89' lang='lat' dir='ltr'>quam</span> <span class='ocrx_word' id='word_1_656' title='bbox 698 4273 902 4329; x_wconf 88' lang='lat' dir='ltr'>distinctionem</span> <span class='ocrx_word' id='word_1_657' title='bbox 924 4273 1033 4344; x_wconf 88' lang='lat' dir='ltr'>copiose</span> <span class='ocrx_word' id='word_1_658' title='bbox 1059 4278 1109 4331; x_wconf 86' lang='lat' dir='ltr'>bus</span> <span class='ocrx_word' id='word_1_659' title='bbox 1127 4277 1210 4330; x_wconf 86' lang='lat' dir='ltr'>ctiam</span> <span class='ocrx_word' id='word_1_660' title='bbox 1228 4277 1298 4348; x_wconf 85' lang='lat' dir='ltr'>ipsis</span> <span class='ocrx_word' id='word_1_661' title='bbox 1316 4276 1458 4333; x_wconf 84' lang='lat' dir='ltr'>alimenta.</span> <span class='ocrx_word' id='word_1_662' title='bbox 1488 4276 1613 4332; x_wconf 86' lang='lat' dir='ltr'>Calixtus</span> <span class='ocrx_word' id='word_1_663' title='bbox 1632 4293 1656 4331; x_wconf 95' lang='lat' dir='ltr'>c.</span> <span class='ocrx_word' id='word_1_664' title='bbox 1675 4274 1891 4346; x_wconf 79' lang='lat' dir='ltr'>(lonjunctiones</span> 
     </span>
     <span class='ocr_line' id='line_1_47' title="bbox 200 4359 1890 4438; baseline -0.004 -16"><span class='ocrx_word' id='word_1_665' title='bbox 200 4365 322 4438; x_wconf 83' lang='lat' dir='ltr'>explicat</span> <span class='ocrx_word' id='word_1_666' title='bbox 339 4362 487 4417; x_wconf 90' lang='lat' dir='ltr'>Palaeotus</span> <span class='ocrx_word' id='word_1_667' title='bbox 514 4361 533 4416; x_wconf 94' lang='lat' dir='ltr'>l.</span> <span class='ocrx_word' id='word_1_668' title='bbox 561 4361 596 4416; x_wconf 90' lang='lat' dir='ltr'>de</span> <span class='ocrx_word' id='word_1_669' title='bbox 624 4359 716 4416; x_wconf 90' lang='lat' dir='ltr'>nothis</span> <span class='ocrx_word' id='word_1_670' title='bbox 738 4367 767 4416; x_wconf 92' lang='lat' dir='ltr'>et</span> <span class='ocrx_word' id='word_1_671' title='bbox 784 4359 885 4432; x_wconf 87' lang='lat' dir='ltr'>spuriis</span> <span class='ocrx_word' id='word_1_672' title='bbox 910 4376 971 4430; x_wconf 90' lang='lat' dir='ltr'>cap.</span> <span class='ocrx_word' id='word_1_673' title='bbox 992 4366 1032 4416; x_wconf 84' lang='grc'>18.</span> <span class='ocrx_word' id='word_1_674' title='bbox 1060 4370 1101 4420; x_wconf 86' lang='grc'>35.</span> <span class='ocrx_word' id='word_1_675' title='bbox 1122 4380 1150 4433; x_wconf 92' lang='lat' dir='ltr'>p.</span> <span class='ocrx_word' id='word_1_676' title='bbox 1171 4368 1200 4417; x_wconf 77' lang='lat'>2:</span> <span class='ocrx_word' id='word_1_677' title='bbox 1220 4364 1280 4417; x_wconf 90' lang='lat' dir='ltr'>Nos</span> <span class='ocrx_word' id='word_1_678' title='bbox 1298 4371 1441 4432; x_wconf 72' lang='lat' dir='ltr'>soqmntes</span> <span class='ocrx_word' id='word_1_679' title='bbox 1456 4371 1556 4432; x_wconf 80' lang='lat' dir='ltr'>potres</span> <span class='ocrx_word' id='word_1_680' title='bbox 1574 4371 1684 4418; x_wconf 82' lang='lat' dir='ltr'>nostros</span> <span class='ocrx_word' id='word_1_681' title='bbox 1703 4363 1828 4430; x_wconf 85' lang='lat' dir='ltr'>infamio</span> <span class='ocrx_word' id='word_1_682' title='bbox 1844 4379 1890 4416; x_wconf 90' lang='lat' dir='ltr'>eos</span> 
     </span>
     <span class='ocr_line' id='line_1_48' title="bbox 200 4446 1890 4520; baseline -0.003 -13"><span class='ocrx_word' id='word_1_683' title='bbox 200 4452 256 4508; x_wconf 80' lang='lat' dir='ltr'>sed</span> <span class='ocrx_word' id='word_1_684' title='bbox 275 4449 376 4505; x_wconf 82' lang='lat' dir='ltr'>Graeci</span> <span class='ocrx_word' id='word_1_685' title='bbox 393 4449 549 4519; x_wconf 89' lang='lat' dir='ltr'>promiscue</span> <span class='ocrx_word' id='word_1_686' title='bbox 568 4464 662 4502; x_wconf 90' lang='lat' dir='ltr'>omnes</span> <span class='ocrx_word' id='word_1_687' title='bbox 687 4446 830 4518; x_wconf 88' lang='lat' dir='ltr'>illegitime</span> <span class='ocrx_word' id='word_1_688' title='bbox 856 4451 936 4502; x_wconf 85' lang='lat' dir='ltr'>natos</span> <span class='ocrx_word' id='word_1_689' title='bbox 959 4446 1033 4501; x_wconf 85' lang='lat' dir='ltr'>dixe·</span> <span class='ocrx_word' id='word_1_690' title='bbox 1059 4457 1188 4504; x_wconf 89' lang='lat' dir='ltr'>notamus</span> <span class='ocrx_word' id='word_1_691' title='bbox 1206 4457 1232 4503; x_wconf 91' lang='lat' dir='ltr'>et</span> <span class='ocrx_word' id='word_1_692' title='bbox 1257 4448 1378 4513; x_wconf 80' lang='lat' dir='ltr'>infames</span> <span class='ocrx_word' id='word_1_693' title='bbox 1402 4466 1460 4503; x_wconf 87' lang='lat' dir='ltr'>esse</span> <span class='ocrx_word' id='word_1_694' title='bbox 1482 4468 1637 4514; x_wconf 81' lang='lat' dir='ltr'>ccmcmas,</span> <span class='ocrx_word' id='word_1_695' title='bbox 1662 4449 1729 4520; x_wconf 73' lang='lat' dir='ltr'>quia</span> <span class='ocrx_word' id='word_1_696' title='bbox 1753 4450 1890 4516; x_wconf 61' lang='lat' dir='ltr'>isefonsiae</span> 
     </span>
     <span class='ocr_line' id='line_1_49' title="bbox 200 4532 1891 4607; baseline -0.001 -14"><span class='ocrx_word' id='word_1_697' title='bbox 200 4542 266 4593; x_wconf 91' lang='lat' dir='ltr'>runt</span> <span class='ocrx_word' id='word_1_698' title='bbox 290 4533 402 4603; x_wconf 70' lang='grc' dir='ltr'><strong><em>νόθους,</em></strong></span> <span class='ocrx_word' id='word_1_699' title='bbox 426 4551 495 4607; x_wconf 87' lang='lat' dir='ltr'>quos</span> <span class='ocrx_word' id='word_1_700' title='bbox 520 4533 680 4589; x_wconf 89' lang='lat' dir='ltr'>scholiastes</span> <span class='ocrx_word' id='word_1_701' title='bbox 701 4533 729 4587; x_wconf 91' lang='lat' dir='ltr'>in</span> <span class='ocrx_word' id='word_1_702' title='bbox 750 4540 774 4592; x_wconf 84' lang='lat'>2.</span> <span class='ocrx_word' id='word_1_703' title='bbox 799 4533 877 4587; x_wconf 89' lang='lat' dir='ltr'>Iliad.</span> <span class='ocrx_word' id='word_1_704' title='bbox 895 4532 975 4589; x_wconf 87' lang='lat' dir='ltr'>Hom</span> <span class='ocrx_word' id='word_1_705' title='bbox 995 4534 1034 4587; x_wconf 91' lang='lat' dir='ltr'>sic</span> <span class='ocrx_word' id='word_1_706' title='bbox 1061 4536 1181 4590; x_wconf 74' lang='lat' dir='ltr'>mandis</span> <span class='ocrx_word' id='word_1_707' title='bbox 1200 4542 1265 4588; x_wconf 82' lang='lat' dir='ltr'>sunt</span> <span class='ocrx_word' id='word_1_708' title='bbox 1284 4536 1443 4607; x_wconf 81' lang='lat' dir='ltr'>conspersi,</span> <span class='ocrx_word' id='word_1_709' title='bbox 1470 4545 1496 4590; x_wconf 88' lang='lat' dir='ltr'>et</span> <span class='ocrx_word' id='word_1_710' title='bbox 1514 4538 1647 4607; x_wconf 71' lang='lat' dir='ltr'>quoniam</span> <span class='ocrx_word' id='word_1_711' title='bbox 1671 4553 1717 4590; x_wconf 87' lang='lat' dir='ltr'>eos</span> <span class='ocrx_word' id='word_1_712' title='bbox 1736 4536 1780 4590; x_wconf 84' lang='lat' dir='ltr'>vel</span> <span class='ocrx_word' id='word_1_713' title='bbox 1799 4536 1891 4605; x_wconf 76' lang='lat' dir='ltr'>desip-</span> 
     </span>
     <span class='ocr_line' id='line_1_50' title="bbox 201 4620 1892 4695; baseline -0.003 -15"><span class='ocrx_word' id='word_1_714' title='bbox 201 4623 341 4691; x_wconf 79' lang='lat' dir='ltr'>descrlbit,</span> <span class='ocrx_word' id='word_1_715' title='bbox 359 4621 433 4694; x_wconf 90' lang='lat' dir='ltr'>quod</span> <span class='ocrx_word' id='word_1_716' title='bbox 452 4622 508 4677; x_wconf 91' lang='lat' dir='ltr'>sint</span> <span class='ocrx_word' id='word_1_717' title='bbox 525 4623 553 4676; x_wconf 85' lang='lat' dir='ltr'>ol</span> <span class='ocrx_word' id='word_1_718' title='bbox 565 4621 604 4695; x_wconf 78' lang='grc' dir='ltr'>μὴ</span> <span class='ocrx_word' id='word_1_719' title='bbox 618 4621 778 4695; x_wconf 65' lang='lat' dir='ltr'>inceptans</span> <span class='ocrx_word' id='word_1_720' title='bbox 794 4620 925 4691; x_wconf 73' lang='grc' dir='ltr'>γυναικὸς</span> <span class='ocrx_word' id='word_1_721' title='bbox 941 4640 1036 4692; x_wconf 73' lang='lat' dir='ltr'>ysera-</span> <span class='ocrx_word' id='word_1_722' title='bbox 1061 4639 1131 4677; x_wconf 86' lang='lat' dir='ltr'>nare</span> <span class='ocrx_word' id='word_1_723' title='bbox 1147 4625 1291 4688; x_wconf 67' lang='lat' dir='ltr'>fisneetum</span> <span class='ocrx_word' id='word_1_724' title='bbox 1310 4628 1356 4676; x_wconf 86' lang='lat' dir='ltr'>cst.</span> <span class='ocrx_word' id='word_1_725' title='bbox 1393 4626 1417 4676; x_wconf 75' lang='lat'>4.</span> <span class='ocrx_word' id='word_1_726' title='bbox 1442 4622 1498 4686; x_wconf 84' lang='lat' dir='ltr'>Qui</span> <span class='ocrx_word' id='word_1_727' title='bbox 1518 4625 1590 4678; x_wconf 83' lang='lat' dir='ltr'>siret</span> <span class='ocrx_word' id='word_1_728' title='bbox 1614 4624 1644 4677; x_wconf 89' lang='lat' dir='ltr'>in</span> <span class='ocrx_word' id='word_1_729' title='bbox 1667 4623 1757 4676; x_wconf 85' lang='lat' dir='ltr'>ramis</span> <span class='ocrx_word' id='word_1_730' title='bbox 1781 4624 1856 4677; x_wconf 67' lang='lat' dir='ltr'>ueni</span> <span class='ocrx_word' id='word_1_731' title='bbox 1873 4639 1892 4675; x_wconf 86' lang='lat' dir='ltr'>a</span> 
     </span>
     <span class='ocr_line' id='line_1_51' title="bbox 201 4707 1893 4780; baseline -0.002 -14"><span class='ocrx_word' id='word_1_732' title='bbox 201 4713 304 4780; x_wconf 68' lang='grc' dir='ltr'>θέντες,</span> <span class='ocrx_word' id='word_1_733' title='bbox 318 4709 374 4765; x_wconf 74' lang='grc' dir='ltr'>ἀλλ’</span> <span class='ocrx_word' id='word_1_734' title='bbox 391 4711 420 4764; x_wconf 77' lang='grc' dir='ltr'>ἐκ</span> <span class='ocrx_word' id='word_1_735' title='bbox 433 4710 611 4770; x_wconf 77' lang='grc' dir='ltr'><strong><em>παλλακίδος.</em></strong></span> <span class='ocrx_word' id='word_1_736' title='bbox 634 4708 744 4765; x_wconf 83' lang='lat' dir='ltr'>Coelius</span> <span class='ocrx_word' id='word_1_737' title='bbox 753 4707 927 4780; x_wconf 88' lang='lat' dir='ltr'>Rbodlglnus</span> <span class='ocrx_word' id='word_1_738' title='bbox 935 4707 983 4762; x_wconf 92' lang='lat' dir='ltr'>lib.</span> <span class='ocrx_word' id='word_1_739' title='bbox 999 4715 1037 4764; x_wconf 85' lang='grc'>15.</span> <span class='ocrx_word' id='word_1_740' title='bbox 1061 4708 1209 4764; x_wconf 81' lang='lat' dir='ltr'>radicibus</span> <span class='ocrx_word' id='word_1_741' title='bbox 1228 4709 1335 4773; x_wconf 80' lang='lat' dir='ltr'>humor,</span> <span class='ocrx_word' id='word_1_742' title='bbox 1371 4710 1411 4762; x_wconf 82' lang='lat' dir='ltr'>Et</span> <span class='ocrx_word' id='word_1_743' title='bbox 1426 4717 1543 4779; x_wconf 82' lang='lat' dir='ltr'>petram</span> <span class='ocrx_word' id='word_1_744' title='bbox 1561 4711 1591 4763; x_wconf 92' lang='lat' dir='ltr'>in</span> <span class='ocrx_word' id='word_1_745' title='bbox 1609 4718 1692 4765; x_wconf 87' lang='lat' dir='ltr'>natos</span> <span class='ocrx_word' id='word_1_746' title='bbox 1712 4710 1813 4764; x_wconf 83' lang='lat' dir='ltr'>obeunt</span> <span class='ocrx_word' id='word_1_747' title='bbox 1831 4727 1893 4763; x_wconf 88' lang='lat' dir='ltr'>cum</span> 
     </span>
     <span class='ocr_line' id='line_1_52' title="bbox 202 4794 1893 4871; baseline -0.003 -18"><span class='ocrx_word' id='word_1_748' title='bbox 202 4798 264 4856; x_wconf 89' lang='lat' dir='ltr'>lect.</span> <span class='ocrx_word' id='word_1_749' title='bbox 283 4798 368 4871; x_wconf 86' lang='lat' dir='ltr'>antiq.</span> <span class='ocrx_word' id='word_1_750' title='bbox 388 4813 450 4869; x_wconf 86' lang='lat' dir='ltr'>cap.</span> <span class='ocrx_word' id='word_1_751' title='bbox 470 4803 510 4853; x_wconf 80' lang='lat'>24.</span> <span class='ocrx_word' id='word_1_752' title='bbox 535 4797 627 4861; x_wconf 84' lang='lat' dir='ltr'>refert,</span> <span class='ocrx_word' id='word_1_753' title='bbox 653 4795 764 4851; x_wconf 90' lang='lat' dir='ltr'>eosdem</span> <span class='ocrx_word' id='word_1_754' title='bbox 795 4811 895 4850; x_wconf 83' lang='lat' dir='ltr'>vocare</span> <span class='ocrx_word' id='word_1_755' title='bbox 928 4795 1037 4865; x_wconf 82' lang='lat' dir='ltr'>scotice,</span> <span class='ocrx_word' id='word_1_756' title='bbox 1061 4796 1163 4850; x_wconf 86' lang='lat' dir='ltr'>semine</span> <span class='ocrx_word' id='word_1_757' title='bbox 1192 4811 1289 4859; x_wconf 78' lang='lat' dir='ltr'>mores,</span> <span class='ocrx_word' id='word_1_758' title='bbox 1314 4794 1354 4848; x_wconf 87' lang='lat' dir='ltr'>eit</span> <span class='ocrx_word' id='word_1_759' title='bbox 1378 4795 1507 4865; x_wconf 86' lang='lat' dir='ltr'>Baptista</span> <span class='ocrx_word' id='word_1_760' title='bbox 1527 4796 1614 4852; x_wconf 82' lang='lat' dir='ltr'>blant.</span> <span class='ocrx_word' id='word_1_761' title='bbox 1659 4796 1701 4851; x_wconf 86' lang='lat' dir='ltr'>Ex</span> <span class='ocrx_word' id='word_1_762' title='bbox 1725 4803 1787 4852; x_wconf 91' lang='lat' dir='ltr'>ortu</span> <span class='ocrx_word' id='word_1_763' title='bbox 1818 4794 1893 4865; x_wconf 90' lang='lat' dir='ltr'>turpi</span> 
     </span>
     <span class='ocr_line' id='line_1_53' title="bbox 202 4880 1893 4955; baseline -0.003 -14"><span class='ocrx_word' id='word_1_764' title='bbox 202 4885 287 4941; x_wconf 90' lang='lat' dir='ltr'>idest</span> <span class='ocrx_word' id='word_1_765' title='bbox 307 4883 479 4939; x_wconf 85' lang='lat' dir='ltr'>clandestino</span> <span class='ocrx_word' id='word_1_766' title='bbox 497 4882 647 4938; x_wconf 88' lang='lat' dir='ltr'>concubitu</span> <span class='ocrx_word' id='word_1_767' title='bbox 665 4888 759 4952; x_wconf 88' lang='lat' dir='ltr'>natos,</span> <span class='ocrx_word' id='word_1_768' title='bbox 789 4882 865 4953; x_wconf 86' lang='lat' dir='ltr'>apud</span> <span class='ocrx_word' id='word_1_769' title='bbox 885 4880 1036 4937; x_wconf 88' lang='lat' dir='ltr'>Homerum</span> <span class='ocrx_word' id='word_1_770' title='bbox 1062 4880 1205 4954; x_wconf 80' lang='lat' dir='ltr'>depravati</span> <span class='ocrx_word' id='word_1_771' title='bbox 1229 4887 1383 4936; x_wconf 86' lang='lat' dir='ltr'>nascuntur</span> <span class='ocrx_word' id='word_1_772' title='bbox 1407 4882 1499 4938; x_wconf 86' lang='lat' dir='ltr'>animi.</span> <span class='ocrx_word' id='word_1_773' title='bbox 1541 4885 1573 4938; x_wconf 94' lang='lat' dir='ltr'>In</span> <span class='ocrx_word' id='word_1_774' title='bbox 1598 4884 1692 4939; x_wconf 90' lang='lat' dir='ltr'>liberis</span> <span class='ocrx_word' id='word_1_775' title='bbox 1717 4890 1745 4939; x_wconf 91' lang='lat' dir='ltr'>et</span> <span class='ocrx_word' id='word_1_776' title='bbox 1775 4881 1893 4955; x_wconf 84' lang='lat' dir='ltr'>posteris</span> 
     </span>
     <span class='ocr_line' id='line_1_54' title="bbox 197 4966 1892 5043; baseline -0.001 -17"><span class='ocrx_word' id='word_1_777' title='bbox 197 4971 374 5042; x_wconf 80' lang='lat' dir='ltr'>parthenios,</span> <span class='ocrx_word' id='word_1_778' title='bbox 391 4969 439 5043; x_wconf 91' lang='lat' dir='ltr'>qui</span> <span class='ocrx_word' id='word_1_779' title='bbox 458 4987 492 5025; x_wconf 87' lang='lat' dir='ltr'>ee</span> <span class='ocrx_word' id='word_1_780' title='bbox 509 4970 646 5041; x_wconf 90' lang='lat' dir='ltr'>producti,</span> <span class='ocrx_word' id='word_1_781' title='bbox 665 4986 817 5041; x_wconf 86' lang='lat' dir='ltr'>quaecum</span> <span class='ocrx_word' id='word_1_782' title='bbox 835 4966 959 5036; x_wconf 80' lang='lat' dir='ltr'>nuberet,</span> <span class='ocrx_word' id='word_1_783' title='bbox 978 4985 1035 5024; x_wconf 89' lang='lat' dir='ltr'>cre·</span> <span class='ocrx_word' id='word_1_784' title='bbox 1061 4969 1187 5039; x_wconf 88' lang='lat' dir='ltr'>exempla</span> <span class='ocrx_word' id='word_1_785' title='bbox 1202 4966 1312 5038; x_wconf 90' lang='lat' dir='ltr'>paterni</span> <span class='ocrx_word' id='word_1_786' title='bbox 1332 4968 1454 5023; x_wconf 87' lang='lat' dir='ltr'>criminis</span> <span class='ocrx_word' id='word_1_787' title='bbox 1473 4975 1640 5026; x_wconf 90' lang='lat' dir='ltr'>metuuntur.</span> <span class='ocrx_word' id='word_1_788' title='bbox 1678 4970 1742 5040; x_wconf 92' lang='lat' dir='ltr'>Sap.</span> <span class='ocrx_word' id='word_1_789' title='bbox 1762 4975 1786 5037; x_wconf 83' lang='lat'>3,</span> <span class='ocrx_word' id='word_1_790' title='bbox 1806 4987 1832 5024; x_wconf 86' lang='lat' dir='ltr'>v.</span> <span class='ocrx_word' id='word_1_791' title='bbox 1853 4975 1892 5026; x_wconf 86' lang='grc'>16.</span> 
     </span>
     <span class='ocr_line' id='line_1_55' title="bbox 202 5053 1893 5131; baseline -0.003 -18"><span class='ocrx_word' id='word_1_792' title='bbox 202 5059 261 5114; x_wconf 77' lang='lat' dir='ltr'>dila</span> <span class='ocrx_word' id='word_1_793' title='bbox 288 5058 324 5112; x_wconf 76' lang='lat' dir='ltr'>sit</span> <span class='ocrx_word' id='word_1_794' title='bbox 350 5057 436 5128; x_wconf 81' lang='lat' dir='ltr'>virgo.</span> <span class='ocrx_word' id='word_1_795' title='bbox 482 5056 600 5122; x_wconf 80' lang='lat' dir='ltr'>Quidum</span> <span class='ocrx_word' id='word_1_796' title='bbox 628 5062 691 5112; x_wconf 83' lang='lat' dir='ltr'>octo</span> <span class='ocrx_word' id='word_1_797' title='bbox 723 5060 887 5113; x_wconf 77' lang='lat' dir='ltr'>enumerant</span> <span class='ocrx_word' id='word_1_798' title='bbox 919 5055 1035 5126; x_wconf 76' lang='lat' dir='ltr'>speclea,</span> <span class='ocrx_word' id='word_1_799' title='bbox 1064 5058 1154 5110; x_wconf 76' lang='grc' dir='ltr'><strong><em>Τέκνα</em></strong></span> <span class='ocrx_word' id='word_1_800' title='bbox 1183 5056 1292 5125; x_wconf 77' lang='grc' dir='ltr'><em>μοιχῶν</em></span> <span class='ocrx_word' id='word_1_801' title='bbox 1326 5053 1455 5110; x_wconf 75' lang='grc' dir='ltr'>ἀτέλεστα</span> <span class='ocrx_word' id='word_1_802' title='bbox 1492 5056 1568 5111; x_wconf 74' lang='grc' dir='ltr'><strong><em>ἔσται</em></strong></span> <span class='ocrx_word' id='word_1_803' title='bbox 1596 5061 1640 5111; x_wconf 76' lang='lat' dir='ltr'>nul</span> <span class='ocrx_word' id='word_1_804' title='bbox 1673 5058 1703 5110; x_wconf 74' lang='lat' dir='ltr'>is</span> <span class='ocrx_word' id='word_1_805' title='bbox 1727 5054 1893 5131; x_wconf 77' lang='grc' dir='ltr'><strong><em>παρανόμου</em></strong></span> 
     </span>
     <span class='ocr_line' id='line_1_56' title="bbox 202 5138 1894 5217; baseline -0.002 -18"><span class='ocrx_word' id='word_1_806' title='bbox 202 5161 273 5217; x_wconf 80' lang='lat' dir='ltr'>quae</span> <span class='ocrx_word' id='word_1_807' title='bbox 293 5151 370 5199; x_wconf 86' lang='lat' dir='ltr'>eunt:</span> <span class='ocrx_word' id='word_1_808' title='bbox 397 5144 491 5214; x_wconf 63' lang='lat' dir='ltr'>synerii</span> <span class='ocrx_word' id='word_1_809' title='bbox 508 5143 617 5199; x_wconf 79' lang='lat' dir='ltr'>incerte</span> <span class='ocrx_word' id='word_1_810' title='bbox 637 5148 718 5214; x_wconf 81' lang='lat' dir='ltr'>patre</span> <span class='ocrx_word' id='word_1_811' title='bbox 735 5147 785 5198; x_wconf 83' lang='lat' dir='ltr'>aut</span> <span class='ocrx_word' id='word_1_812' title='bbox 802 5147 890 5197; x_wconf 82' lang='lat' dir='ltr'>matre</span> <span class='ocrx_word' id='word_1_813' title='bbox 907 5141 970 5212; x_wconf 82' lang='lat' dir='ltr'>orti,</span> <span class='ocrx_word' id='word_1_814' title='bbox 994 5142 1034 5196; x_wconf 88' lang='lat' dir='ltr'>ni·</span> <span class='ocrx_word' id='word_1_815' title='bbox 1060 5146 1151 5209; x_wconf 76' lang='grc' dir='ltr'><em>κοίτης</em></span> <span class='ocrx_word' id='word_1_816' title='bbox 1166 5144 1277 5215; x_wconf 73' lang='grc' dir='ltr'><strong><em>σπέρμα</em></strong></span> <span class='ocrx_word' id='word_1_817' title='bbox 1296 5138 1526 5215; x_wconf 70' lang='grc' dir='ltr'><strong><em>ἀφανισθήσεται.</em></strong></span> <span class='ocrx_word' id='word_1_818' title='bbox 1542 5161 1565 5197; x_wconf 83' lang='lat' dir='ltr'>v.</span> <span class='ocrx_word' id='word_1_819' title='bbox 1593 5148 1632 5199; x_wconf 87' lang='lat' dir='ltr'>l&#39;l.</span> <span class='ocrx_word' id='word_1_820' title='bbox 1652 5141 1700 5196; x_wconf 76' lang='lat' dir='ltr'>isis</span> <span class='ocrx_word' id='word_1_821' title='bbox 1717 5164 1745 5199; x_wconf 78' lang='lat' dir='ltr'>rs</span> <span class='ocrx_word' id='word_1_822' title='bbox 1763 5142 1818 5215; x_wconf 76' lang='grc' dir='ltr'>γὰρ</span> <span class='ocrx_word' id='word_1_823' title='bbox 1837 5163 1894 5215; x_wconf 78' lang='grc' dir='ltr'>μα-</span> 
     </span>
     <span class='ocr_line' id='line_1_57' title="bbox 200 5227 1895 5300; baseline -0.001 -17"><span class='ocrx_word' id='word_1_824' title='bbox 200 5229 242 5283; x_wconf 90' lang='lat' dir='ltr'>bil</span> <span class='ocrx_word' id='word_1_825' title='bbox 265 5230 317 5283; x_wconf 88' lang='lat' dir='ltr'>nisi</span> <span class='ocrx_word' id='word_1_826' title='bbox 349 5246 441 5286; x_wconf 80' lang='lat' dir='ltr'>semen</span> <span class='ocrx_word' id='word_1_827' title='bbox 470 5229 506 5284; x_wconf 85' lang='lat' dir='ltr'>ab</span> <span class='ocrx_word' id='word_1_828' title='bbox 534 5229 567 5282; x_wconf 85' lang='lat' dir='ltr'>iis</span> <span class='ocrx_word' id='word_1_829' title='bbox 591 5228 735 5299; x_wconf 82' lang='lat' dir='ltr'>habentes,</span> <span class='ocrx_word' id='word_1_830' title='bbox 756 5227 813 5283; x_wconf 75' lang='grc' dir='ltr'>ἀπὸ</span> <span class='ocrx_word' id='word_1_831' title='bbox 835 5229 1035 5300; x_wconf 66' lang='lat' dir='ltr'>roboratque,</span> <span class='ocrx_word' id='word_1_832' title='bbox 1061 5227 1166 5299; x_wconf 61' lang='lat' dir='ltr'>soiitos</span> <span class='ocrx_word' id='word_1_833' title='bbox 1185 5230 1327 5297; x_wconf 73' lang='grc' dir='ltr'><em>γένωνται,</em></span> <span class='ocrx_word' id='word_1_834' title='bbox 1347 5232 1385 5290; x_wconf 74' lang='lat' dir='ltr'>alc</span> <span class='ocrx_word' id='word_1_835' title='bbox 1403 5227 1486 5284; x_wconf 73' lang='lat' dir='ltr'>otidis</span> <span class='ocrx_word' id='word_1_836' title='bbox 1500 5228 1712 5300; x_wconf 70' lang='lat' dir='ltr'>loysobsloovrm</span> <span class='ocrx_word' id='word_1_837' title='bbox 1730 5233 1776 5284; x_wconf 78' lang='grc' dir='ltr'>καὶ</span> <span class='ocrx_word' id='word_1_838' title='bbox 1794 5227 1895 5298; x_wconf 74' lang='grc' dir='ltr'><strong><em>ἄτιμον</em></strong></span> 
     </span>
     <span class='ocr_line' id='line_1_58' title="bbox 202 5311 1895 5391; baseline 0 -23"><span class='ocrx_word' id='word_1_839' title='bbox 202 5314 247 5370; x_wconf 81' lang='lat' dir='ltr'>vel</span> <span class='ocrx_word' id='word_1_840' title='bbox 265 5315 345 5386; x_wconf 86' lang='lat' dir='ltr'>quasi</span> <span class='ocrx_word' id='word_1_841' title='bbox 370 5313 516 5391; x_wconf 75' lang='grc' dir='ltr'>σποράδην</span> <span class='ocrx_word' id='word_1_842' title='bbox 541 5315 669 5385; x_wconf 81' lang='lat' dir='ltr'>concepti</span> <span class='ocrx_word' id='word_1_843' title='bbox 695 5315 741 5370; x_wconf 83' lang='lat' dir='ltr'>vel</span> <span class='ocrx_word' id='word_1_844' title='bbox 761 5313 840 5386; x_wconf 85' lang='lat' dir='ltr'>quasi</span> <span class='ocrx_word' id='word_1_845' title='bbox 864 5314 923 5370; x_wconf 88' lang='lat' dir='ltr'>sine</span> <span class='ocrx_word' id='word_1_846' title='bbox 941 5319 1034 5384; x_wconf 82' lang='lat' dir='ltr'>patre3</span> <span class='ocrx_word' id='word_1_847' title='bbox 1060 5315 1092 5368; x_wconf 72' lang='lat' dir='ltr'>in</span> <span class='ocrx_word' id='word_1_848' title='bbox 1112 5312 1235 5384; x_wconf 69' lang='grc' dir='ltr'><em>ἐσχάτων</em></span> <span class='ocrx_word' id='word_1_849' title='bbox 1253 5311 1285 5369; x_wconf 76' lang='grc' dir='ltr'>τὸ</span> <span class='ocrx_word' id='word_1_850' title='bbox 1305 5317 1391 5390; x_wconf 73' lang='grc' dir='ltr'><strong><em>γῆρας</em></strong></span> <span class='ocrx_word' id='word_1_851' title='bbox 1410 5315 1506 5371; x_wconf 74' lang='grc' dir='ltr'><strong><em>αὐτῶν.</em></strong></span> <span class='ocrx_word' id='word_1_852' title='bbox 1530 5332 1592 5386; x_wconf 84' lang='lat' dir='ltr'>cap.</span> <span class='ocrx_word' id='word_1_853' title='bbox 1612 5322 1641 5381; x_wconf 80' lang='lat' dir='ltr'>l,</span> <span class='ocrx_word' id='word_1_854' title='bbox 1659 5335 1685 5372; x_wconf 85' lang='lat' dir='ltr'>v.</span> <span class='ocrx_word' id='word_1_855' title='bbox 1703 5322 1727 5371; x_wconf 88' lang='lat'>3.</span> <span class='ocrx_word' id='word_1_856' title='bbox 1751 5319 1780 5370; x_wconf 76' lang='lat' dir='ltr'>is</span> <span class='ocrx_word' id='word_1_857' title='bbox 1802 5315 1895 5371; x_wconf 76' lang='grc' dir='ltr'>νόθων</span> 
     </span>
     <span class='ocr_line' id='line_1_59' title="bbox 201 5392 1895 5477; baseline -0.001 -22"><span class='ocrx_word' id='word_1_858' title='bbox 201 5401 284 5471; x_wconf 74' lang='lat' dir='ltr'>uolgo</span> <span class='ocrx_word' id='word_1_859' title='bbox 304 5403 437 5471; x_wconf 82' lang='lat' dir='ltr'>concepti,</span> <span class='ocrx_word' id='word_1_860' title='bbox 458 5401 505 5473; x_wconf 90' lang='lat' dir='ltr'>qui</span> <span class='ocrx_word' id='word_1_861' title='bbox 518 5407 625 5472; x_wconf 87' lang='lat' dir='ltr'>patrem</span> <span class='ocrx_word' id='word_1_862' title='bbox 640 5401 751 5473; x_wconf 88' lang='lat' dir='ltr'>quidem</span> <span class='ocrx_word' id='word_1_863' title='bbox 766 5405 877 5470; x_wconf 88' lang='lat' dir='ltr'>norunt,</span> <span class='ocrx_word' id='word_1_864' title='bbox 895 5401 945 5456; x_wconf 91' lang='lat' dir='ltr'>sed</span> <span class='ocrx_word' id='word_1_865' title='bbox 961 5417 1033 5468; x_wconf 86' lang='lat' dir='ltr'>eum,</span> <span class='ocrx_word' id='word_1_866' title='bbox 1046 5392 1263 5474; x_wconf 78' lang='grc' dir='ltr'>’μοσχευμάιαν</span> <span class='ocrx_word' id='word_1_867' title='bbox 1279 5400 1312 5456; x_wconf 80' lang='grc' dir='ltr'>οὐ</span> <span class='ocrx_word' id='word_1_868' title='bbox 1332 5400 1413 5457; x_wconf 78' lang='grc' dir='ltr'><em>δώσει</em></span> <span class='ocrx_word' id='word_1_869' title='bbox 1432 5405 1509 5477; x_wconf 75' lang='grc' dir='ltr'><strong><em>ῥίζαν</em></strong></span> <span class='ocrx_word' id='word_1_870' title='bbox 1527 5404 1566 5463; x_wconf 75' lang='grc' dir='ltr'>εἰς</span> <span class='ocrx_word' id='word_1_871' title='bbox 1581 5401 1676 5472; x_wconf 67' lang='grc' dir='ltr'><em>βάθος,</em></span> <span class='ocrx_word' id='word_1_872' title='bbox 1697 5401 1761 5457; x_wconf 73' lang='grc' dir='ltr'>οὐδὲ</span> <span class='ocrx_word' id='word_1_873' title='bbox 1781 5402 1895 5475; x_wconf 72' lang='grc' dir='ltr'><strong><em>ἀσφαλῆ</em></strong></span> 
     </span>
     <span class='ocr_line' id='line_1_60' title="bbox 202 5485 1895 5563; baseline 0.001 -21"><span class='ocrx_word' id='word_1_874' title='bbox 202 5503 285 5561; x_wconf 87' lang='lat' dir='ltr'>quem</span> <span class='ocrx_word' id='word_1_875' title='bbox 302 5485 406 5544; x_wconf 88' lang='lat' dir='ltr'>habere</span> <span class='ocrx_word' id='word_1_876' title='bbox 423 5505 478 5544; x_wconf 93' lang='lat' dir='ltr'>non</span> <span class='ocrx_word' id='word_1_877' title='bbox 495 5488 574 5559; x_wconf 88' lang='lat' dir='ltr'>licet,</span> <span class='ocrx_word' id='word_1_878' title='bbox 596 5494 645 5543; x_wconf 86' lang='lat' dir='ltr'>aut</span> <span class='ocrx_word' id='word_1_879' title='bbox 669 5505 785 5560; x_wconf 88' lang='lat' dir='ltr'>quornm</span> <span class='ocrx_word' id='word_1_880' title='bbox 811 5494 899 5544; x_wconf 85' lang='lat' dir='ltr'>mater</span> <span class='ocrx_word' id='word_1_881' title='bbox 923 5485 1034 5559; x_wconf 88' lang='lat' dir='ltr'>publice</span> <span class='ocrx_word' id='word_1_882' title='bbox 1058 5486 1141 5556; x_wconf 73' lang='grc' dir='ltr'>βάσιν</span> <span class='ocrx_word' id='word_1_883' title='bbox 1157 5487 1274 5563; x_wconf 71' lang='lat' dir='ltr'>tipicis.</span> <span class='ocrx_word' id='word_1_884' title='bbox 1305 5488 1386 5554; x_wconf 84' lang='lat' dir='ltr'>Quod</span> <span class='ocrx_word' id='word_1_885' title='bbox 1398 5494 1492 5545; x_wconf 66' lang='lat' dir='ltr'>umen</span> <span class='ocrx_word' id='word_1_886' title='bbox 1509 5504 1572 5543; x_wconf 93' lang='lat' dir='ltr'>cum</span> <span class='ocrx_word' id='word_1_887' title='bbox 1591 5488 1712 5561; x_wconf 84' lang='lat' dir='ltr'>quadum</span> <span class='ocrx_word' id='word_1_888' title='bbox 1730 5488 1895 5545; x_wconf 88' lang='lat' dir='ltr'>limitatione</span> 
     </span>
     <span class='ocr_line' id='line_1_61' title="bbox 139 5572 1894 5656; baseline 0 -25"><span class='ocrx_word' id='word_1_889' title='bbox 139 5648 144 5656; x_wconf 34' lang='grc'><strong>,</strong></span> <span class='ocrx_word' id='word_1_890' title='bbox 202 5579 348 5649; x_wconf 82' lang='lat' dir='ltr'>quaestum</span> <span class='ocrx_word' id='word_1_891' title='bbox 373 5589 430 5630; x_wconf 90' lang='lat' dir='ltr'>non</span> <span class='ocrx_word' id='word_1_892' title='bbox 458 5574 542 5640; x_wconf 84' lang='lat' dir='ltr'>iacit,</span> <span class='ocrx_word' id='word_1_893' title='bbox 569 5574 619 5630; x_wconf 90' lang='lat' dir='ltr'>sed</span> <span class='ocrx_word' id='word_1_894' title='bbox 650 5573 723 5632; x_wconf 87' lang='lat' dir='ltr'>clam</span> <span class='ocrx_word' id='word_1_895' title='bbox 750 5574 833 5645; x_wconf 89' lang='lat' dir='ltr'>domi,</span> <span class='ocrx_word' id='word_1_896' title='bbox 859 5590 894 5631; x_wconf 89' lang='lat' dir='ltr'>ac</span> <span class='ocrx_word' id='word_1_897' title='bbox 917 5572 1034 5647; x_wconf 90' lang='lat' dir='ltr'>proinde</span> <span class='ocrx_word' id='word_1_898' title='bbox 1058 5572 1286 5648; x_wconf 84' lang='lat' dir='ltr'>intelligendum,</span> <span class='ocrx_word' id='word_1_899' title='bbox 1318 5580 1351 5632; x_wconf 91' lang='lat' dir='ltr'>ut</span> <span class='ocrx_word' id='word_1_900' title='bbox 1383 5573 1553 5632; x_wconf 81' lang='lat' dir='ltr'>ostandimus</span> <span class='ocrx_word' id='word_1_901' title='bbox 1579 5574 1608 5631; x_wconf 91' lang='lat' dir='ltr'>ln</span> <span class='ocrx_word' id='word_1_902' title='bbox 1639 5578 1722 5636; x_wconf 86' lang='lat' dir='ltr'>tract.</span> <span class='ocrx_word' id='word_1_903' title='bbox 1749 5575 1785 5632; x_wconf 89' lang='lat' dir='ltr'>dc</span> <span class='ocrx_word' id='word_1_904' title='bbox 1816 5575 1894 5648; x_wconf 83' lang='lat' dir='ltr'>bapt.</span> 
     </span>
    </p>
   </div>
   <div class='ocr_carea' id='block_1_3' title="bbox 0 0 2030 6004">
    <p class='ocr_par' dir='ltr' id='par_1_3' title="bbox 0 0 2030 6004">
     <span class='ocr_line' id='line_1_62' title="bbox 0 0 2030 6004; baseline 0 0"><span class='ocrx_word' id='word_1_905' title='bbox 0 0 2030 6004; x_wconf 95' lang='lat' dir='ltr'> </span> 
     </span>
    </p>
   </div>
  </div>
 </body>
</html>
