4020 6014
653 275 703 329 DE
723 274 969 332 MAGISTBA'I'U
987 275 1174 336 POLlTICO.
1688 288 1748 345 439
1820 296 1821 304 ’

64 445 123 478 non
152 427 326 496 obrepserat
355 429 426 480 nihil
453 430 557 497 miuus,
587 433 709 484 noudum
735 433 805 486 caim
832 438 895 483 tunc
908 427 911 520 1
925 429 960 502 tis
979 429 1144 501 supplicium
1160 433 1307 487 extendere
1322 433 1409 503 possit
1426 434 1461 488 ob
1481 451 1560 488 usum
1577 434 1663 505 gladii
1682 433 1749 487 diri-

64 521 175 582 tempus
188 521 248 565 erat
265 514 425 581 obrependi
435 516 505 594 istas
525 518 607 583 loges.
640 518 771 571 Fereada
782 515 996 592 facraatlnitns
1016 517 1069 571 sibi
1087 534 1255 572 concessum.

66 600 156 651 msclta
181 608 206 652 et
230 599 317 652 multa
339 602 421 663 facta
447 609 512 655 sunt
531 604 655 657 Domino
673 605 745 657 ¹lesu
765 605 794 656 irs
814 599 911 675 terri-sl
956 607 1014 657 308.
1049 603 1090 655 Ex
1102 602 1164 671 illis,
1184 620 1255 674 quae
1274 603 1309 658 ds
1328 603 1491 674 capitalibus
1512 604 1655 675 suppliciis
1674 606 1750 659 dicta
1763 603 1888 643 9⁰¹¹⁸¹⁰⁸²⁸

67 688 201 753 deperite,
224 701 294 754 quae
313 704 386 738 nurse
406 688 484 740 uallo
503 691 586 743 modo
599 690 669 758 fieri
682 699 799 759 possunt
815 690 897 756 salua
908 700 911 767 ξ
922 693 999 750 sunt,
1017 688 1172 759 colligimus
1189 688 1256 742 haec
1274 695 1446 760 πορίσμαται
1472 696 1494 742 1.
1513 690 1593 752 illos,
1610 706 1663 759 per
1681 708 1748 759 quos
1762 652 1874 745 peccusrpp-

66 774 245 826 conscientia.
284 773 422 834 Quantum
447 781 538 828 tamea
558 777 619 844 ejus
632 776 702 844 fieri
714 777 815 846 potuit,
828 774 1105 845 pro-{mapistratas
1131 775 1274 843 supplicia
1303 776 1426 842 irrogat,
1451 793 1500 829 uec
1526 776 1649 839 iufamia
1670 777 1749 845 juris
1763 757 1855 848 l‘ss‘ffi'

66 860 175 911 curavit
203 860 343 911 Dominus
364 860 465 921 Jesus,
494 878 527 914 ae
551 862 607 914 ista
633 865 745 930 fiarent,
769 863 801 914 id
822 860 1067 929 quodlaborare,
1092 877 1142 914 msc
1172 877 1187 914 e
1210 870 1287 915 coma
1312 861 1534 914 Christianorum
1563 862 1877 951 excludendosffnmffifl:

65 947 196 998 sabbathi
214 946 338 1014 eaemplo
357 946 491 1003 declarat.
530 946 752 1016 Respondemus:
772 947 897 1002 Christus
924 963 989 999 eece.
1027 945 1131 1010 Quodsi
1150 946 1222 1001 enim
1246 949 1424 1019 magistratus
1448 946 1501 1002 Dei
1519 947 1642 1002 minister
1662 955 1705 1002 eet
1723 924 1884 1003 mursensis.

63 1033 185 1100 jamtum
215 1038 395 1100 proposuerat
420 1031 509 1102 legem
536 1033 659 1086 caritatis
685 1034 720 1087 de
751 1033 897 1087 dilectione
922 1030 982 1085 Deo
1003 1031 1182 1088 ministerium
1200 1033 1312 1087 exhibet
1329 1033 1479 1087 vindictam
1494 1033 1626 1088 adversus
1646 1034 1749 1089 facino-

67 1117 241 1171 inimieorum
262 1116 361 1171 Matth.
382 1125 412 1180 5,
431 1135 455 1170 v.
477 1124 517 1174 44.
536 1119 634 1189 quodsi
654 1136 720 1190 ergo
737 1118 896 1188 capitalium
922 1135 996 1172 rosos
1015 1135 1152 1182 exercens,
1169 1120 1266 1189 utique
1284 1121 1367 1175 etiam
1386 1120 1441 1185 illi,
1461 1137 1576 1190 quorum
1595 1137 1678 1190 opera
1695 1138 1750 1174 ma·

67 1203 265 1273 suppliciorum
303 1204 434 1272 irrogatio
470 1211 608 1275 pugnaret
644 1223 706 1259 cum
743 1205 792 1258 illa
826 1204 896 1273 lege,
923 1203 1053 1270 gistratns
1078 1203 1131 1258 hac
1148 1205 1177 1257 in
1196 1221 1225 1259 re
1243 1206 1344 1272 utitur,
1367 1221 1418 1260 nec
1443 1203 1574 1267 infames,
1601 1223 1651 1260 nec
1675 1206 1751 1277 impii

10 1294 51 1337 tt·
67 1288 194 1343 Christus
207 1289 301 1359 utique
309 1291 427 1359 Jsmtum
438 1290 599 1361 abrogasset
611 1290 895 1362 capitaliasupplicis.
923 1288 972 1342 hoc
992 1289 1100 1343 nomine
1120 1296 1184 1343 sunt
1202 1290 1340 1346 censendi.
1371 1289 1401 1345 Si
1419 1289 1564 1345 honestum
1581 1295 1632 1355 est,
1650 1292 1750 1360 princi·

67 1374 230 1444 Exemplum
257 1377 291 1428 cle
311 1377 491 1441 abrogatione
514 1378 643 1430 sabbathi
660 1385 702 1431 est
719 1378 800 1447 plane
819 1377 896 1429 dissi·
922 1390 984 1443 pem
1009 1374 1038 1427 in
1061 1375 1229 1430 facinorosos
1252 1376 1396 1445 capitalem
1415 1376 1579 1431 sententiam
1597 1376 1680 1443 serre,
1701 1395 1750 1432 cur
1858 1421 1861 1430 .

67 1460 139 1513 mile.
176 1459 307 1523 Quamvis
325 1462 398 1515 enim
417 1462 541 1517 Christus
558 1463 586 1517 in
607 1463 704 1519 diebus
722 1463 811 1517 carnis
830 1479 896 1517 suae
921 1477 976 1513 non
1001 1460 1052 1515 erit
1075 1462 1181 1530 justum
1208 1478 1241 1516 ac
1269 1461 1413 1517 honestum
1441 1463 1557 1517 eandem
1588 1463 1749 1518 sententiam

66 1547 127 1616 ipso
146 1547 218 1600 facto
236 1547 357 1601 nondum
372 1547 548 1618 abrogaverit
565 1547 740 1616 sabbathum,
757 1556 850 1603 umen
867 1548 896 1601 in
922 1546 1051 1617 exsequi?
1088 1547 1164 1601 Deus
1187 1548 1246 1618 ipse
1272 1549 1301 1602 in
1318 1550 1413 1618 poenis
1432 1549 1580 1603 inferendis
1614 1565 1670 1603 non
1691 1557 1750 1604 tan-

65 1633 100 1686 N.
130 1633 163 1688 T.
194 1633 402 1687 ceremonialem
439 1634 509 1705 legis
540 1634 793 1689 determinationem
832 1634 894 1687 snb·
922 1638 980 1685 tum
1009 1633 1104 1696 malis,
1128 1635 1177 1689 sed
1206 1636 1288 1690 etiam
1314 1635 1392 1689 bonis
1419 1636 1559 1704 spiritibus
1582 1636 1676 1690 utitur.
1717 1636 1750 1690 In

66 1721 150 1773 latam
181 1735 240 1773 esse
269 1719 385 1773 subinde
416 1726 444 1773 et
474 1719 565 1774 verbis
584 1726 612 1775 et
635 1720 766 1790 exemplis
794 1720 896 1789 docuit3
922 1719 956 1774 V.
975 1719 1007 1773 Τ.
1035 1721 1201 1792 quandoque
1220 1722 1272 1792 ipsi
1291 1723 1484 1794 magistratus,
1504 1723 1670 1793 quandoque
1691 1723 1749 1778 illo·
1801 1749 1802 1752 ¹

66 1805 188 1860 nondum
208 1823 271 1860 vero
291 1805 436 1875 probatum
454 1805 734 1872 deditSchmaltsius,
754 1805 894 1861 Christum
922 1822 983 1857 rum
1000 1806 1117 1860 ministri
1133 1806 1336 1875 honoratiores,
1363 1809 1529 1878 quandoque
1548 1808 1668 1878 populus
1687 1826 1748 1877 sup·

66 1891 200 1955 docuisse,
222 1892 296 1962 quod
310 1891 434 1961 supplica
446 1892 576 1962 capitalia
595 1893 623 1946 in
641 1892 676 1947 N.
695 1892 727 1947 T.
746 1893 802 1946 sint
816 1891 895 1947 abro-
922 1891 1066 1960 pliciomm
1085 1893 1244 1962 capitalium
1262 1901 1404 1949 exsecutor
1423 1901 1489 1949 erat
1516 1894 1599 1949 Dent
1615 1901 1655 1957 11,
1673 1912 1699 1947 v.
1720 1902 1749 1948 t:

66 1978 169 2046 ganda.
923 1978 1028 2029 Manus
1053 1980 1161 2038 testium
1186 1980 1240 2031 erit
1258 1981 1393 2032 aduersus
1417 1997 1478 2033 eom
1502 1980 1532 2032 ia
1545 1980 1691 2049 principio
1710 1983 1751 2033 ad

103 2069 161 2118 307.
197 2068 225 2118 3.
248 2064 367 2116 Nullum
393 2071 480 2116 astat
503 2065 666 2116 mandatum
692 2064 722 2116 iu
748 2065 785 2118 N.
807 2065 837 2117 Τ,
860 2065 894 2116 de
921 2062 1132 2118 interimendum
1150 2081 1210 2118 eum
1229 2073 1254 2118 et
1276 2084 1374 2119 marsus
1396 2067 1519 2119 universi
1531 2067 1634 2136 populi
1653 2067 1683 2119 im
1701 2085 1748 2118 mo-

10 2189 29 2217 ,
65 2149 214 2221 suppliciis
231 2149 401 2217 capitalibus
419 2150 554 2202 adamus
576 2150 753 2209 faeiaorosos
770 2167 894 2203 eamcam
920 2148 1041 2203 summe.
1075 2149 1134 2204 Jos.
1155 2157 1179 2213 l,
1198 2167 1223 2206 r.
1244 2155 1285 2206 25.
1303 2149 1449 2205 Achenum
1465 2151 1629 2222 sacrilegum
1645 2151 1749 2219 lapidi-

67 2237 127 2303 ds's,
151 2236 226 2305 lepes
244 2243 335 2287 autem
358 2235 388 2286 V.
412 2235 444 2290 Τ.
463 2235 492 2287 iu
510 2235 608 2304 quidus
625 2236 681 2288 tale
699 2236 769 2304 quid
783 2235 894 2304 pracci-
921 2235 969 2287 bers
994 2236 1084 2289 obruet
1106 2236 1195 2290 ommis
1222 2236 1324 2290 Israel.
1367 2236 1433 2291 lud.
1453 2243 1480 2304 8,
1505 2255 1530 2288 v.
1555 2243 1596 2292 211.
1638 2236 1749 2290 Gideou
1851 2256 1860 2275 ·

62 2323 151 2389 pitter,
164 2329 228 2374 sunt
240 2322 450 2384 forersscsacio
465 2323 501 2376 N.
518 2323 548 2373 Τ.
561 2322 721 2390 abrogatae.
743 2321 894 2376 Ostorodus
919 2319 1048 2376 interficit
1079 2321 1188 2376 &bach
1217 2328 1245 2377 et
1274 2322 1441 2390 Zalmuuah,
1471 2338 1534 2376 cum
1561 2321 1635 2376 filius
1661 2323 1748 2392 ipsius

64 2408 93 2461 in
114 2407 197 2460 instit
220 2422 244 2461 c.
272 2413 310 2459 28,
334 2424 359 2474 p.
388 2411 442 2462 181.
485 2405 666 2460 Schmsltaius
687 2413 758 2462 cont.
779 2407 847 2474 disp.
869 2412 892 2460 6.
919 2405 1118 2477 primogenitus
1136 2407 1233 2462 lether
1252 2407 1305 2461 hoc
1322 2407 1415 2462 lacere
1434 2415 1593 2462 recusasset
1633 2414 1654 2463 1.
1674 2408 1746 2465 Sam.

63 2499 165 2564 poster.
200 2493 311 2546 Frantz.
344 2511 370 2562 p.
405 2498 463 2548 3911.
516 2493 738 2564 Respondemus:
773 2492 893 2547 ostendi·
923 2497 968 2558 15,
990 2509 1015 2544 v.
1043 2498 1082 2548 33.
1128 2493 1244 2548 Samuel
1266 2494 1368 2565 judicis
1393 2493 1486 2548 officio
1511 2494 1602 2548 adhuc
1626 2493 1749 2565 fungens

63 2598 125 2634 mus
144 2579 282 2649 superius,
306 2578 395 2649 legem
416 2579 490 2632 illam
510 2580 631 2632 divinam
649 2579 750 2634 Genea.
771 2587 803 2646 9,
823 2573 848 2633 v'.
868 2584 892 2633 6.
918 2577 1046 2650 Agagem
1091 2579 1309 2635 Amalelxiterum
1349 2596 1441 2650 regem
1476 2579 1504 2634 in
1535 2579 1624 2634 frusta
1656 2596 1748 2634 coram
1784 2640 1788 2655 ι
1881 2619 1885 2628 ,

63 2683 124 2721 esse
146 2668 175 2719 in
192 2666 227 2720 N.
248 2665 281 2719 Τ.
304 2666 448 2734 repetitam
467 2681 499 2718 ae
517 2682 597 2719 usum
615 2665 701 2736 gladii
719 2664 892 2736 magistratui
919 2663 1037 2720 Domino
1062 2665 1190 2720 dissecat.
1235 2673 1255 2721 1.
1276 2665 1348 2721 Sam.
1367 2672 1414 2732 22,
1438 2684 1463 2721 v.
1492 2672 1537 2721 17:
1567 2667 1648 2720 Das
1676 2666 1747 2719 Saul

62 2751 260 2814 confirmatam,
274 2751 352 2807 Rom.
368 2756 406 2814 13,
424 2769 449 2804 v.
461 2756 485 2807 4.
516 2750 575 2806 Nec
590 2756 639 2819 est,
658 2751 732 2822 quod
746 2751 892 2820 excipiant,
918 2768 967 2804 rea
992 2753 1166 2819 cursoribus,
1189 2753 1240 2820 qai
1265 2753 1376 2805 madeat
1395 2753 1477 2818 litata
1502 2769 1576 2821 eum,
1600 2752 1747 2817 interficite
1760 2772 1813 2817 m,
1829 2773 1872 2818 m,

63 2841 204 2904 meliorem
227 2844 317 2890 seems
339 2837 479 2905 puniendi
503 2839 640 2892 rationem
666 2838 786 2890 inueniri
808 2854 891 2904 qaam
917 2839 1077 2890 sacerdotes
1100 2838 1226 2892 Domini.
1264 2843 1285 2892 1.
1304 2836 1372 2907 Reg.
1395 2843 1427 2899 2,
1447 2854 1472 2890 v.
1496 2841 1537 2891 34.
1556 2838 1664 2890 Joahus
1683 2852 1746 2890 eum

62 2926 177 2995 plodio,
196 2922 324 2976 uidelicet
340 2922 444 2975 mulcta
458 2922 644 2991 pecuniaria,
666 2939 788 2991 carcere,
807 2923 890 2985 tusti—
918 2921 1013 2976 altaris
1045 2938 1147 2977 cornus
1173 2922 1416 2992 apprehendisset,
1445 2940 1464 2974 a
1492 2923 1612 2991 Baaaja
1638 2940 1744 2976 summo

61 3011 237 3082 petionibus,
273 3009 432 3061 durissimis
461 3009 614 3072 laboribus,
649 3009 747 3075 exilio,
774 3008 891 3078 publica
918 3010 1053 3061 sacreum
1063 3010 1133 3061 <tuce
1145 3013 1187 3062 est
1199 3007 1313 3064 occisus.
1344 3009 1498 3080 Progressa
1509 3015 1602 3063 tamen
1615 3006 1745 3077 temporis

63 3097 219 3168 ipsominia
236 3102 285 3150 etc.
306 3097 388 3148 niodo
400 3110 492 3162 poena
508 3094 562 3148 illa
575 3113 631 3147 nos
645 3103 743 3149 noceat
758 3096 832 3147 vitae
849 3094 892 3147 uel
918 3093 999 3148 certis
1024 3094 1189 3166 quibusdam
1213 3094 1335 3164 personis
1351 3093 1402 3149 hoc
1427 3093 1548 3148 officium
1566 3093 1746 3148 exsecutionis
1845 3122 1848 3129 ·

62 3186 200 3238 homiuem
218 3184 259 3235 ad
275 3181 386 3234 labmes
405 3181 526 3248 ineptum
544 3184 655 3235 reddat.
696 3180 847 3235 Ostorodus
865 3181 891 3237 d.
917 3179 970 3234 fuit
988 3180 1192 3247 demandatum,
1211 3196 1283 3250 quse
1300 3185 1412 3250 propter
1426 3180 1565 3235 levitatem
1580 3187 1608 3234 et
1623 3178 1745 3233 immani·

62 3271 80 3326 l.
102 3275 201 3340 111115.
225 3266 404 3322 Schmaltrius
429 3267 454 3319 d.
473 3266 490 3321 l.
516 3285 542 3336 p.
560 3272 617 3322 389.
655 3265 891 3330 Quemadmodum
917 3273 1012 3333 tatem,
1039 3266 1196 3337 cumprimis
1222 3266 1258 3323 ob
1282 3266 1414 3320 invidiam
1434 3265 1631 3335 suppliciorum
1657 3265 1744 3336 vulgo

61 3357 135 3410 enim
150 3352 337 3424 jurisconsulti
351 3352 447 3405 dicunt
465 3353 499 3407 de
510 3352 619 3424 legibus
631 3353 773 3426 humanis.¹
786 3354 891 3422 scripta
917 3352 1066 3408 contemtui
1084 3368 1144 3407 esse
1155 3359 1313 3422 coeperunt,
1332 3352 1405 3407 unde
1417 3351 1580 3406 Aristoteles
1593 3351 1640 3406 lib.
1654 3356 1678 3407 6.
1690 3350 1745 3421 pol.

61 3444 124 3508 lege
143 3458 221 3493 neme
246 3440 323 3492 dedet
347 3455 405 3490 esse
423 3439 578 3510 sapientior
596 3440 670 3506 lepe,
688 3439 727 3494 ita
744 3439 830 3494 multo
846 3441 889 3510 ju·
917 3455 942 3492 c.
959 3437 1007 3493 ult.
1029 3438 1103 3506 dicit,
1118 3438 1310 3506 prodoseires
1328 3439 1380 3492 hoc
1398 3455 1483 3505 periers
1493 3438 1655 3505 sanctionis
1667 3452 1746 3489 aver·
1795 3506 1800 3515 .
1907 3450 1910 3459 ’

61 3529 131 3582 etius
150 3527 185 3581 de
202 3526 263 3596 lege
282 3525 376 3578 divina
389 3525 440 3579 hoc
458 3525 513 3578 dici
531 3531 629 3594 potest.
661 3525 738 3581 Deus
756 3527 822 3595 ipse,
843 3527 891 3596 qni
917 3526 993 3591 eari;
1011 3524 1060 3578 sed
1079 3522 1212 3577 ecclesiae
1230 3522 1354 3577 minister
1372 3541 1449 3579 easa
1468 3540 1607 3578 sacrorum
1624 3539 1676 3576 usu
1694 3521 1746 3577 hoc

63 3623 106 3668 est
124 3630 230 3667 summa
248 3612 391 3681 sapientia,
409 3615 608 3666 nonconeessit
621 3613 794 3682 magistratui
812 3630 891 3667 nsum
919 3609 1028 3664 nomine
1048 3608 1263 3679 haudquaquam
1282 3608 1417 3665 excludat.
1448 3614 1475 3666 2.
1490 3610 1680 3676 Magistratus
1691 3625 1780 3669 aeae,
1795 3628 1865 3679 ‘¹⁸3¹-

62 3699 158 3772 gladii,
179 3696 202 3750 si
221 3697 248 3750 in
269 3697 320 3750 hac
338 3702 453 3751 naturae
472 3698 715 3767 corruptionenon
733 3697 892 3754 fuissetne
917 3712 998 3764 posse
1025 3712 1074 3748 mec
1107 3694 1205 3748 debere
1234 3695 1374 3764 quemvis
1401 3695 1576 3760 facinorosis
1605 3694 1747 3763 supplicia
1760 3684 1842 3722 '‘³⁸²¹''

64 3786 214 3839 “wallum
232 3783 284 3853 11)Εἰ
305 3783 401 3844 Vllum»
419 3784 553 3854 <1¹¹⁰fld8¹11
572 3784 761 3854 delinquentes
781 3784 893 3854 capitali
919 3781 1061 3850 capitalia
1074 3781 1188 3849 penitus
1206 3782 1359 3845 remittere,
1388 3782 1417 3836 id
1437 3782 1509 3835 enim
1528 3787 1666 3853 pugnaret
1685 3797 1748 3835 eum
1760 3741 1885 3832 iiiii-ii?

64 3870 202 3940 supplicio
231 3867 342 3922 afficere
370 3876 398 3922 et
423 3869 651 3939 tranquillitatem
678 3869 818 3940 publicam
840 3868 893 3924 hac
919 3867 1096 3938 magistratus
1115 3864 1220 3930 officio,
1240 3884 1302 3921 eum
1319 3867 1416 3938 regula
1434 3868 1575 3939 justitiae,
1593 3883 1655 3921 cum
1675 3866 1746 3920 inco-
1760 3835 1881 3938 iiiiiilit

64 3958 170 4011 ratime
190 3971 319 4010 asserere.
359 3955 522 4009 Concedunt
537 3955 702 4025 sdversariil,
721 3956 892 4027 magistratui
918 3953 1043 4008 lumitate
1062 3950 1231 4021 reipublicae
1250 3957 1358 4006 etcum
1378 3952 1524 4009 manifesta
1544 3953 1656 4007 ratione.
1688 3951 1745 4005 Me·
1760 3940 1888 4030 {ffiffl‘

64 4045 93 4097 in
123 4042 157 4096 V.
175 4042 208 4094 Τ,
233 4040 317 4095 fuisse
347 4059 403 4095 non
430 4041 517 4095 solum
543 4058 716 4106 concessum,
739 4042 788 4097 sed
811 4044 893 4097 etiam
918 4041 1051 4112 gistratus
1079 4037 1173 4091 divina
1194 4039 1358 4093 auctoritate
1377 4038 1502 4110 gladium
1522 4045 1623 4111 gerunt
1640 4055 1673 4093 ac
1689 4039 1746 4092 vin-

64 4128 224 4183 mandatum
244 4126 330 4196 gladii
354 4126 484 4180 adversus
509 4125 677 4180 facinorosos
697 4145 788 4194 usum,
815 4128 891 4198 atqui
918 4127 1020 4180 dictam
1041 4123 1192 4178 exercendo
1213 4123 1267 4178 Dei
1285 4129 1350 4178 sunt
1375 4123 1506 4194 ministri,
1530 4125 1592 4180 ideo
1611 4124 1694 4180 etiam
1712 4124 1747 4176 de

65 4217 87 4269 si
110 4215 206 4268 melior
225 4213 357 4283 puniendi
382 4213 452 4268 ratio
479 4219 551 4268 esset
575 4215 702 4268 coircere
725 4212 892 4269 facinorosos
919 4212 1008 4265 alieno
1026 4226 1080 4264 non
1100 4208 1156 4262 sint
1174 4209 1255 4263 nimis
1274 4210 1410 4279 liberales,
1429 4228 1479 4266 nec
1492 4211 1577 4266 nimia
1593 4211 1637 4265 vel
1650 4210 1740 4263 conni-

63 4301 179 4355 mulcta.
199 4314 323 4366 carcere,
342 4297 482 4352 laboribus
501 4305 552 4352 etc.
590 4298 666 4353 Deus
685 4316 740 4353 non
759 4301 891 4370 praescri·
918 4297 1018 4363 sentia,
1039 4295 1085 4349 vel
1100 4294 1360 4352 lenitatescelerum
1375 4297 1543 4353 incremento
1561 4314 1657 4350 ansam
1669 4313 1746 4366 prae·

64 4386 165 4456 psisset
183 4385 295 4438 modum
307 4383 439 4453 puniendi
453 4384 594 4452 optimum.
626 4384 788 4440 Concedunt
800 4386 892 4450 iidem,
919 4385 1009 4439 beant.
1047 4381 1239 4451 Deut.19,v.
1266 4389 1311 4438 is:
1335 4386 1441 4446 Aufer-s
1467 4384 1567 4437 oratam
1592 4381 1742 4435 demedio
1831 4432 1833 4438 .

62 4473 217 4541 lepitimam
247 4470 437 4535 defensionem
470 4472 553 4523 modo
581 4472 721 4524 uindictae
751 4474 892 4540 cupiditas
919 4471 968 4536 tui,
992 4486 1047 4521 uon
1069 4476 1168 4536 parcet
1195 4469 1291 4522 oculus
1316 4478 1386 4521 tuus.
1437 4476 1459 4523 l.
1485 4468 1551 4533 Reg.
1575 4473 1620 4535 20,
1646 4485 1672 4521 v.
1699 4473 1745 4520 42:

64 4560 149 4618 absit,
177 4576 196 4609 a
216 4558 378 4623 magistrata
407 4566 504 4609 centra
530 4559 726 4611 adversarium
743 4559 894 4628 implorari
922 4553 995 4616 Quia
1019 4553 1152 4606 dimisisti
1168 4553 1271 4621 virum,
1290 4571 1369 4623 quent
1386 4571 1436 4623 epo
1455 4553 1581 4606 occidere
1598 4553 1746 4620 jercaam,

60 4663 152 4713 posse.
186 4642 273 4712 Atqui
291 4641 314 4694 si
334 4640 508 4711 magistratui
527 4659 593 4696 usus
606 4643 691 4714 gladii
705 4644 892 4712 estademtus,
920 4641 973 4693 crit
992 4640 1087 4692 anima
1113 4645 1161 4690 tua
1185 4640 1246 4694 loco
1263 4641 1374 4693 animae
1393 4641 1480 4693 illius.
1516 4639 1678 4692 Lactantius
1698 4637 1746 4692 lib.

64 4748 119 4784 non
145 4728 247 4798 poterit
273 4726 365 4781 officio
388 4744 438 4780 suo
461 4728 619 4784 satisfacere
644 4737 672 4783 et
692 4729 841 4800 legitimam
859 4746 893 4783 ac
919 4727 954 4781 de
972 4725 1026 4780 irs:
1043 4725 1139 4776 Judeu
1146 4726 1272 4792 pcccatis
1288 4726 1398 4778 oesiam
1410 4728 1481 4778 dare
1496 4743 1552 4778 eoa
1565 4731 1665 4793 potest,
1680 4724 1747 4791 quia

65 4815 247 4870 sufficientem
276 4813 460 4868 defensionem
485 4814 557 4883 parti
585 4815 723 4870 innocenti
745 4822 894 4885 praestare,
918 4810 1056 4866 uoluntati
1076 4810 1160 4863 servit
1183 4811 1307 4875 alienae,
1338 4815 1415 4865 Deus
1439 4819 1530 4864 autem
1552 4819 1656 4879 potest,
1679 4811 1747 4879 quia

66 4919 148 4971 saepe
177 4900 248 4953 enim
277 4899 449 4954 adversarius
482 4905 524 4952 est
546 4899 679 4955 effrenate
702 4917 734 4954 ac
750 4902 893 4972 desperate
919 4914 987 4951 suae
1018 4897 1196 4966 dispeusator
1228 4906 1310 4966 atqsse
1337 4899 1435 4965 judee.
1491 4896 1670 4967 Magistratus
1706 4901 1748 4950 est

66 4987 216 5056 improbus,
236 4985 283 5056 qni
301 5002 352 5039 nec
370 5000 497 5053 carcere,
519 5002 569 5040 nec
587 4986 681 5048 exilio,
708 5004 759 5042 nec
778 4987 893 5058 inruga-
920 4983 1043 5038 minister
1062 4989 1089 5037 et
1107 4987 1250 5037 exsecutor
1270 4981 1378 5037 divinae
1398 4982 1483 5053 legis,
1507 5000 1572 5055 ergo
1595 4999 1650 5036 non
1667 4983 1747 5035 dedet

65 5076 140 5128 tione
158 5090 216 5127 sese
237 5070 376 5127 emendari
393 5071 504 5141 patitur.
522 5072 672 5144 'Urgemns
690 5071 774 5144 igitur
791 5073 893 5126 dictum
920 5087 978 5124 esse
996 5071 1055 5139 lepe
1079 5087 1112 5122 ac
1132 5069 1201 5137 jure
1221 5069 1388 5121 clementior.
1426 5069 1494 5126 Nor.
1521 5075 1562 5124 82.
1582 5070 1615 5122 de
1630 5068 1746 5139 judicih.
1844 5123 1850 5132 Ι
1912 5065 1918 5074 ’

66 5160 261 5230 apostolicum:
281 5158 468 5225 Mapistratas
481 5176 535 5210 aaa
549 5159 621 5226 perit
632 5158 758 5225 gladium
773 5161 893 5223 fnestra.
920 5154 939 5228 ξ
967 5161 1073 5226 oportet
1095 5161 1132 5209 10.
1154 5171 1235 5225 quem
1256 5160 1361 5208 textum
1387 5155 1415 5208 in
1433 5155 1504 5209 hanc
1522 5168 1578 5212 rem
1598 5146 1746 5209 admirabi-

68 5247 249 5315 Nequaquam
262 5245 388 5311 dicimus,
407 5244 481 5314 quod
492 5260 585 5297 omnes
599 5243 789 5312 delinquentes
801 5244 894 5316 gladio
920 5245 973 5298 lem
992 5242 1059 5296 dicit
1078 5241 1197 5311 Prosper
1221 5240 1382 5294 Farinacius
1403 5240 1431 5294 in
1450 5242 1528 5313 praxi
1546 5240 1680 5297 criminali
1699 5239 1745 5293 lib.

66 5331 200 5402 puniendi
213 5337 285 5398 sunt,
298 5348 360 5385 cum
373 5332 428 5384 sint
440 5335 516 5384 certa
528 5328 691 5384 delictorum
705 5334 733 5384 et
744 5347 894 5400 poenarum
925 5339 944 5384 1.
971 5330 1013 5385 tit.
1037 5333 1063 5382 3.
1088 5327 1123 5381 de
1142 5327 1232 5380 delict
1259 5345 1285 5397 q.
1314 5334 1351 5380 11.
1396 5327 1616 5382 *rssellarminus
1644 5325 1692 5382 lib.
1713 5326 1747 5380 de

68 5435 177 5490 genera,
197 5419 244 5471 sed
258 5418 309 5471 hoc
328 5419 462 5471 duntaxat
476 5433 615 5487 urgemus,
635 5416 769 5486 quodpro
788 5417 895 5471 ratione
920 5415 997 5471 laicis
1020 5432 1043 5469 c.
1073 5420 1112 5470 lt.
1137 5409 1163 5484 ξ.
1200 5411 1377 5484 Respondeo,
1408 5414 1516 5469 videtur
1539 5413 1669 5467 Erasmm
1694 5419 1747 5468 etc.

66 5505 332 5559 cucumstantiarum
354 5505 531 5574 magistratus
551 5518 653 5573 poenas
666 5519 753 5575 usque
766 5502 802 5556 ad
820 5503 892 5572 capi·
922 5500 1028 5565 merit,
1043 5518 1098 5572 pre
1117 5500 1366 5571 vitacaptiuorum
1383 5501 1582 5555 craecorum
1600 5507 1626 5552 et
1643 5501 1748 5554 mimae
