4020 6014
647 332 699 390 Da
718 329 969 402 nauatam]
986 329 1175 389 sommae.
1701 337 1761 394 405

71 502 123 555 pro
144 483 175 539 rb
193 485 413 554 ἀντιπεπονθός,
436 489 560 545 adducto
577 490 606 544 in
627 489 657 545 id
676 489 812 545 versiculo
832 489 905 544 Rha·
933 486 996 543 eliis
1012 484 1216 559 rebuspublicis
1236 485 1280 541 lex
1297 484 1409 540 talionis
1426 483 1596 556 promulgari
1619 489 1648 538 et
1673 482 1763 538 obser-

72 571 229 627 dsmantbi:
932 575 991 628 veri
1010 578 1109 644 potest,
1129 591 1185 628 aon
1204 577 1298 628 autem
1319 571 1443 643 praedae
1456 577 1485 626 et
1496 571 1623 626 absolute
1634 569 1695 625 sine
1707 569 1765 625 ulla

931 660 1197 715 circumstantiarum
1215 658 1447 727 consideratione,
1475 657 1540 712 inde
1564 657 1671 712 Gellius
1698 658 1727 713 d.
1745 656 1763 712 l.

932 752 1079 812 memorat,
1105 748 1249 801 Romanos
1276 747 1317 798 ad
1337 745 1450 815 judicet
1473 744 1693 799 aestimationem
1712 745 1765 814 jus

932 834 1049 888 tationis
1065 835 1201 887 reducere
1221 833 1407 901 conmmoisse,
1425 847 1480 903 quo
1498 831 1638 903 pertinent
1656 829 1676 902 ξ
1695 831 1765 886 Poe·

27 972 33 977 ,
71 917 116 973 vel
134 921 166 972 ut
183 917 231 972 11111
251 923 400 984 verterunt,
932 926 1010 978 1118.
1033 920 1124 974 1111111
1143 918 1177 975 de
1194 919 1319 991 injuriis:
1345 919 1443 973 Poena
1466 918 1639 988 iniuriarum
1653 935 1685 972 ea
1703 919 1764 987 teos

933 1006 1080 1061 duodecim
1098 1007 1259 1060 tabularum
1273 1013 1393 1076 propter
1401 1005 1550 1059 membrum
1569 1004 1681 1074 quidem
1697 1022 1764 1074 rup-

933 1101 989 1146 tum
1007 1093 1078 1147 talio
1091 1101 1159 1156 erat,
1174 1098 1295 1165 propter
1315 1110 1346 1145 os
1363 1108 1427 1146 vero
1444 1094 1570 1157 fractum
1589 1091 1764 1145 nummariae

929 1195 1039 1249 poenae
1057 1187 1137 1233 erant
1156 1179 1333 1246 constitutae,
1357 1177 1441 1246 quasi
1464 1177 1494 1230 in
1520 1194 1624 1244 maqna
1641 1184 1764 1232 ceterum

73 1264 99 1314 5.
119 1262 348 1316 Moderationem
371 1263 488 1316 talionis
508 1281 526 1315 a
546 1265 610 1316 Deo
634 1263 695 1332 ipso
723 1263 860 1317 traditam
882 1270 908 1316 et
929 1272 1106 1335 paupertate.
1134 1265 1194 1319 Sed
1199 1271 1303 1334 postea
1312 1271 1459 1334 praetores
1474 1264 1673 1334 permittebant
1685 1264 1764 1334 ipsis,

71 1347 101 1401 in
126 1348 271 1416 republica
299 1349 460 1403 leruilitioa
484 1351 666 1407 observatam.
706 1348 805 1404 Fuisse
833 1347 906 1402 enim
933 1354 983 1423 qui
999 1352 1135 1421 injuriam
1150 1354 1235 1425 passi
1250 1361 1328 1417 sunt,
1355 1370 1416 1407 eam
1440 1352 1600 1418 aestimare,
1630 1356 1661 1405 ut
1672 1352 1765 1420 judee

71 1439 99 1486 in
111 1433 286 1488 exsecutione
303 1434 385 1504 hujus
406 1435 475 1506 legis
493 1434 769 1498 circumstantiarum,
788 1434 905 1504 cumpri-
932 1442 976 1495 uel
994 1441 1067 1494 sensi
1084 1457 1162 1494 reum
1177 1443 1354 1504 condemnet,
1382 1439 1482 1510 qstanti
1503 1439 1640 1508 iniuriam
1658 1455 1765 1509 possrss

72 1520 122 1573 mis
140 1536 320 1589 personarum
346 1521 478 1576 rationem
503 1520 639 1588 habitam,
668 1521 811 1576 evidenter
830 1519 905 1574 colli·
932 1526 1127 1595 aestimaverit,
1143 1527 1187 1580 eet
1204 1527 1329 1595 minum,
1343 1533 1431 1598 prout
1445 1524 1571 1578 cinisum
1586 1524 1685 1591 fuerit.
1706 1525 1766 1579 Sed

71 1606 146 1678 gitur
165 1622 198 1660 ex
215 1607 276 1661 811111
297 1607 414 1680 legibue.
453 1606 540 1662 Exod.
563 1613 613 1675 2l,
638 1626 662 1662 t.
683 1613 730 1663 26:
757 1607 824 1661 stem
840 1625 904 1677 per·
928 1629 1023 1686 poersa
1040 1614 1154 1683 quidem
1173 1614 1312 1683 bajariae,
1341 1629 1412 1682 quae
1428 1629 1459 1666 a
1478 1612 1538 1679 lupe
1557 1611 1705 1665 duodecim
1723 1618 1765 1666 ta.

71 1694 188 1747 auserit
210 1694 254 1746 vir
278 1694 387 1747 oculum
408 1696 481 1747 ses-si
504 1693 549 1751 sui
570 1693 615 1748 oei
643 1695 753 1748 aeidum
782 1693 905 1748 ancillae
932 1700 1237 1754 interuenisset-educte
1249 1708 1297 1770 eet,
1318 1700 1347 1752 in
1363 1699 1572 1753 desuetudinem
1586 1697 1664 1764 abiit,
1679 1714 1765 1767 quam

70 1796 137 1832 ntae
155 1780 349 1849 etcomsperit
367 1797 436 1846 eum,
454 1782 518 1846 (non
539 1780 654 1851 cogetur
671 1779 729 1851 pati
749 1778 904 1835 conclusio·
931 1794 1023 1840 amem
1043 1794 1192 1857 praetores
1217 1786 1444 1848 introduxerunt,
1471 1801 1543 1855 quae
1567 1784 1651 1838 etiam
1680 1782 1764 1838 tons-

70 1885 132 1922 nem
151 1867 232 1932 oculi,
250 1869 312 1934 sed)
332 1869 451 1922 liberam
470 1869 590 1922 dimittet
617 1885 726 1922 sernum
742 1885 799 1937 pro
824 1868 905 1923 oculo
931 1875 1013 1928 sario
1036 1874 1216 1945 appellatur,
1241 1873 1271 1925 in
1288 1873 1412 1941 judiciis
1440 1874 1647 1941 frequentatur.
1688 1871 1765 1924 Nam

72 1956 146 2024 ejus;
164 1972 189 2009 v.
211 1960 252 2009 2⁷.
271 1962 297 2008 et
315 1956 468 2009 sidentem
485 1955 673 2009 seruisuioei
691 1956 798 2008 citatam
816 1955 905 2008 aneil-
930 1961 1081 2014 secundum
1107 1960 1229 2029 pradum
1258 1959 1404 2026 diqnitatis
1437 1958 1564 2027 uitaeque
1593 1959 1765 2011 honestatem

71 2043 117 2095 iae
134 2059 202 2096 suae
222 2044 380 2109 1111111111,
400 2043 518 2096 liberum
537 2042 656 2096 dimittet
674 2058 733 2095 essm
752 2043 902 2111 prodente
931 2046 1030 2099 crescit
1047 2053 1096 2099 aut
1108 2045 1243 2098 minuitur
1261 2045 1420 2098 aestimatio
1438 2043 1569 2113 injuriae,
1590 2044 1642 2114 qui
1657 2045 1765 2113 prasius

71 2131 147 2198 ejus,
174 2129 223 2183 ubi
246 2128 282 2184 ob
306 2146 440 2199 personae
465 2128 651 2184 conditionem
677 2145 768 2198 poene
792 2127 903 2183 talionis
931 2131 1169 2186 condmnationis
1193 2139 1219 2184 et
1249 2131 1278 2183 in
1295 2129 1395 2184 seresii
1409 2147 1533 2199 persona
1555 2148 1610 2185 non
1628 2129 1765 2185 immaita

71 2215 218 2286 mifigtillt·
256 2215 347 2271 EXOd·
368 2221 415 2285 21,
440 2235 465 2272 V·
488 2222 535 2270 l'l:
567 2215 621 2277 Qui
635 2215 799 2285 parentibtw
817 2216 901 2268 mait-
929 2225 1072 2283 11111111,
1098 2226 1128 2271 ut
1145 2218 1229 2271 aliud
1245 2221 1275 2271 in
1293 2233 1372 2269 seruo
1397 2220 1505 2284 actore,
1525 2215 1608 2270 aliud
1629 2217 1660 2270 in
1678 2216 1767 2271 medii

71 2304 182 2371 diuersi,
202 2311 288 2357 morte
306 2303 453 2370 morimur,
473 2301 521 2357 ubi
538 2308 651 2373 propter
663 2302 825 2373 qualitatem
842 2319 902 2373 per·
930 2305 1149 2368 detrectantes,
1174 2305 1259 2358 aliud
1286 2304 1315 2356 in
1332 2302 1468 2357 vilissimo
1492 2302 1536 2356 cel
1561 2303 1693 2373 impedito
1716 2303 1764 2371 jus

11 2398 153 2447 tetsanae
174 2394 360 2460 exaggeretur
379 2389 490 2444 talionis
514 2405 613 2460 poena
650 2388 790 2461 «Iosephus
808 2388 855 2443 lib.
876 2395 901 2445 1.
930 2392 1132 2446 aestimationis
1150 2391 1346 2445 constituatur.
1370 2388 1472 2446 Confer
1485 2389 1664 2445 Aristotelem
1675 2387 1723 2445 lib.
1739 2395 1763 2446 5.

70 2476 226 2548 antiquitat.
250 2493 272 2530 a
302 2481 326 2531 8.
347 2493 373 2545 p.
397 2481 452 2531 1111.
479 2475 569 2547 legem
593 2474 704 2530 talionis
729 2475 770 2529 sia
787 2474 901 2531 recitat:
929 2480 1010 2536 ethio.
1031 2495 1091 2549 cap.
1108 2484 1131 2534 8.
1145 2477 1193 2532 ubi
1208 2477 1339 2549 disputat,
1352 2479 1404 2547 jus
1423 2477 1541 2531 talionis
1554 2476 1686 2546 praecise
1703 2477 1764 2530 sine

142 698 196 746 sies
212 693 308 763 πάθοι,
322 694 356 749 ui
375 695 397 749 κ’
419 699 500 766 ἔρεξε,
520 698 582 765 δίκη
600 695 622 750 κ’
638 701 712 752 lisia
733 700 852 767 γένοιτο,

143 781 257 850 Siquis
278 783 355 849 quod
369 783 453 852 seed,
467 784 613 853 patiatur,
634 785 687 852 jus
706 785 760 837 crit
778 799 905 852 acquum,

143 1037 178 1091 Si
196 1047 294 1092 contra
308 1058 415 1110 passus
432 1040 531 1108 fuerit,
551 1041 628 1110 quod
643 1040 746 1103 fecerit
765 1040 847 1103 idem,

141 1125 288 1178 Judicium
302 1127 390 1195 plane
410 1134 515 1179 rectum
532 1126 710 1194 vindictaque
725 1128 781 1190 fiet.

73 2565 128 2627 Qui
144 2563 329 2617 maceraverit
347 2579 511 2632 quenquam,
541 2561 647 2615 similia
661 2561 791 2631 patiatur
804 2561 902 2631 priua·
929 2565 1201 2621 circumstantiamcm
1247 2565 1471 2618 consideratione
1515 2564 1689 2618 obseruatum
1734 2563 1763 2616 in

71 2659 122 2719 tus,
141 2667 194 2718 quo
208 2650 334 2718 priuauit
351 2649 452 2718 alium,
470 2649 527 2735 nisi
547 2650 573 2702 is
591 2649 674 2704 malit
691 2649 838 2718 pensaram
858 2666 902 2702 ac·
928 2661 1028 2706 neutra
1049 2652 1184 2721 justitiae
1208 2651 1397 2721 particularis
1422 2650 1514 2721 specie
1540 2651 1633 2705 iocum
1649 2649 1761 2707 babere.

72 2739 175 2808 cipere,
192 2754 259 2789 nam
275 2737 332 2806 ipsi
350 2737 394 2790 lea
407 2734 549 2805 permittit
566 2734 716 2790 arbitrium
734 2735 904 2788 aestimandi
929 2739 1000 2794 Nam
1021 2738 1201 2793 distributos
1218 2735 1331 2806 respicit
1349 2753 1490 2806 personas,
1503 2736 1624 2807 ideoque
1637 2736 1763 2806 dissidet,

71 2844 149 2879 suum
168 2841 275 2886 casum,
302 2824 329 2875 si
345 2822 417 2875 nolit
437 2822 534 2875 baberi
559 2821 690 2878 seuerior.
729 2821 832 2876 Paulus
851 2823 903 2877 Fa·
930 2829 1079 2897 διαφωνεῖ,
1111 2825 1205 2895 ajune
1228 2822 1354 2887 talionis,
1381 2828 1413 2877 ut
1436 2822 1461 2877 si
1489 2822 1682 2893 magistratum
1701 2822 1764 2894 quis

69 2914 131 2986 gius
149 2911 178 2965 in
197 2909 270 2964 notis
289 2909 325 2962 ad
347 2908 490 2964 Chaldaic.
509 2907 624 2979 paraph.
645 2907 728 2962 Dent.
752 2913 796 2974 19,
815 2927 841 2964 v.
862 2914 903 2964 21.
929 2931 1029 2986 gerens
1046 2910 1221 2983 percusserit,
1241 2909 1468 2982 repercutiendus
1487 2927 1542 2964 non
1554 2916 1609 2978 est3
1628 2910 1651 2963 si
1668 2915 1763 2964 autem

70 3000 109 3055 sic
131 2996 240 3053 scribit:
268 2996 347 3049 Haeo
365 2995 408 3048 tea
428 2994 557 3063 talionis,
576 2994 700 3047 animam
721 3013 779 3065 pro
798 2996 904 3066 anima,
929 3000 1123 3072 magistratum
1144 3003 1287 3068 gerentem
1308 3003 1369 3068 quis
1387 2996 1568 3067 percusserit,
1591 3015 1647 3052 non
1672 2995 1762 3051 solum

70 3088 179 3141 oculum
195 3101 256 3154 pro
270 3084 352 3137 ossio
370 3087 422 3138 etc.
443 3088 556 3135 auctore
574 3080 667 3136 Rabbi
684 3081 805 3151 Kanom,
834 3092 863 3136 ut
884 3101 902 3136 a
930 3094 971 3144 est
986 3083 1192 3157 percutiendus,
1212 3083 1261 3138 sed
1280 3082 1503 3156 gravioreetiam
1521 3082 1656 3154 supplicio
1674 3083 1762 3139 affici·

69 3173 185 3228 Bacbai
202 3172 319 3239 citatur,
336 3187 476 3239 nunquam
495 3175 533 3221 est
552 3169 714 3237 obseruata,
735 3187 801 3223 nom
815 3186 903 3238 prae·
929 3174 1030 3242 andus,
1063 3172 1135 3227 eddo
1165 3171 1241 3243 quod
1270 3176 1404 3242 spontane
1430 3187 1466 3224 an
1500 3170 1579 3225 inviti
1608 3170 1763 3242 fecerimus,

69 3270 111 3315 ter
129 3259 306 3328 saepturum
327 3275 358 3310 ee
376 3256 530 3309 traditione
545 3256 587 3308 ait
600 3264 736 3324 constare,
757 3258 834 3324 quod
848 3274 903 3309 non
929 3260 1046 3316 multam
1069 3257 1179 3316 referat.
1220 3260 1257 3311 In
1280 3257 1477 3313 commutatico
1499 3256 1611 3327 justitie
1633 3254 1662 3310 rb
1688 3256 1763 3314 tus-

70 3347 167 3401 ooulus
180 3364 236 3416 pro
255 3345 354 3413 oculo,
380 3346 432 3397 sed
452 3343 613 3397 aestimatio
644 3343 720 3399 ocuti
733 3343 903 3414 pecuniaria
928 3344 1086 3409 isaaritis,
1114 3345 1171 3400 sive
1185 3345 1233 3416 jus
1252 3344 1378 3411 talionis,
1404 3360 1460 3397 non
1478 3340 1534 3395 κατ’
1556 3340 1683 3412 laisneo,
1714 3344 1763 3400 sed

67 3436 216 3501 reddatur,
233 3431 344 3501 alioqui
355 3431 427 3483 enim
439 3427 498 3497 leqi
513 3448 569 3483 non
587 3430 744 3497 satisfiunt,
763 3446 834 3501 quae
853 3431 903 3496 ait,
928 3433 983 3489 καί
1004 3431 1158 3502 ἀναλογίαν
1175 3430 1383 3496 instituendum,
1401 3445 1457 3485 nen
1469 3430 1565 3485 eadem
1582 3429 1691 3498 iisdem,
1711 3429 1763 3486 sed

69 3521 301 3592 quemadmodum
320 3518 399 3571 dedit
418 3517 560 3570 maculam
577 3516 607 3569 in
626 3517 778 3584 bominem,
795 3517 837 3570 sic
855 3518 901 3569 de·
928 3521 1010 3576 robus
1049 3516 1289 3590 aequivalentibus
1320 3519 1520 3586 permutantur.
1568 3514 1663 3587 Atque
1693 3516 1763 3572 hose

67 3616 113 3661 tur
137 3608 166 3661 in
194 3613 343 3660 auctorem.
380 3602 468 3658 Levit
494 3607 535 3658 24.
558 3602 619 3671 iam
640 3609 727 3671 potet,
752 3602 840 3659 Eroti.
861 3610 901 3660 21.
929 3610 1005 3664 dicta
1029 3607 1085 3661 sint
1110 3605 1144 3661 de
1170 3605 1289 3658 materia
1311 3603 1405 3674 legum
1430 3601 1610 3672 positivorum
1635 3609 1663 3657 et
1678 3619 1762 3675 quse·

68 3697 145 3766 qood
162 3695 197 3747 de
214 3695 346 3746 interesse
367 3698 392 3745 et
408 3697 501 3743 sumtu
520 3691 548 3743 in
575 3689 697 3743 medicos
723 3691 801 3748 facto
820 3691 901 3744 satis·
929 3694 1064 3751 ,tionibus
1088 3693 1125 3747 ad
1157 3708 1217 3746 eam
1242 3689 1454 3761 pertinentibus.
1499 3688 1543 3743 De
1572 3689 1761 3760 lupanaribus

67 3785 164 3848 fateri
182 3781 274 3843 1111801
298 3780 347 3848 qui
372 3780 504 3831 damnum
528 3777 609 3830 dedii
641 3782 757 3832 tenetur·
795 3777 902 3840 ousae
930 3800 965 3838 an
985 3782 1041 3836 sint
1061 3778 1222 3848 toleranda,
1248 3777 1355 3848 egimus
1371 3776 1400 3830 in
1418 3782 1497 3831 tract.
1516 3775 1552 3829 de
1574 3773 1636 3848 lege
1655 3778 1682 3846 §-
1705 3782 1760 3834 163.

69 3869 180 3923 auctori
198 3858 294 3919 oculus
310 3883 364 3935 pro
383 3864 463 3919 oculo
483 3866 662 3935 effoderetur,
680 3865 743 3934 quis
757 3863 803 3918 iiii
818 3865 900 3918 satis·
929 3871 963 3923 de
983 3867 1101 3935 ebarcis,
1120 3866 1197 3919 ludis
1218 3864 1346 3931 scenicis,
1365 3864 1497 3919 bonorum
1517 3863 1696 3932 aequalitate,
1714 3864 1761 3924 su·

67 3955 199 4022 facereti
217 3955 271 4007 Est
291 3959 316 4004 et
333 3951 408 4004 alitis
427 3951 575 4004 tenerioris
595 3951 799 4004 constitutionis
816 3970 900 4020 quam
926 3972 1023 4010 umam
1042 3960 1186 4023 apparatu
1201 3951 1308 4023 egimus
1332 3949 1362 4004 in
1389 3956 1495 4022 quaest.
1522 3948 1643 4021 politicis
1661 3950 1760 4008 decad.

67 4044 124 4109 ille,
145 4041 194 4110 qui
209 4041 303 4094 laesus
321 4047 369 4097 est.
389 4039 439 4106 qai
457 4055 490 4090 ea
508 4038 624 4106 aequali
639 4037 751 4092 minere
768 4038 900 4093 similiter
926 4049 949 4099 8.
969 4046 1112 4114 quaesti.
1132 4044 1155 4095 5.
1175 4044 1203 4094 st
1223 4042 1248 4094 b.
1272 4037 1316 4093 De
1331 4036 1392 4092 aliis
1408 4036 1618 4109 quaestionibus
1635 4037 1671 4092 ad
1686 4037 1760 4095 huna

68 4138 182 4183 mortem
201 4126 307 4181 obierit.
343 4125 499 4194 Propterea
514 4124 579 4188 fieri
597 4142 650 4177 non
667 4132 774 4193 potest,
798 4134 829 4178 ut
845 4143 898 4196 per
925 4130 1015 4184 locum
1041 4125 1234 4197 spectantibus
1252 4125 1432 4180 consulantur
1456 4123 1648 4196 jurisconsulti
1666 4131 1695 4180 et
1711 4140 1761 4195 pa·

68 4215 162 4269 omnia
181 4213 281 4269 eninm
304 4220 330 4265 et
356 4212 444 4264 laesio
467 4210 595 4280 aequalis
613 4212 726 4264 arietari
743 4211 898 4281 instipatum
924 4216 993 4271 litici
1011 4214 1165 4284 scriptores.

69 4305 118 4358 Ad
137 4301 224 4367 iliud,
242 4301 319 4368 quod
333 4300 378 4352 lea
396 4297 478 4359 dicit,
503 4298 735 4367 quemadmodum
747 4297 840 4368 seec‘t,
858 4298 899 4353 sic
962 4307 1019 4358 260.
1057 4300 1104 4355 Ad
1132 4301 1256 4363 formam
1281 4298 1367 4370 igitur
1392 4298 1485 4366 ispum
1509 4297 1633 4351 ciuilium
1659 4296 1827 4351 muti-m.
1841 4301 1886 4346 1111

68 4392 118 4455 iot
137 4389 191 4457 illi,
210 4388 393 4456 respondent,
411 4385 621 4439 similitudinem
640 4401 699 4438 esse
717 4384 747 4437 in
770 4385 847 4441 malo
865 4387 899 4439 il·
926 4396 985 4444 tum
1002 4387 1128 4443 iacimus.
1165 4386 1206 4441 Ea
1223 4401 1288 4442 vcro
1309 4384 1426 4442 docendi
1450 4401 1534 4439 eausa
1553 4384 1654 4454 duplex
1673 4382 1759 4439 statui
1772 4362 1855 4464 1¹:¹22?

67 4477 134 4531 tato.
172 4476 246 4528 Nam
271 4481 296 4526 et
325 4472 434 4526 Simeon
460 4471 628 4526 Pbitistaeis
654 4472 709 4540 ait,
744 4489 773 4525 se
798 4474 901 4537 fecisse
926 4483 1025 4546 potest,
1043 4476 1154 4528 interna
1172 4479 1200 4529 et
1216 4481 1340 4527 caterno.
1376 4473 1493 4526 interm
1513 4478 1555 4526 est
1574 4466 1853 4558 congruentiagffi

67 4564 135 4620 iilis,
155 4561 386 4630 quemadmodum
406 4559 453 4613 illi
471 4559 528 4628 spei
537 4561 674 4624 fecerant,
693 4577 812 4628 quorum
829 4579 900 4615 arsa
926 4581 988 4618 cum
1002 4563 1066 4633 jure
1084 4559 1213 4625 naturali,
1232 4576 1294 4613 cum
1314 4556 1464 4613 dictamine
1487 4562 1578 4611 rectae
1596 4556 1711 4611 rationis
1730 4564 1759 4613 et
1852 4545 1859 4558 ’

69 4649 216 4715 combussit
229 4655 349 4716 propter
368 4649 508 4699 ademtam
525 4662 650 4701 nomem.
693 4646 746 4698 Est
772 4645 843 4699 enim
862 4649 899 4700 si·
925 4648 1069 4719 principiis
1091 4645 1222 4717 practicis
1246 4653 1346 4699 natura
1369 4644 1460 4711 notis;
1488 4650 1601 4696 uterne
1623 4649 1666 4698 est
1694 4660 1757 4713 pro-

68 4736 199 4791 mititudo
218 4742 244 4787 et
258 4733 372 4802 paritas
392 4733 498 4789 damni.
533 4731 576 4787 Ex
598 4732 651 4787 hoc
665 4731 747 4804 Fagii
772 4732 833 4788 loco
852 4724 1026 4809 de-lprietas
1051 4737 1079 4789 et
1104 4731 1286 4803 perspicuitas
1313 4730 1459 4791 sermonis,
1489 4745 1544 4798 quo
1573 4729 1648 4802 leges
1671 4747 1689 4785 a
1709 4748 1756 4787 no·

68 4823 166 4879 sumsit
193 4820 316 4875 Bodinus
343 4820 392 4877 lib.
417 4826 441 4876 6.
468 4819 502 4874 de
526 4819 620 4889 repub.
650 4835 711 4889 cap.
731 4825 755 4876 6.
775 4837 820 4875 nu.
840 4826 899 4879 tae.
925 4820 1054 4878 mothstis
1073 4819 1265 4891 concipiuntur
1283 4835 1317 4873 ac
1339 4816 1557 4889 promulgantur.
1596 4816 1757 4884 Deforme
1770 4833 1870 4876 muns
1946 4846 1949 4855 ·

66 4927 144 4964 snam
163 4907 353 4976 assertionem,
382 4906 456 4978 quod
480 4906 509 4959 in
527 4907 686 4960 ciuitatibus
706 4907 900 4963 Hebraeorum
925 4910 994 4982 legis
1013 4910 1121 4964 interm
1141 4907 1256 4964 notandi
1282 4912 1347 4962 suot
1371 4905 1548 4960 1111111111.
1587 4908 1610 4962 l.
1632 4907 1688 4960 Lea
1702 4923 1757 4975 po·

65 5014 121 5049 non
138 4995 227 5058 ficeret
252 4994 397 5048 obseruata
422 4992 492 5047 talio
517 4992 726 5060 Pptbaporica,
753 4994 900 5048 stamius
924 4997 1006 5050 sitioa
1032 5003 1170 5065 conqrssat
1196 5012 1257 5048 cum
1269 4993 1339 5064 jure
1360 4992 1497 5062 naturali,
1521 4996 1563 5048 est
1588 4991 1660 5049 euim
1683 4992 1757 5048 illius

67 5083 94 5136 ei
113 5083 296 5152 effoderetur,
313 5080 363 5149 qui
378 5080 464 5133 alteri
482 5079 581 5149 effodit
600 5077 720 5146 ocrslum,
736 5080 790 5132 sed
802 5081 900 5150 potius
924 5081 1061 5154 quaedam
1080 5098 1213 5154 propago,
1231 5077 1358 5135 surculus
1376 5094 1410 5132 ac
1428 5078 1513 5135 risus¹
1529 5079 1590 5149 jam
1610 5094 1675 5134 vero
1695 5096 1756 5133 eur·

66 5170 198 5223 damnem
216 5167 298 5235 iacta
318 5164 466 5220 arbitrium
482 5164 589 5233 iudicis
605 5181 660 5232 pro
683 5166 820 5234 qualitate
835 5184 899 5236 per·
924 5170 1004 5225 culus
1032 5186 1095 5224 cum
1124 5168 1234 5230 arbore,
1266 5164 1340 5219 rivus
1368 5182 1431 5220 cum
1463 5164 1540 5221 fonte
1569 5167 1693 5234 ejusdem
1714 5172 1758 5224 est

65 5273 198 5310 sonarum
217 5261 242 5307 ct
260 5252 370 5306 ratione
385 5251 659 5306 circumstantiarum
674 5252 797 5324 pedania
815 5253 897 5307 aesti-
924 5262 1047 5312 naturas.
1084 5253 1271 5309 Tertullianus
1295 5251 1324 5305 in
1349 5251 1421 5323 apol.
1448 5252 1510 5306 sdv.
1533 5258 1631 5325 gentes
1650 5269 1711 5324 esp.
1730 5258 1756 5312 l.

65 5349 169 5396 motum
182 5341 288 5409 fuisse.
325 5339 415 5395 Nemo
433 5344 524 5395 tamen
537 5336 652 5406 dubitet,
671 5337 738 5407 quin
753 5339 836 5407 juxta
854 5356 898 5394 ex·
924 5361 952 5415 p.
971 5347 1018 5401 20:
1050 5342 1135 5410 Lepos
1159 5355 1208 5392 nec
1232 5355 1370 5392 annorum
1390 5356 1536 5404 numerose,
1563 5357 1612 5392 nec
1632 5340 1756 5399 eondito-

64 5445 189 5501 pressum
210 5428 281 5500 legis
295 5433 418 5482 tenorem
437 5426 466 5481 in
485 5425 652 5498 quibusdam
669 5425 780 5480 casibus
792 5426 898 5483 1111111
923 5447 985 5483 rum
1003 5428 1129 5500 diqnitas
1149 5425 1337 5489 commendat,
1367 5428 1419 5479 sed
1441 5424 1601 5496 aequalitas
1620 5425 1702 5492 sola,
1730 5436 1755 5483 et

65 5533 245 5588 personarum
264 5520 293 5570 st
309 5511 378 5568 facti
394 5509 493 5567 habita
507 5512 556 5584 jus
574 5509 685 5569 talionis
703 5512 830 5582 praecise
847 5513 895 5568 ob·
923 5517 987 5571 ideo
1006 5531 1067 5570 cum
1083 5513 1196 5582 iniquae
1212 5520 1462 5583 rmoqnoscontur,
1491 5512 1590 5568 memte
1617 5514 1754 5570 (1111111-

64 5609 205 5661 servatum
224 5599 317 5657 iussit
354 5598 394 5656 et
408 5614 473 5655 cum
489 5598 543 5657 1111
561 5597 751 5656 1111111111111
766 5599 852 5656 etism
867 5598 896 5657 in
922 5611 979 5661 tur.
1015 5598 1144 5658 oman
1162 5597 1252 5668 111111
1271 5597 1366 5656 inanis
1384 5606 1424 5655 est
1441 5616 1575 5670 omura,
1604 5599 1663 5658 nisi
1682 5600 1755 5657 dioi-
