4020 6014
215 232 265 289 eo
801 219 923 278 docus
941 215 1143 276 Videamus
1160 216 1323 276 TERTIUS

227 377 369 442 medetur,
386 377 480 430 Deum
495 374 707 445 permiserunt,
725 382 756 430 ut
775 376 939 431 ordinarius
952 383 1055 447 pastor
1082 374 1242 442 remedium,
1261 388 1333 445 quas
1350 339 1442 428 omnia
1460 373 1541 428 arunt
1556 370 1673 426 clariora
1697 386 1729 426 ex
1745 370 1915 443 quaestioni-

223 467 268 521 ita
282 471 363 533 erret,
383 470 413 516 ut
429 462 554 531 decipiat
563 461 872 534 simplicempoputum,
890 464 940 519 ssd
952 463 1054 519 frustm
1081 459 1133 514 bus
1152 460 1187 516 de
1207 459 1373 531 specialibus
1392 458 1557 529 quibusdam
1577 457 1696 512 casibus·

226 549 390 621 disputatur,
409 565 444 603 au
462 547 522 604 fieri
541 547 636 618 possit,
656 550 691 604 da
708 565 763 619 quo
777 549 922 605 manifeste
938 556 1054 616 constat,
1116 551 1156 602 89.
1194 551 1219 602 3.
1237 549 1283 600 Εο
1302 545 1492 615 appellatione
1515 544 1713 597 ministrorum.
1757 539 2008 633 cumcun-{53³¹

224 636 301 708 ‘quod
317 637 423 691 factum
440 635 485 702 sit,
507 633 658 689 ordinarios
677 643 800 705 pastores
821 637 931 707 saepius
950 653 1054 691 errasse
1081 648 1135 703 que
1154 631 1271 685 ministri
1290 638 1354 686 sunt
1376 637 1405 686 et
1426 631 1555 685 dicuntur
1580 636 1716 700 pastores,
1741 629 1783 683 illi
1801 644 1914 700 quoque
1928 656 1951 684 v.
1964 643 1996 685 tt.

224 727 254 779 et
269 723 421 793 simplicem
444 721 577 791 populum
599 720 742 793 decepisse
762 722 868 794 absque
885 721 989 793 insigni
1004 722 1052 777 im·
1081 717 1214 788 competit
1228 717 1276 787 jus
1296 723 1324 772 et
1340 722 1463 788 potestas
1480 716 1597 772 vocandi
1614 723 1746 786 pastores.
1780 715 1835 772 Sed
1847 723 1914 771 sunt
1928 697 2004 788 932¹,

224 808 359 879 pudentia
380 807 477 878 negari
494 807 604 879 nequit;
631 806 677 862 hic
704 824 770 879 argo
795 826 926 880 urgemus
947 808 1053 863 Beller-
1081 811 1110 859 et
1131 805 1262 859 dicuntur
1280 803 1396 858 ministri
1416 804 1556 859 ecclesiae.
1593 803 1668 874 Ergo
1688 803 1822 859 ecelesiae
1838 820 1912 859 com·
1926 805 1986 839 ⁸⁰³⁸·

222 894 329 950 minum
352 901 380 949 et
403 893 574 966 quaerimus,
597 910 634 948 an
656 893 806 950 ordinarios
831 902 956 966 pastores
972 895 1054 951 etiam
1081 891 1153 960 petit
1172 892 1220 961 jus
1246 895 1275 946 et
1298 897 1421 960 potestas
1451 890 1568 945 vocandi
1592 895 1725 960 pastores.
1770 889 1913 945 Assumtio

221 988 348 1037 errantes
364 980 485 1052 populus
510 980 589 1053 sequi
608 980 728 1037 debeat?
751 980 775 1034 ei
793 980 928 1036 adfirmata
945 996 1054 1051 respon·
1081 976 1259 1032 confirmatur
1277 993 1311 1031 ax
1332 983 1354 1033 1.
1373 977 1434 1034 Cor.
1456 983 1480 1045 3,
1497 994 1523 1032 r.
1545 982 1592 1032 21:
1613 977 1713 1030 Omnia
1731 984 1916 1045 vestrorunt,

225 1067 300 1135 deat,
317 1066 493 1122 manifestum
511 1067 609 1130 faciet,
629 1083 659 1121 se
678 1083 789 1138 operam
807 1067 933 1122 venalem
949 1067 1055 1122 locasse
1081 1081 1106 1116 r.
1125 1069 1166 1119 2².
1186 1064 1244 1118 siae
1263 1062 1458 1128 Postumiae
1476 1061 1599 1134 Coptos,
1618 1064 1712 1117 omnia
1729 1071 1824 1117 oestro
1840 1071 1914 1119 sunt.

225 1155 259 1224 ei,
277 1154 326 1225 qni
344 1171 368 1209 ο.
404 1152 434 1209 Si
444 1153 531 1223 Papa
551 1153 614 1207 dist.
626 1159 669 1209 40.
688 1153 726 1207 sic
739 1153 828 1224 rugit:
847 1153 882 1208 ss·
893 1171 976 1223 papa
987 1170 1054 1207 suae
1083 1156 1105 1205 2.
1129 1150 1190 1205 Cor.
1217 1157 1245 1220 l,
1272 1168 1298 1205 v.
1326 1157 1369 1207 tt:
1400 1152 1466 1204 Non
1495 1150 1675 1205 ἀοοιιοοοιον
1697 1150 1772 1218 fidei
1797 1157 1914 1203 uestrae.

224 1248 251 1295 et
262 1243 415 1310 fraternae
435 1241 536 1295 salutes
553 1241 696 1294 immemor
713 1241 858 1308 septipens
874 1240 1055 1310 deprehendi·
1085 1243 1106 1292 l.
1119 1236 1193 1291 Petr.
1207 1243 1231 1306 5,
1250 1253 1276 1294 v.
1290 1243 1319 1293 2:
1338 1239 1451 1291 Pascite
1470 1253 1531 1290 eum
1544 1237 1594 1306 qui
1605 1238 1634 1290 in
1647 1237 1724 1289 uobis
1734 1243 1783 1296 ¹eet
1793 1251 1915 1304 propone,

224 1335 279 1398 tur,
299 1328 407 1382 inutilis
427 1335 453 1380 et
469 1328 604 1380 remiames
622 1327 653 1379 in
671 1327 801 1395 operibus
819 1327 879 1380 suia
896 1334 922 1380 et
941 1327 1055 1396 desurper
1082 1340 1107 1376 v.
1128 1329 1152 1380 3.
1178 1341 1234 1378 non
1257 1324 1434 1378 dominantes
1456 1324 1550 1380 oleris.
1589 1321 1700 1393 Excipit
1722 1322 1915 1386 Bellarminus,

225 1429 244 1466 a
261 1412 332 1466 bono
345 1414 509 1477 taciturnus,
528 1413 604 1481 quod
618 1412 710 1480 mapis
727 1411 819 1476 officit
835 1412 891 1464 stoi
910 1418 936 1465 et
953 1411 1054 1467 nihilo·
1082 1411 1227 1482 episcopas
1245 1427 1304 1464 esse
1322 1412 1465 1464 ministrer
1476 1411 1617 1477 corkaiae,
1635 1411 1704 1480 quia
1715 1427 1769 1479 pro
1787 1427 1822 1464 ea
1836 1409 1914 1463 lobo-

223 1499 316 1552 mr'nus
336 1500 473 1567 omnibus,
502 1497 719 1551 innumerabiles
740 1496 865 1568 populos
892 1500 1055 1552 οοιονοοιίια
1081 1505 1160 1563 rant,
1189 1514 1245 1550 non
1269 1499 1317 1551 illi
1335 1499 1502 1565 abundando,
1524 1498 1577 1550 sed
1602 1513 1662 1550 eam
1686 1498 1809 1565 rependo
1834 1497 1915 1564 eique

224 1590 315 1639 aarum
342 1587 427 1638 ducat
452 1584 548 1653 primo
574 1582 716 1654 manmpio
749 1583 889 1652 paternae
913 1602 975 1638 cum
993 1586 1055 1654 ipro
1079 1585 1282 1652 praesidendo.
1320 1584 1435 1653 Duplea
1459 1583 1532 1638 enim
1551 1591 1590 1636 set
1606 1599 1693 1651 penus
1713 1583 1914 1651 ministrorum,

220 1671 319 1740 plopie
336 1670 430 1724 οιιιὶιίο
444 1671 474 1723 in
492 1678 635 1723 aeternum
648 1670 842 1739 vapulaturos,
853 1672 938 1739 hujus
955 1672 1055 1740 culpas
1083 1688 1144 1724 oum
1163 1670 1218 1724 olii
1234 1670 1357 1724 serviam
1376 1670 1546 1735 obediendo,
1564 1678 1594 1723 ut
1613 1669 1770 1738 mancipio,
1788 1669 1844 1722 olii
1862 1669 1913 1721 im·

224 1759 288 1812 istie
307 1760 478 1826 redasquere
492 1763 660 1826 praesumot
676 1756 836 1810 mortalium
855 1758 967 1826 nullus,
989 1759 1055 1827 quia
1079 1759 1219 1826 peranda,
1237 1764 1267 1809 ut
1280 1757 1448 1825 poedopopi
1458 1764 1483 1810 et
1496 1757 1585 1810 mnis
1597 1757 1787 1825 mopistratue.
1819 1756 1914 1809 Porro

225 1851 338 1898 monetas
357 1842 419 1912 ipae
443 1843 623 1911 judicaturus
645 1860 665 1895 a
683 1843 791 1896 nemine
814 1851 855 1896 eat
875 1844 1055 1911 iudicandus,
1083 1844 1227 1913 missaper
1240 1843 1822 1912 amuirepopulierependoetimperanda,
1834 1850 1914 1911 patet

226 1929 285 1988 Neo
303 1936 347 1986 est
365 1929 439 2001 quod
457 1930 487 1983 iu
503 1929 641 1983 locutione
660 1935 820 1999 comparata
837 1928 984 1985 latibulum
1001 1930 1054 1985 sibi
1084 1929 1177 1984 Actor.
1197 1935 1238 1985 20.
1257 1935 1285 1984 at
1303 1929 1389 1986 Hebr.
1411 1934 1450 1985 13.
1485 1928 1707 2001 Respondemus:
1734 1934 1756 1984 1.
1776 1946 1831 1983 non
1850 1935 1915 1983 sunt

225 2023 353 2088 paratum
370 2015 520 2085 existimet,
548 2014 681 2086 populum
708 2016 809 2071 debere
827 2024 966 2087 pastorem
983 2017 1055 2071 ordi·
1082 2015 1136 2071 sibi
1150 2016 1268 2071 invicem
1281 2016 1447 2086 opponenda
1454 2016 1580 2086 legitima
1590 2015 1707 2069 ministri
1716 2032 1766 2084 per
1780 2015 1915 2086 suffragia

225 2103 335 2158 narium
366 2108 501 2158 uranum
529 2103 625 2172 potius
657 2102 735 2172 sequi
767 2119 850 2174 quam
884 2103 970 2158 alium
1001 2094 1056 2157 non
1082 2103 1237 2157 auditorum
1257 2103 1365 2158 vocatio
1383 2108 1411 2158 et
1429 2102 1522 2157 debita
1541 2118 1608 2173 erga
1620 2102 1775 2156 ministrum
1791 2100 1914 2173 legitime

225 2195 368 2260 vocatum,
393 2207 448 2245 nou
467 2189 541 2244 enim
559 2188 612 2242 hoc
631 2189 692 2242 loco
712 2189 865 2259 quaeritur,
893 2207 929 2245 au
950 2189 1055 2261 absque
1082 2196 1209 2244 vocatum
1225 2189 1379 2244 reverentia
1405 2195 1434 2243 st
1459 2188 1623 2243 obedientia
1657 2187 1782 2258 Populus
1802 2188 1914 2242 omuino

224 2277 367 2332 mentione
387 2275 487 2347 aliquis
504 2276 534 2330 in
557 2275 674 2332 ecelesia
698 2275 810 2345 publice
829 2276 927 2331 docere
946 2276 1055 2346 debeat,
1081 2277 1165 2332 debet
1177 2276 1291 2331 obedire
1308 2276 1440 2330 ministris
1456 2275 1579 2347 legitime
1591 2275 1706 2344 vocatis,
1725 2292 1759 2329 ex
1773 2292 1805 2330 eo
1819 2284 1913 2329 autem

224 2365 275 2420 sed
305 2381 341 2418 an
369 2369 493 2435 pastores
522 2361 653 2417 ordinarii
683 2368 805 2418 errantes
834 2368 861 2416 et
892 2362 1054 2419 seducentes
1082 2380 1137 2418 non
1158 2362 1243 2419 debet
1261 2362 1371 2432 inferri,
1392 2362 1466 2433 quod
1484 2361 1618 2433 suffragia
1639 2362 1735 2432 populi
1753 2378 1770 2416 a
1787 2361 1913 2432 legitima

224 2451 356 2507 audiendi
374 2449 437 2505 sint.
472 2450 570 2521 Neque
587 2456 630 2504 est
650 2448 809 2504 immediata
833 2450 964 2504 connexio
982 2449 1055 2504 inter
1082 2450 1267 2504 ministrorum
1284 2449 1428 2504 vocatione
1440 2448 1560 2504 debeant
1578 2448 1696 2504 excludi.
1728 2454 1753 2506 2.
1770 2447 1914 2519 Quidquid

224 2537 294 2594 baec
321 2538 377 2593 duo
403 2537 539 2592 membra:
572 2536 602 2593 si
631 2536 749 2607 populus
777 2552 832 2590 nou
863 2535 948 2591 debet
976 2536 1054 2608 sequi
1082 2535 1199 2590 ministri
1224 2536 1346 2607 legitime
1369 2536 1461 2591 vocati
1486 2543 1515 2590 et
1538 2552 1587 2590 suo
1613 2541 1688 2590 recte
1705 2536 1853 2606 fungentes
1873 2536 1913 2591 oi·

223 2632 362 2697 pastorem
381 2623 549 2680 ordinarium
568 2629 712 2686 errantem,
730 2622 952 2693 cogeturaudire
971 2622 1054 2677 alium
1081 2623 1265 2694 ficioag1mt‚
1289 2641 1344 2677 non
1368 2639 1432 2693 suo,
1451 2622 1502 2688 sed
1526 2621 1579 2676 Dei
1600 2630 1628 2677 ct
1645 2622 1779 2677 ecclesiae
1801 2622 1912 2676 nomine

224 2727 281 2766 uon
299 2716 441 2774 vocatum,
470 2710 552 2765 datur
578 2709 650 2764 enim
675 2709 800 2777 tertium,
823 2709 953 2764 videlicet
979 2710 1054 2780 quod
1082 2716 1177 2781 agunt.
1212 2710 1288 2763 Deus
1317 2715 1359 2764 est
1382 2709 1510 2763 dominus
1533 2708 1627 2764 messis
1651 2714 1680 2763 et
1706 2708 1914 2779 paterfamilias,

224 2798 342 2853 ecclesia
359 2796 461 2852 debeat
481 2798 545 2867 jure
573 2812 623 2851 suo
649 2795 691 2850 uti
715 2802 744 2849 et
769 2795 799 2849 in
825 2796 915 2850 locum
937 2796 1054 2850 errantis
1082 2796 1198 2852 ecclesia
1217 2803 1260 2851 est
1275 2796 1359 2852 decus
1379 2796 1475 2852 domus
1500 2802 1530 2851 ct
1547 2795 1768 2865 materfamilias,
1795 2796 1914 2850 ministri

224 2881 309 2938 alium
331 2889 408 2938 recta
431 2887 461 2937 et
478 2881 610 2936 salutmia
633 2882 778 2937 docentem
796 2894 903 2938 vocare
941 2887 980 2939 1⁰.
999 2882 1054 2939 Sed
1081 2888 1147 2937 sunt
1168 2882 1318 2938 oeconomi.
1363 2888 1387 2938 3.
1413 2882 1597 2956 Nequaquam
1627 2882 1713 2953 igitur
1741 2883 1913 2938 dominatum

225 2969 321 3026 demus
353 2987 387 3025 ex
419 2968 578 3040 hypothesi,
614 2969 689 3040 quod
718 2967 836 3039 populus
866 2968 901 3024 de
929 2968 1055 3024 doctrina
1081 2970 1220 3042 quendam
1238 2970 1381 3040 politicum
1404 2969 1434 3023 in
1458 2970 1598 3025 auditores
1629 2969 1682 3023 sibi
1707 2986 1837 3041 arrogare
1861 2987 1914 3026 nac

223 3056 342 3126 putoris
356 3056 485 3126 judicare
496 3055 597 3110 debeat
614 3072 648 3110 ex
668 3055 794 3109 doctrina
811 3055 1053 3126 praedecessorum
1082 3056 1269 3113 authenticam
1284 3074 1334 3128 pro
1352 3056 1433 3112 libitu
1452 3057 1554 3129 agendi
1573 3062 1601 3111 et
1618 3056 1772 3126 imperandi
1792 3061 1912 3128 potesta-
1942 3112 1944 3118 ,

225 3149 255 3196 et
265 3136 474 3210 ordinariorum,
492 3140 654 3212 praesertim
665 3140 803 3211 pontificis
814 3141 941 3211 Romani,
961 3149 1055 3197 manet
1081 3152 1137 3200 tem
1154 3144 1208 3200 sibi
1224 3144 1371 3199 vendicare
1390 3143 1501 3207 debent,
1520 3143 1570 3198 sed
1587 3143 1702 3198 audiant
1719 3143 1788 3198 illud
1810 3142 1914 3198 Christi

212 3228 403 3284 nihilominus
420 3233 613 3300 argumentum
635 3234 763 3283 noenum
782 3234 872 3282 ratum
892 3236 920 3284 et
936 3228 1054 3285 firmum.
1081 3230 1149 3287 Luc.
1171 3236 1212 3295 22,
1232 3249 1259 3285 s.
1279 3236 1326 3286 26:
1360 3230 1412 3285 Vos
1430 3237 1524 3283 autem
1545 3246 1601 3283 non
1624 3230 1682 3298 sio,·
1706 3229 1822 3284 audiant
1843 3230 1913 3285 illud

94 3332 166 3374 mn.
180 3331 214 3376 οι.
224 3314 349 3386 Populus
364 3315 449 3371 debet
467 3315 623 3369 discernere
648 3332 744 3370 verum
759 3316 922 3386 prophetam
939 3332 957 3371 a
974 3315 1054 3372 falso,
1081 3318 1157 3373 Petri
1179 3324 1200 3372 1.
1221 3316 1301 3388 epist.
1320 3323 1344 3386 5,
1363 3335 1389 3374 v.
1410 3322 1440 3371 3:
1457 3317 1529 3390 μηδὲ
1549 3314 1584 3375 ais
1601 3316 1841 3386 κατακυριεύοντες
1858 3318 1914 3371 τῶν

224 3399 300 3474 Ergo
317 3402 467 3474 requiritur
488 3401 583 3472 populi
607 3417 755 3456 cousensus
783 3406 811 3456 et
835 3401 997 3474 suffragium
1018 3404 1054 3456 ad
1082 3404 1198 3478 κλήρων.
1235 3410 1260 3460 4.
1285 3403 1328 3459 Ne
1354 3403 1466 3475 quidem
1485 3420 1534 3472 per
1554 3404 1732 3474 magistratus
1752 3402 1913 3459 electionem

224 3489 411 3544 ministromm
426 3491 606 3555 rabadonem.
640 3487 826 3543 Bellarminus
845 3489 954 3559 excipit,
969 3507 1054 3558 posse
1082 3492 1164 3548 certis
1185 3489 1392 3545 conditionibus
1425 3507 1458 3544 ac
1480 3490 1569 3560 pactis
1595 3489 1737 3544 conventis
1767 3489 1912 3545 limitatam

224 3577 335 3645 qrsr'dem
354 3577 494 3644 populum
514 3591 610 3628 uerum
628 3574 796 3643 prophetam
820 3593 839 3628 a
856 3577 934 3639 falso
952 3577 1054 3630 ἀιίοον-
1081 3576 1184 3633 liberae
1203 3576 1372 3646 reipublicae
1392 3576 1522 3630 adimitur
1539 3581 1662 3645 potestas
1682 3574 1719 3629 ab
1737 3574 1830 3630 officio
1849 3594 1912 3632 eum

221 3677 304 3726 uere,
329 3664 383 3715 sed
408 3680 464 3715 non
483 3669 640 3730 propterea
663 3677 747 3730 posse
772 3660 882 3724 falsum
901 3670 1054 3733 pastorem,
1082 3664 1247 3729 removendi,
1266 3679 1348 3735 quem
1366 3662 1460 3734 eligit;
1478 3669 1583 3732 quanto
1601 3663 1691 3716 minus
1703 3679 1753 3733 per
1769 3663 1913 3719 ministerii

224 3749 251 3802 οι·
272 3749 308 3800 sit
333 3749 494 3817 epiecopus,
518 3750 658 3816 ἀοροιιοιο
681 3757 707 3801 et
726 3748 816 3801 aliurn
833 3749 895 3816 ejus
913 3749 974 3803 loco
994 3752 1054 3803 sut·
1083 3749 1261 3806 ecclesiastici
1289 3749 1515 3805 constitutionem
1542 3748 1675 3803 ecclesiae
1701 3748 1812 3803 ademta
1836 3751 1913 3819 judi-

224 3835 357 3903 stitutere,
374 3852 436 3888 mom
454 3836 594 3890 Dominus
614 3843 640 3887 et
653 3836 798 3904 apostolus
809 3842 915 3888 tantum
928 3837 1054 3905 jubeant,
1081 3837 1172 3892 canda
1194 3844 1237 3890 est
1262 3840 1386 3906 potestas
1410 3834 1446 3889 ab
1471 3833 1562 3889 officio
1582 3834 1719 3888 ministros
1739 3835 1768 3888 in
1787 3835 1912 3890 doctrina

223 3929 255 3975 ut
278 3921 353 3984 falsi
373 3922 530 3989 prophetoe
548 3938 605 3973 non
622 3922 778 3974 audiantur
805 3939 825 3974 a
845 3923 969 3990 populo,
998 3940 1054 3976 non
1081 3924 1126 3979 vel
1154 3923 1213 3977 vita
1244 3937 1387 3993 perversos
1419 3921 1591 3984 removendi;
1620 3919 1669 3974 ubi
1699 3927 1792 3975 tamen
1821 3922 1912 3978 denuo

223 4001 358 4062 auumut
370 4007 497 4077 populus
510 4007 699 4075 eosdoponot,
717 4008 1054 4075 eumqueusuaeooleeiae
1081 4026 1237 4078 monemus,
1264 4008 1334 4063 nihil
1361 4015 1463 4063 temere
1490 4007 1534 4061 vel
1561 4005 1675 4062 confuse
1703 4006 1754 4061 hac
1777 4008 1807 4061 in
1832 4018 1913 4079 parte

224 4109 333 4165 aernper
352 4095 509 4162 obtinuerit,
533 4100 563 4145 ut
588 4092 724 4146 henotici
747 4095 874 4163 episcopi
891 4113 911 4147 ο
927 4096 1054 4148 consiliis
1081 4097 1227 4169 agendum.
1263 4102 1287 4151 5.
1307 4095 1467 4167 Repetimus
1486 4094 1561 4166 quod
1584 4094 1687 4148 dictum
1705 4095 1760 4149 fuit
1777 4097 1912 4165 superius,

224 4183 419 4252 apheoparum
437 4179 636 4233 uelammmt'e
645 4179 823 4248 pontificibus
842 4184 1055 4251 deponerentur.
1081 4184 1260 4255 magistratus
1288 4184 1401 4255 quidem
1428 4183 1482 4238 dici
1512 4180 1659 4241 διακόνους
1683 4185 1752 4236 θεοῦ
1772 4181 1843 4237 Rom
1872 4189 1912 4247 to,

223 4262 447 4339 Respondemus:
479 4281 530 4321 nec
566 4283 616 4320 uos
650 4266 836 4339 approbamus
865 4268 1054 4323 confusionem
1081 4290 1105 4326 v.
1123 4278 1147 4326 t.
1166 4271 1294 4341 nuspiam
1317 4286 1382 4325 vero
1400 4268 1541 4323 ministros
1560 4268 1746 4334 subditorum,
1772 4268 1835 4325 ideo
1853 4270 1912 4324 δια·

224 4355 465 4426 Anabaptistic'am
477 4353 1055 4427 acperturbatnminpseudoprophetarum
1082 4361 1161 4412 ιονία
1179 4357 1356 4428 magistratus
1379 4362 1508 4425 respectu
1527 4354 1579 4410 Dei
1601 4373 1656 4410 non
1674 4355 1795 4410 excludit
1813 4358 1911 4412 δεσπο-

224 4444 375 4498 remotione
402 4440 504 4512 agendi
532 4440 668 4509 ordinem,
698 4441 747 4496 sed
774 4441 825 4496 toti
851 4442 984 4496 ecclesiae
1007 4443 1055 4512 jus
1082 4446 1159 4514 ιιιιὴν
1176 4444 1321 4516 κυριότητα
1344 4447 1472 4513 respectu
1497 4440 1677 4495 subditorum.
1713 4442 1770 4497 Sed
1788 4449 1913 4513 pastores

223 4529 342 4584 vocandi
371 4528 485 4583 idoneos
516 4534 544 4582 et
568 4527 725 4583 removendi
744 4529 894 4598 {perversos
917 4529 1055 4585 ministros
1081 4549 1137 4586 non
1154 4532 1242 4586 solum
1256 4530 1317 4600 Dei,
1338 4528 1482 4584 sedefiam
1499 4527 1632 4582 ecclesiae
1644 4528 1761 4582 ministri
1774 4529 1912 4598 dicuntur,

210 4623 380 4687 'competere
399 4614 523 4669 dicimus.
560 4612 699 4684 Fugieudi
716 4615 827 4670 omuino
846 4620 924 4683 sunt,
943 4615 1009 4687 quin
1028 4624 1056 4671 et
1082 4625 1106 4674 2.
1126 4617 1187 4673 Cor.
1211 4623 1236 4685 t,
1261 4634 1288 4668 v.
1311 4623 1339 4671 5:
1368 4617 1434 4668 Non
1455 4616 1656 4683 praedicamus
1674 4633 1725 4668 noa
1748 4616 1838 4685 ipsos,
1860 4621 1913 4672 sed

223 4701 342 4774 fugandi
360 4701 625 4773 pseudoprophetae,
646 4701 756 4754 interim
767 4707 861 4756 tamen
875 4701 943 4754 nihil
959 4710 1055 4758 contra
1080 4705 1178 4758 Jesum
1192 4703 1333 4757 Christum
1346 4703 1508 4767 Dominum,
1527 4719 1578 4754 nos
1596 4709 1688 4755 autem
1701 4717 1796 4755 aomos
1807 4711 1911 4757 vestros

223 4788 347 4843 ordinem
371 4788 503 4843 divinitus
534 4787 713 4843 constitutum
744 4794 852 4858 agatur.
897 4788 1002 4854 Quodsi
1025 4788 1053 4842 in
1077 4807 1131 4860 per
1159 4791 1266 4845 Jeaum.
1314 4787 1418 4842 Coloss.
1445 4793 1474 4855 1,
1509 4805 1534 4841 v.
1564 4793 1611 4842 25:
1645 4786 1732 4855 anrra
1755 4789 1911 4856 (ecelesiae)

223 4873 305 4929 vinea
330 4873 444 4928 Domini
468 4862 528 4945 lupi
551 4878 686 4944 occupent
703 4880 845 4943 pastorum
868 4875 963 4943 sedes,
988 4875 1052 4928 resi-
1073 4879 1174 4945 factm
1192 4893 1243 4946 epo
1262 4893 1323 4930 sum
1341 4874 1476 4927 minister.
1517 4881 1537 4928 l.
1556 4874 1618 4929 Cor.
1637 4878 1667 4943 3,
1688 4892 1713 4931 v.
1734 4880 1780 4930 tt:
1811 4877 1913 4929 Omnia

212 4961 351 5017 standum
374 4959 429 5015 illis
454 4962 543 5016 modis
567 4961 663 5031 licitis,
690 4976 742 5015 nec
764 4959 994 5030 permittendum,
1022 4968 1054 5014 ut
1079 4973 1171 5017 nestra
1206 4970 1277 5015 aunt.
1331 4960 1405 5032 Ergo
1441 4963 1568 5015 διακονία
1608 4968 1749 5031 pastorum
1789 4963 1928 5017 excludit.

221 5047 330 5104 tineam
345 5047 433 5103 libere
450 5049 595 5104 devastent
622 5065 655 5102 ac
672 5047 774 5102 Christi
800 5063 865 5102 oves
889 5063 971 5102 verae
990 5047 1053 5102 doc-
1078 5049 1245 5117 δεσποτικὴν
1264 5045 1416 5121 κυριότητα.
1433 5046 1483 5115 τὴν
1502 5045 1597 5120 ἀρχήν,
1616 5047 1786 5102 dominatum
1809 5053 1838 5102 et
1853 5067 1911 5103 ma-

220 5135 419 5207 trinaepabulo
429 5135 635 5191 defraudentur.
658 5132 776 5206 Reliqua
784 5133 918 5189 ecclesiae
929 5135 1052 5190 membra
1078 5137 1230 5208 gisterium,
1243 5134 1369 5189 Christus
1381 5133 1435 5187 sibi
1447 5135 1567 5201 retinuit,
1580 5133 1687 5202 lehre,
1706 5152 1731 5189 v.
1750 5140 1787 5190 13.
1808 5135 1910 5191 Matth.
1924 5154 1997 5198 nnn

218 5222 348 5279 mutuum
375 5221 518 5277 conferant
544 5221 690 5290 auxilium,
727 5227 756 5276 et
781 5219 899 5276 ecclesia
923 5237 974 5290 pro
1002 5236 1052 5274 suo
1079 5229 1120 5291 23,
1138 5239 1164 5278 v.
1183 5229 1207 5279 8.
1228 5228 1251 5279 l.
1274 5221 1335 5276 Cor.
1356 5227 1380 5290 8,
1397 5239 1422 5274 v.
1440 5229 1463 5278 6.
1481 5223 1531 5277 sed
1543 5222 1686 5275 διακονίαν
1703 5229 1732 5276 et
1744 5225 1909 5295 οἰκονομίαν

223 5311 297 5383 quod
309 5308 404 5365 'habet
420 5308 484 5381 jure
508 5306 630 5380 eligendi
649 5307 789 5362 ministros
816 5307 931 5362 idoneos
947 5312 977 5361 et
992 5324 1052 5378 per·
1078 5310 1209 5364 ministris
1219 5307 1353 5363 ecclesiae
1365 5309 1573 5373 commendavit,
1592 5307 1666 5363 unde
1679 5308 1762 5363 etiam
1773 5306 1909 5383 ἡγεμονία

222 5412 315 5457 versos
341 5396 482 5471 rejiciendi
509 5397 603 5454 debito
629 5396 726 5454 ordine
751 5395 824 5452 malo
847 5394 912 5450 huic
937 5402 1054 5467 quaerat
1077 5396 1140 5466 illa,
1162 5411 1233 5468 quae
1249 5394 1382 5452 tribuitur
1399 5395 1557 5470 pastoribus
1576 5394 1660 5449 Hebr.
1684 5401 1731 5467 ta,
1756 5415 1781 5452 r.
1810 5403 1849 5453 tt.
1868 5398 1909 5454 sic
