4020 6014
623 262 687 319 <Du
705 260 956 320 MAOEBTRATU
974 261 1165 320 POLITIOO.
1691 272 1752 328 309

59 437 121 491 cap.
146 428 173 476 l:
194 420 270 482 Quid
285 421 358 474 euim
378 420 739 488 seducereaatbatumque
758 418 892 472 dmdema
922 417 1037 472 noverit.
1089 423 1112 474 4.
1142 415 1247 472 Solitas
1277 434 1387 489 quoque
1413 417 1490 472 inere
1521 416 1549 471 in
1576 418 1754 472 coronatione

58 507 117 559 uisi
136 508 217 576 requi
235 509 332 570 foreat
352 507 496 575 inueniat
515 507 598 562 Silius
616 505 678 561 libr.
702 512 739 562 19.
767 506 801 560 dc
818 503 895 560 ana
920 520 1016 573 regum
1041 503 1111 558 tales
1135 502 1261 559 adhiberi
1285 504 1471 569 ceremoniae,
1505 519 1576 574 quae
1604 503 1639 558 dc
1663 521 1753 559 rerum

57 593 208 650 Numidiae
227 611 303 660 rege:
919 588 1101 645 humanarum
1127 589 1280 661 fragibtate
1310 597 1339 645 et
1362 591 1435 646 sitae
1460 590 1598 651 humanae
1618 592 1753 650 brevitate

95 720 211 736 .....
225 680 371 750 Reprique
384 679 603 750 iusiqrreeetusti
920 676 994 747 ipsos
1018 677 1199 733 admonerent
1222 694 1373 750 eorumque
1400 679 1506 733 animos
1532 682 1568 735 ad
1587 679 1751 738 moderatio·

97 768 197 822 Gestat
215 768 293 821 Juba
311 769 409 835 deciam
435 767 583 835 ciupumur
602 773 730 834 tempora
758 764 827 819 eiua
921 780 983 818 nem
1018 763 1168 819 flecterent.
1218 764 1316 820 Refert
1344 764 1475 830 isidorus,
1514 766 1753 837 Constantinopoli

95 854 215 910 Albeuti.
920 848 1006 905 fuisse
1029 867 1148 919 morem,
1174 857 1207 906 ut
1224 866 1280 922 quo
1298 849 1343 905 die
1367 850 1516 920 imperator
1542 871 1671 910 coronam
1691 870 1753 907 cae-

58 943 137 996 Inter
145 940 286 996 Romanos
298 938 436 1010 principes
449 938 553 1008 primus
576 937 743 992 Aureliorum
765 936 896 992 diadema
920 951 1026 991 saraam
1042 936 1210 1007 susciperet,
1236 954 1298 991 eum
1316 936 1458 992 sedentem
1478 937 1506 992 in
1524 940 1636 995 sublimi
1655 940 1753 995 throno

58 1027 218 1098 usurparit,
245 1026 380 1081 referente
397 1024 510 1081 Aurelio
529 1024 634 1081 Victor.
664 1024 692 1077 iu
720 1022 807 1094 ipsius
826 1022 892 1078 rita.
920 1023 1064 1079 accederet
1087 1025 1287 1080 caementarius
1312 1041 1468 1095 proponens
1495 1025 1535 1080 illi
1560 1027 1667 1099 aliquot
1683 1026 1752 1097 lapi·

59 1113 188 1170 Valerius
205 1112 342 1168 Maximus
362 1111 424 1167 libr.
444 1119 466 1167 ’1.
487 1109 659 1167 memorabil.
679 1110 773 1181 capite
792 1115 832 1166 11.
853 1125 893 1163 re·
921 1111 986 1164 dum
1003 1127 1114 1182 genera,
1132 1119 1163 1164 ut
1175 1128 1208 1165 ee
1220 1111 1264 1165 bis
1276 1129 1360 1164 uuum
1380 1111 1502 1180 eligeret,
1521 1129 1553 1166 ca
1570 1131 1624 1183 quc
1641 1114 1697 1167 sibi
1711 1120 1752 1165 tu·

59 1201 127 1269 fert,
154 1200 293 1272 quendam
317 1198 424 1254 subtilis
445 1197 544 1270 judicii
562 1214 656 1267 regem
681 1195 815 1251 traditum
840 1195 894 1250 sibi
918 1199 1023 1251 mulum
1040 1198 1185 1262 fabricari
1199 1198 1290 1255 uella.
1324 1197 1356 1250 In
1382 1197 1568 1253 Romanorum
1591 1199 1753 1271 pontificum

60 1286 196 1353 diadema,
216 1286 376 1357 priusquam
395 1284 479 1355 capiti
508 1284 675 1354 imponeret,
704 1282 894 1338 considerasse
919 1283 1144 1355 inauguratione,
1183 1284 1289 1340 interea
1322 1284 1389 1338 dum
1432 1286 1467 1340 de
1503 1303 1577 1342 more
1620 1286 1752 1341 sacellum

59 1390 93 1427 ac
113 1372 226 1429 dixisse:
247 1372 406 1426 Ouebilem
424 1371 514 1438 mapis
527 1387 611 1439 maer
622 1368 737 1434 felicem
751 1370 892 1437 poenum!
919 1367 1048 1440 Gregorii
1073 1369 1230 1425 declaratus
1255 1371 1507 1442 praetergreditur,
1538 1372 1629 1443 praeit
1661 1372 1751 1443 ipsum

59 1477 124 1514 cum
150 1476 204 1529 quo
227 1458 357 1512 convenit
384 1456 452 1531 illud
475 1456 592 1511 Poetae:
919 1456 1137 1511 ceremoniarum
1161 1457 1292 1527 magister
1316 1462 1428 1527 gestans
1454 1459 1603 1513 arundines
1623 1476 1672 1514 seu
1689 1476 1752 1513 can-

130 1545 165 1599 Si
187 1545 274 1598 scires
299 1545 398 1613 quami
412 1544 524 1614 plenium
543 1543 677 1597 riiadeusa
694 1542 805 1611 pericli,
920 1559 970 1596 nas
985 1543 1062 1610 duas,
1081 1559 1198 1614 quarum
1210 1543 1289 1599 alteri
1306 1561 1415 1598 sursum
1434 1545 1562 1615 apposita
1575 1547 1752 1600 estcandeia

128 1632 236 1686 Malles
261 1630 388 1700 Sisppbii
400 1630 536 1699 ponderis
558 1645 617 1683 esse
635 1646 709 1684 reue.
919 1631 1036 1698 ardeus,
1064 1645 1148 1699 quam
1166 1629 1246 1685 alteri
1270 1646 1385 1699 murrae,
1408 1631 1452 1685 cui
1480 1631 1669 1702 superpositae
1689 1638 1753 1687 suut

59 1720 144 1791 Apud
176 1718 275 1773 Persas
306 1717 435 1773 diadema
471 1716 565 1788 regale
597 1715 748 1771 vocabatur
774 1713 891 1767 cidaris.
919 1723 1047 1785 stuppae,
1066 1714 1182 1770 adhibet
1213 1714 1392 1786 incenditque
1417 1716 1525 1774 dicens:
1550 1720 1638 1772 Pater
1658 1726 1753 1772 sancte

58 1805 170 1860 Curtius
199 1804 260 1859 libr.
291 1809 312 1859 3.
343 1803 455 1859 histor:
488 1802 616 1858 Cidarim
649 1802 757 1854 Persae
786 1799 893 1869 regium
919 1801 961 1854 sic
978 1802 1080 1855 transit
1097 1802 1192 1870 pieria
1209 1804 1322 1870 meandi,
1350 1803 1425 1874 quod
1450 1803 1540 1875 ipsum
1562 1804 1645 1859 etiam
1671 1805 1753 1861 tertio

58 1893 162 1965 capitis
204 1891 341 1945 uocabant
372 1889 496 1959 iurique,
537 1889 588 1941 boc
630 1887 762 1942 caerulea
789 1887 893 1954 fascia
918 1886 1261 1955 itethamerariuslibr.
1274 1894 1294 1944 l.
1307 1905 1413 1960 operar.
1425 1892 1672 1963 succisiv.cap.12.
1692 1891 1753 1956 Quo

57 1979 123 2034 cibo
160 1979 294 2033 distincta
325 1977 470 2032 circuibat.
521 1976 591 2031 Item
623 1974 702 2030 tiara.
734 1973 892 2028 Brissouius
920 1974 1047 2044 pertinet,
1067 1974 1142 2044 quod
1161 1974 1272 2029 Platina
1290 1983 1500 2044 commemorat,
1523 1977 1669 2048 pontifices
1693 1979 1752 2048 ipsc

60 2065 129 2120 libro
160 2072 181 2122 1.
213 2065 247 2120 de
273 2081 348 2136 regn.
373 2062 484 2118 Persico
506 2078 572 2133 pag.
602 2067 649 2117 30:
681 2061 770 2114 Tiara
798 2076 893 2128 rapum
919 2060 1103 2115 coronationis
1119 2060 1164 2115 dis
1176 2060 1262 2115 sellae
1274 2063 1459 2116 stercorarius
1470 2062 1583 2134 imponi,
1604 2070 1636 2117 ut
1648 2063 1682 2118 de
1702 2062 1753 2118 bu·

59 2153 239 2207 Persicorum
256 2151 314 2216 fuit
331 2150 463 2220 propria.
499 2147 677 2202 Marcellinus
704 2146 775 2202 libro
794 2150 835 2201 29.
852 2161 892 2199 re-
920 2163 1063 2203 menarum
1086 2164 1177 2201 rerum
1203 2147 1359 2204 conditione
1379 2149 1587 2204 admoneantur.
1633 2150 1752 2205 Zonaras

59 2240 122 2306 fert,
141 2237 272 2309 Saporem
291 2252 382 2307 regem
402 2235 549 2290 Persarum
565 2250 679 2290 aureum
703 2233 803 2304 capitis
819 2231 889 2287 arie·
919 2234 981 2289 libr.
1000 2239 1025 2290 2.
1044 2233 1135 2289 annal.
1155 2233 1254 2298 refert,
1281 2235 1355 2306 quod
1375 2235 1398 2288 si
1417 2236 1529 2306 quando
1546 2235 1630 2290 alicui
1650 2253 1684 2290 ex
1702 2237 1752 2290 du·

59 2326 110 2379 tini
128 2324 290 2396 figmentum
309 2323 516 2377 interstructum
533 2320 636 2391 lapillis
660 2336 711 2390 pro
730 2319 886 2375 diademate
920 2321 998 2376 cibus
1025 2320 1069 2375 vel
1097 2319 1308 2391 imperatoribus
1336 2321 1469 2376 &manis
1501 2321 1537 2377 ob
1565 2337 1608 2376 res
1636 2322 1754 2378 feliciter

59 2418 192 2483 gestasse.
232 2413 257 2463 2.
278 2409 429 2477 Purpurea
450 2407 533 2461 emis
560 2422 658 2478 regum
684 2405 749 2462 olim
774 2409 835 2460 erat
852 2403 891 2458 in·
920 2413 1013 2479 gestas
1029 2411 1058 2462 et
1074 2406 1167 2461 hostes
1184 2406 1306 2462 devictos
1324 2407 1481 2479 triumphus
1505 2424 1523 2462 a
1543 2413 1640 2463 senatu
1661 2409 1752 2464 decre-

59 2498 156 2569 signe‚
181 2511 252 2566 quac
274 2493 350 2563 apud
369 2492 502 2563 quosdam
522 2499 636 2548 vocatur
652 2494 757 2549 trabea.
783 2492 802 2546 l.
822 2490 892 2546 unic.
920 2499 965 2549 tus
986 2499 1058 2550 esset
1076 2494 1157 2565 isque
1175 2493 1204 2548 in
1223 2510 1305 2549 curru
1331 2493 1490 2565 triumphali
1515 2495 1634 2550 maxima
1651 2513 1755 2567 pompa

59 2585 90 2639 C.
104 2584 139 2639 de
157 2581 256 2638 vestib.
274 2579 360 2635 holos.
378 2585 406 2633 et
423 2596 480 2634 aur.
508 2579 720 2635 Valentinianus
739 2576 891 2642 constituit,
919 2581 1016 2638 urbem
1033 2580 1239 2652 ingrederetur,
1267 2581 1364 2637 eodem
1380 2597 1463 2636 curru
1488 2581 1609 2637 carnifex
1629 2582 1753 2638 minister

60 2687 93 2725 ue
114 2670 177 2739 ques
197 2676 283 2721 vestes
301 2674 419 2720 auratas
439 2672 520 2735 perat
533 2673 651 2736 practer
664 2666 892 2738 principemus
919 2667 1048 2739 publicus
1071 2671 1168 2722 vachis
1197 2667 1295 2736 fuerit,
1321 2669 1369 2740 qui
1396 2684 1467 2739 pone
1493 2686 1622 2724 coronam
1640 2676 1755 2725 auream

60 2758 123 2826 quis
145 2771 304 2825 purpuram
326 2749 420 2822 pectet.
456 2752 618 2807 lactantius
634 2778 638 2817 ς
643 2751 704 2807 libr.
732 2750 892 2808 a‘institut.
920 2754 1035 2827 gemme
1055 2753 1213 2810 distinctam
1232 2754 1369 2810 sustinens
1388 2771 1451 2810 eum
1463 2755 1639 2820 admonebat,
1657 2764 1689 2812 ut
1709 2775 1750 2813 re·

60 2859 120 2912 cap.
143 2848 166 2897 7.
186 2841 278 2894 colore
295 2838 379 2909 hujus
396 2840 482 2893 sesfis
504 2838 661 2894 rubicundo
680 2837 823 2910 sanguinis
842 2837 891 2890 im·
918 2841 1046 2912 spiceret,
1066 2827 1179 2896 boe‘cst
1203 2846 1235 2896 ut
1252 2840 1388 2912 reliquum
1408 2840 1482 2896 vitae
1499 2846 1608 2912 tempus
1625 2844 1751 2913 provide-

59 2930 167 3002 perium
186 2933 214 2981 et
231 2927 305 2980 uscia
319 2927 488 2995 inferendae
501 2933 665 2996 potestatem
683 2924 772 2981 notari
790 2928 891 2980 monet.
919 2933 960 2995 ret
983 2943 1035 2981 nec
1057 2944 1090 2982 eo
1107 2926 1211 2983 bonore
1233 2926 1323 2982 elatus
1341 2927 1503 2999 superbiret,
1521 2944 1672 2999 appensam
1685 2947 1751 3001 quo-

60 3017 106 3071 Ad
126 3030 279 3086 purpureas
303 3018 391 3068 restes
415 3013 498 3068 etiam
522 3012 639 3068 refertur
659 3012 892 3083 palardameutum
918 3030 971 3085 que
983 3013 1069 3069 fuisse
1077 3013 1170 3069 currui
1178 3013 1270 3069 nolam
1280 3020 1308 3070 ct
1319 3012 1468 3087 flagellum,
1481 3013 1582 3086 quibus
1595 3016 1751 3086 notabatur,

60 3120 143 3159 cocco
162 3117 339 3173 purpuraque
357 3105 385 3153 et
403 3117 470 3153 auro
491 3098 663 3161 distinctum,
690 3113 745 3170 quo
764 3096 892 3151 consules
918 3099 1310 3172 ipsumineamcalamitatem
1318 3100 1440 3156 incidere
1449 3117 1538 3173 posse,
1547 3106 1578 3155 ut
1588 3101 1681 3173 flagris
1690 3120 1751 3157 cae-

61 3208 96 3245 ac
126 3194 265 3260 praetores
296 3188 325 3241 in
358 3186 527 3259 provinciam
566 3186 665 3242 exituri
698 3184 892 3240 induebantur.
919 3188 1030 3242 deretur
1038 3193 1066 3243 ct
1074 3186 1165 3258 capite
1174 3185 1359 3242 damnaretur.
1383 3186 1510 3258 Baptista
1518 3187 1749 3260 Campofulgosus

62 3278 162 3332 Florus
187 3275 247 3329 libr.
277 3281 296 3331 1.
323 3274 416 3328 histor.
441 3289 503 3343 cap.
522 3280 555 3328 5:
585 3272 758 3342 Tarpeiaius
776 3271 893 3325 Pricaeus
919 3273 966 3330 lib.
987 3280 1009 3328 7.
1023 3290 1083 3343 cap.
1099 3278 1123 3329 2.
1139 3276 1279 3340 memorat,
1294 3271 1455 3328 Suladinum
1468 3273 1593 3344 Aegypti
1611 3274 1751 3328 sultanum

62 3365 199 3419 oriciades
234 3362 368 3416 Cerintho
402 3361 522 3414 Tusciae
546 3361 671 3429 populos
692 3358 892 3428 frequentibus
919 3359 947 3414 in
963 3359 1068 3413 soleam
1087 3358 1261 3430 processione
1278 3358 1429 3414 obsoletam
1454 3360 1577 3414 tunicam
1601 3358 1655 3414 sibi
1673 3375 1750 3429 prae·

61 3452 150 3506 annis
159 3450 273 3518 stebepit,
293 3449 359 3502 iude
373 3450 478 3516 fasces,
503 3447 625 3517 trabeae,
643 3446 763 3514 aurulas,
784 3445 892 3508 cummi,
918 3446 982 3502 terri
1001 3451 1029 3501 st
1046 3462 1096 3517 per
1107 3461 1270 3516 praeconem
1282 3445 1394 3500 clamari
1409 3445 1537 3517 jussisse:
1560 3447 1679 3499 Tantum
1699 3447 1749 3499 Sa-

55 3538 206 3608 pbalerac,
222 3535 436 3607 palrrdameuta,
455 3539 611 3603 praetecta,
624 3533 691 3585 iude
702 3534 779 3600 quod
789 3538 891 3586 aurato
919 3533 1035 3587 ludimus
1049 3532 1137 3586 Asiae
1148 3532 1269 3585 domitor
1282 3547 1314 3585 ee
1326 3532 1378 3586 boc
1392 3534 1494 3586 mundo
1506 3549 1598 3585 secum
1615 3540 1751 3602 reperiat.
1764 3532 1785 3574 b
1795 3536 1846 3574 '8⁰-

59 3643 147 3679 curru
176 3630 296 3692 quatum
322 3621 400 3690 eques
428 3620 624 3690 triumphatur.
668 3622 696 3676 3.
724 3619 845 3689 Sceptra
874 3634 892 3672 a
954 3625 996 3675 97.
1035 3624 1059 3674 3.
1078 3617 1227 3672 Promissio
1247 3617 1421 3673 obedieutiae
1440 3618 1638 3682 crudelitatis,
1668 3636 1751 3690 quam
1767 3587 1869 3687 mlu-

59 3710 174 3781 repens
195 3709 255 3777 jam
280 3706 344 3760 oum
371 3705 618 3777 gauraranes
643 3704 775 3776 praeferri
801 3705 890 3760 sorra.
918 3705 1021 3761 subura
1063 3703 1201 3758 merrae
1237 3703 1420 3774 jureJursndo
1459 3705 1632 3776 magistrun
1673 3723 1752 3777 prae-
1767 3691 1806 3730 ‘¹⁰-

60 3798 158 3855 Cicero
176 3812 225 3865 pro
251 3793 336 3850 sesa:
363 3792 469 3846 Sericus
490 3810 551 3845 cum
574 3809 707 3861 purpura
733 3798 759 3845 et
780 3797 892 3859 sceptro
919 3797 1006 3856 stant,
1029 3791 1185 3863 appellatur
1211 3790 1387 3863 homagium,
1415 3792 1496 3862 cujus
1524 3809 1589 3846 usus
1614 3791 1697 3847 etiam
1723 3792 1751 3847 in

60 3893 87 3938 et
101 3882 255 3950 insignibus
267 3880 328 3934 iilis
345 3879 446 3948 regiis3
464 3878 667 3950 Aegyptiorum
678 3884 707 3933 et
721 3877 891 3948 Aethiopum
918 3877 1072 3933 Israiilitica
1094 3877 1192 3948 politia
1219 3877 1346 3932 occurrit.
1379 3876 1440 3936 dos.
1464 3883 1488 3946 l,
1506 3896 1531 3931 v.
1553 3884 1592 3935 16.
1612 3878 1752 3949 principes

59 3986 140 4041 reges
165 3971 304 4038 sceptrum
329 3965 491 4036 gestabant.
516 3964 546 4018 in
572 3965 652 4034 cujus
677 3981 783 4019 summo
800 3963 892 4036 figura
917 3964 1001 4020 totius
1033 3963 1128 4034 populi
1158 3963 1269 4020 nomine
1292 3964 1464 4035 respondent
1490 3964 1608 4020 dosuae:
1641 3967 1751 4033 Omnia,

60 4055 185 4111 ciconiae
208 4053 317 4122 sculpta
341 4057 415 4120 erat,
439 4052 468 4105 in
492 4050 547 4106 imo
578 4067 643 4106 vero
669 4050 891 4123 hippopotamus,
918 4069 988 4123 quas
1002 4051 1179 4122 praecepisti
1194 4050 1290 4119 nebu,
1313 4052 1456 4117 faciemus
1476 4059 1502 4104 ct
1521 4069 1684 4122 quacunque
1703 4053 1752 4105 mi-

60 4161 117 4215 quo
134 4140 260 4212 symbolo
279 4139 512 4208 admonebantur,
531 4145 562 4194 ut
579 4144 671 4194 essent
687 4139 784 4209 pietati
802 4138 890 4194 dediti
917 4139 990 4193 seru
1007 4155 1065 4203 nos,
1085 4138 1195 4192 ibimus.
1213 4154 1239 4192 v.
1262 4143 1300 4193 l'l.
1319 4139 1392 4191 sicut
1408 4139 1579 4193 obedivimus
1597 4139 1628 4192 iri
1645 4139 1751 4192 cunctis

62 4238 90 4287 et
110 4229 147 4284 ab
166 4228 239 4282 omni
263 4227 394 4282 violentia
416 4226 506 4282 alieni.
540 4215 717 4297 Sceptrorum
738 4225 800 4280 loco
824 4225 893 4280 anti·
919 4227 1024 4296 Moysi,
1045 4226 1086 4279 ita
1102 4234 1127 4279 et
1148 4225 1305 4280 obediemus
1323 4225 1380 4282 tibi.
1405 4243 1429 4279 v.
1456 4230 1494 4280 18.
1537 4224 1591 4287 Qui
1608 4225 1754 4279 rebellarit

61 4315 200 4390 quissimis
225 4313 338 4386 regibus
363 4313 474 4368 sumunt
497 4314 601 4367 bastae.
638 4311 766 4368 surmus
784 4312 832 4376 lib,
851 4318 892 4368 43.
920 4314 966 4368 ori
986 4321 1034 4368 tuo
1061 4320 1087 4366 et
1109 4330 1165 4365 aon
1193 4311 1330 4366 obedierit
1348 4312 1454 4365 eunctis
1473 4312 1658 4378 sermonibus,
1684 4330 1753 4380 quos

62 4404 127 4459 bist.
146 4419 173 4472 ρ.
195 4407 258 4455 247:
287 4401 345 4453 Per
369 4417 402 4451 ea
426 4400 519 4453 adbric
547 4407 673 4469 termera
694 4415 774 4467 repes
798 4399 894 4453 bastae
916 4399 1099 4470 praeceperis
1120 4398 1163 4462 ei,
1188 4397 1334 4455 meriatur.
1357 4403 1377 4452 l.
1398 4397 1489 4452 Paral.
1512 4403 1554 4463 19,
1572 4414 1598 4450 r.
1617 4403 1663 4452 24:
1687 4397 1751 4450 Uni-

57 4507 116 4561 pro
128 4488 289 4541 diademate
301 4485 444 4551 habebant,
463 4503 534 4554 quas
550 4484 777 4555 Graemsceptra
789 4480 895 4539 cimae.
920 4487 996 4542 ueri
1005 4485 1151 4559 principes
1169 4492 1196 4538 et
1213 4485 1312 4539 beroea
1332 4493 1357 4538 et
1375 4485 1468 4539 cuncti
1477 4483 1539 4551 filii
1558 4484 1634 4551 repis
1656 4483 1754 4536 Dauid

65 4573 233 4630 Consulibus
248 4570 379 4624 Romanis
391 4570 618 4641 praeferebantur
628 4575 731 4636 fascea
749 4572 797 4644 qui
817 4577 895 4627 erant
923 4575 1061 4628 meierum
1090 4588 1202 4624 meum
1233 4578 1258 4624 et
1286 4571 1402 4639 subJecti
1430 4570 1547 4636 fuerumt
1581 4569 1645 4636 reai
1672 4569 1753 4623 Saie-

65 4660 217 4718 fasciculus
236 4656 391 4727 virgarum,
418 4656 461 4712 rel
480 4664 513 4713 ut
535 4658 607 4713 aliae
628 4659 726 4712 volunt
745 4658 816 4713 duae
835 4674 896 4728 per·
923 4659 1010 4726 moui,
1037 4657 1101 4712 inde
1124 4656 1263 4728 estquod
1288 4655 1392 4710 subditi
1417 4659 1551 4710 vocentur
1574 4654 1647 4723 regis
1673 4655 1754 4708 serm.

65 4751 137 4804 ticae
160 4764 223 4801 cum
249 4743 352 4810 securi3
377 4761 427 4814 per
444 4746 540 4814 eirpas
565 4745 721 4818 significare
743 4745 897 4812 voluerunt,
926 4752 947 4802 l.
965 4745 1038 4801 Sam.
1064 4749 1093 4807 8,
1124 4760 1149 4797 s.
1182 4748 1221 4797 11.
1262 4748 1284 4798 1.
1308 4740 1377 4813 Reg.
1402 4746 1445 4809 12,
1472 4759 1497 4796 v.
1519 4746 1542 4795 4.
1580 4745 1604 4795 2.
1623 4740 1693 4811 Reg.
1715 4747 1753 4808 19,

66 4834 262 4907 corrigendum
280 4847 340 4886 esse
355 4848 373 4885 a
391 4831 569 4902 magistratu,
593 4833 667 4904 quod
684 4832 785 4888 mutari
801 4831 898 4902 possit,
923 4851 947 4887 v.
968 4839 992 4888 b.
1013 4836 1064 4886 etc.
1084 4846 1118 4884 ac
1136 4828 1314 4901 magistratus
1332 4833 1447 4883 vocatur
1470 4826 1592 4897 ipsorum
1613 4827 1753 4882 maninus.

66 4942 116 4995 per
133 4921 252 4975 secumm
273 4934 338 4972 vero
357 4917 574 4973 abscindendum
600 4936 673 4987 esse,
698 4917 773 4989 quod
797 4918 899 4973 mutari
925 4924 949 4974 2.
967 4916 1041 4974 Sam.
1061 4922 1085 4985 2,
1104 4934 1129 4972 v.
1148 4922 1171 4970 7.
1212 4915 1326 4972 Nehem.
1346 4921 1371 4978 9,
1389 4931 1414 4968 v.
1436 4919 1477 4969 37.
1514 4914 1548 4968 In
1566 4910 1642 4968 hisee
1660 4912 1755 4967 subdi-

67 5014 201 5081 nsqueat,
228 5012 259 5060 ut
276 5005 389 5076 exponit
406 5004 573 5060 Plutarchus
595 5005 623 5059 in
642 5004 805 5076 problemat.
842 5005 900 5060 Alii
925 5012 1015 5061 torum
1033 5002 1214 5076 juramentis,
1241 5001 1263 5055 si
1285 5019 1340 5055 non
1364 5017 1472 5071 semper
1495 5017 1637 5071 expresse,
1664 5007 1756 5055 tamen

10 5101 54 5145 lib
67 5096 240 5160 existimant,
265 5091 452 5164 significatum
472 5109 545 5155 esse,
568 5093 643 5163 qnod
661 5092 703 5146 ira
721 5089 900 5164 magistratus
926 5093 1009 5148 tacite
1036 5096 1152 5162 excepta
1180 5087 1346 5158 intelligitur
1376 5085 1533 5143 obedientia
1562 5087 1625 5142 Deo
1655 5085 1757 5148 debita,

69 5199 125 5237 non
143 5181 244 5236 debeat
264 5196 324 5234 esse
342 5178 371 5233 in
388 5177 548 5249 praecipiti,
564 5177 664 5233 solutio
684 5177 758 5233 enim
775 5177 900 5248 fascium,
927 5186 1033 5249 oportet
1061 5179 1133 5231 euim
1152 5179 1216 5231 Deo
1243 5175 1332 5244 maqis
1358 5173 1472 5228 obedire
1493 5192 1578 5244 qstam
1603 5172 1758 5227 bominibus

70 5285 142 5340 quse
159 5266 293 5338 paulatim
312 5264 357 5333 fit,
386 5264 500 5335 requirit
519 5263 640 5335 aliquam
665 5280 767 5319 moram
786 5268 815 5318 et
834 5280 900 5318 cuu—
928 5266 991 5320 Act.
1009 5272 1033 5333 5,
1060 5281 1085 5320 s.
1107 5269 1147 5319 29.
1167 5267 1250 5333 atque
1276 5260 1315 5314 ita
1338 5259 1432 5315 danda
1456 5266 1520 5314 sunt
1543 5261 1667 5327 caesari,
1685 5274 1757 5328 quas

68 5355 227 5410 stationem.
263 5352 379 5408 Veteres
398 5351 572 5424 magistratui
591 5367 685 5406 recens
713 5351 800 5407 electo
813 5351 901 5419 saeue
928 5360 991 5407 suut
1004 5340 1138 5417 cauieris,
1157 5354 1188 5403 ut
1206 5349 1306 5400 mutia
1326 5347 1410 5400 etiam
1427 5348 1506 5411 Deo,
1533 5362 1604 5415 quae
1619 5353 1681 5399 auat
1701 5345 1760 5398 Dei

70 5445 203 5496 ardentes
221 5439 419 5510 praetulerunt,
440 5437 595 5494 Paradinus
625 5437 654 5492 in
685 5437 773 5509 symb.
800 5435 902 5493 heroic.
928 5438 1026 5495 Matth.
1046 5442 1087 5506 22,
1105 5455 1131 5494 s.
1149 5440 1189 5491 21.
1211 5432 1369 5506 quatiere
1391 5432 1464 5488 infra
1480 5431 1607 5504 pluribus
1626 5431 1740 5487 dicetur.

71 5533 131 5582 naa
164 5526 281 5600 parea
306 5526 449 5597 panapu
466 5527 555 5596 aaa
584 5544 612 5596 p.
642 5529 700 5582 201.
731 5530 764 5580 us
803 5497 917 5600 euml

69 5613 217 5687 splendore
234 5611 345 5668 uenus
363 5617 393 5669 et
410 5612 561 5685 asquitmis
578 5629 608 5670 se
618 5611 780 5686 praelucere
799 5606 918 5689 (isbaal

1242 5581 1449 5602 ..z-—
