4006 6022
673 368 724 423 nn
743 364 967 424 usmernmo
988 365 1288 427 nccnnsnerrco.
1436 330 1440 337 ¹
1764 372 1822 442 nr

121 526 204 590 apat,
238 521 294 573 sed
319 519 463 584 fratribus
493 521 675 574 invitantibus
703 539 763 574 mim
793 522 961 575 arroteritate
974 506 1179 592 'principaliter
1196 524 1232 578 ad
1259 526 1347 579 solum
1366 526 1457 582 Deum
1481 528 1601 598 pertinet
1618 526 1700 582 etiam
1719 528 1748 581 in
1768 542 1823 585 me=

121 604 204 673 liujus
219 604 338 659 sanctae
352 606 429 659 sedis
442 607 544 676 faciat,
557 625 613 661 nan
626 616 717 660 tamen
728 608 849 661 ambitus
863 624 959 674 causa,
988 605 1064 660 dista
1082 608 1240 665 remotione.
1283 618 1304 666 l.
1322 610 1395 667 Sam.
1415 618 1438 681 2,
1455 631 1479 668 v.
1501 618 1547 668 30:
1567 615 1697 682 Loquens
1716 610 1823 668 tonans

121 691 173 743 aad
184 699 234 743 aut
253 692 387 758 utilitate,
401 699 450 744 aut
463 693 625 746 necessitate
636 693 808 760 faciendum
822 702 869 748 ost.
898 695 1046 757 Hoctsnm
1067 695 1102 745 de
1119 693 1274 750 rainisterio
1293 704 1353 759 tuo,
1370 706 1409 750 ut
1430 699 1607 752 ministraren
1628 700 1656 751 in
1676 707 1822 768 conspectu

122 793 176 830 non
194 777 285 831 solam
306 779 342 830 de
359 779 506 850 episcopis,
527 781 725 832 verumetiam
744 764 1045 848 deqailnelibetlmec
1063 797 1148 848 usque
1169 780 1198 833 in
1217 783 1422 850 sempiternam.
1462 785 1546 837 Nune
1566 792 1658 837 autem
1676 785 1748 837 absit
1768 784 1821 840 hoe

122 862 254 916 ecclesiae
274 862 413 916 ministris
430 863 605 931 isnellipitur,
625 880 657 917 ne
672 866 801 919 videlicet
819 866 849 917 in
867 865 957 918 locum
970 872 973 903 t
985 881 1002 914 a
1022 878 1073 930 me,
1092 865 1162 917 dicit
1175 866 1323 920 Dominus.
1353 865 1442 922 Ossae
1461 875 1484 931 4,
1503 886 1528 922 v.
1548 875 1576 924 6:
1599 868 1672 932 Quia
1685 878 1716 923 tu
1734 870 1821 924 seien-

121 948 234 1002 moeniis
255 949 343 1002 alteri
359 949 480 1017 obrepat.
523 949 709 1015 ”Quaeritur
731 950 846 1005 ulterius
867 956 894 1004 l:
914 955 957 1001 An
984 949 1051 1001 tiam
1072 951 1204 1019 repulisti
1222 961 1249 1005 et
1267 952 1369 1006 ollares
1388 970 1417 1006 es
1436 955 1507 1023 lepis
1527 956 1587 1008 Dei
1604 956 1660 1024 tui,
1682 957 1820 1025 repellam

120 1034 193 1100 insta
212 1035 375 1088 mutationis
393 1052 481 1088 cama
499 1036 556 1087 sint
580 1035 644 1088 sola
661 1037 820 1089 aradiorum
839 1036 956 1105 impedi·
984 1043 1010 1087 et
1029 1051 1077 1102 eqo
1098 1045 1138 1104 te,
1161 1054 1195 1089 ne
1219 1040 1377 1092 sacerdotio
1397 1041 1530 1108 funqaris
1558 1041 1635 1097 milti.
1669 1041 1709 1098 Ut
1726 1047 1818 1098 autem

120 1126 211 1172 monta
229 1127 277 1173 aut
298 1129 492 1189 avocamenta,
519 1138 591 1190 quae
611 1123 646 1174 ab
664 1122 841 1190 apricultura
857 1137 955 1191 prave·
984 1120 1099 1189 vocatio,
1120 1121 1160 1175 ita
1178 1140 1288 1194 quoque
1308 1123 1422 1178 remotio
1434 1125 1596 1194 plerumque
1611 1124 1644 1177 fit
1656 1125 1818 1195 permedia,

118 1205 205 1272 niunt,
218 1206 245 1258 si
253 1213 346 1260 cetera
357 1209 453 1260 adsint
465 1208 539 1260 onae
551 1208 680 1261 subn'dia
693 1216 718 1261 ct
730 1208 849 1261 ecclesia
857 1215 954 1276 pasto·
984 1206 1112 1261 videlicet
1135 1225 1186 1278 per
1211 1209 1364 1280 legitimum
1389 1209 1523 1264 eeclesiae
1540 1211 1678 1279 judicium
1708 1204 1819 1268 divinae

117 1308 175 1345 rem
191 1292 328 1349 dimittere
343 1293 435 1346 nolit?
466 1292 607 1365 Negemus
626 1299 650 1348 2.
663 1295 708 1347 An
722 1294 834 1364 probari
847 1293 956 1357 debeat,
984 1292 1118 1346 voluntati
1138 1293 1374 1350 conformandum.
1410 1295 1513 1350 Divina
1534 1295 1660 1350 voluntas
1679 1296 1747 1352 haec
1766 1302 1817 1366 est,

118 1395 190 1449 quae
210 1378 307 1433 scribit
325 1378 426 1435 lunius
446 1379 494 1433 lib.
515 1385 539 1433 3.
558 1379 594 1433 de
612 1380 708 1437 eccles.
728 1397 788 1450 cap.
811 1386 834 1436 3.
849 1398 876 1451 p.
893 1385 953 1437 tet:
983 1379 1055 1448 (quad
1075 1380 1201 1434 minister
1224 1382 1357 1437 ecclesiae
1384 1381 1486 1437 debeat
1504 1381 1620 1437 verbum
1641 1381 1694 1436 Dei
1713 1383 1818 1439 sincere

118 1466 261 1521 Nonnulli
291 1474 389 1518 sancta
420 1466 576 1520 hamditate
603 1468 737 1535 praediti
761 1467 818 1520 viri
835 1475 955 1536 propter
983 1465 1081 1519 docere
1094 1471 1121 1520 et
1132 1467 1370 1536 inculpataeritae
1382 1468 1508 1536 exemplo
1517 1467 1690 1522 auditoribus
1701 1468 1816 1536 praeire.

117 1553 257 1621 quaedam
275 1552 304 1604 in
324 1568 354 1603 se
379 1553 567 1621 offendicula,
587 1554 687 1622 quibas
700 1554 750 1625 pie
770 1553 953 1621 sclipiooeque
982 1550 1055 1620 Ergo
1080 1552 1191 1621 quando
1216 1553 1339 1608 minister
1364 1553 1498 1607 eeclesiae
1524 1554 1567 1608 vel
1586 1553 1614 1607 in
1631 1552 1758 1607 haeresin
1775 1553 1816 1608 in·

116 1638 786 1707 monebantur,episcopatusosficinmnonsolnm
794 1639 953 1708 nfnenrtpa,
982 1635 1062 1703 cidit,
1083 1635 1128 1691 vel
1148 1637 1305 1692 enormibus
1328 1638 1437 1694 delictis
1463 1638 1624 1693 scandalum
1644 1639 1760 1709 praebet
1783 1655 1817 1696 ae
1860 1661 1863 1665 ·

115 1741 210 1777 oerum
234 1724 317 1776 etiam
347 1740 409 1776 cum
436 1722 523 1777 laude
547 1727 725 1793 posuerant?
752 1725 896 1796 Negamus
928 1730 953 1780 3.
981 1720 1213 1788 iacit,ntnomen
1227 1723 1279 1778 Dei
1295 1723 1509 1794 blasphemetur,
1520 1731 1587 1778 tunc
1599 1724 1718 1780 ecelesia
1732 1723 1817 1779 habet

117 1809 163 1863 An
193 1810 223 1862 in
255 1808 457 1862 deliberatione
495 1811 530 1862 de
567 1813 703 1864 mutanda
732 1812 881 1878 sanctione
913 1814 955 1864 ari
980 1812 1145 1876 potestatem
1163 1825 1226 1863 eum
1247 1809 1413 1865 removendi.
1443 1810 1510 1864 Tria
1528 1810 1601 1864 enim
1618 1817 1736 1882 possunt
1752 1827 1816 1865 con·

116 1894 364 1963 transsiliendum
389 1894 586 1948 concientiam
610 1897 737 1961 afficiat
758 1895 802 1949 lic
825 1895 953 1965 syllopis-
980 1892 1055 1946 stitui
1078 1892 1266 1949 ministrorum
1288 1912 1408 1966 genera:
1437 1903 1458 1951 l.
1486 1896 1605 1960 Quidam
1635 1901 1699 1951 sunt
1722 1896 1817 1950 dolosi
1828 1899 1955 1946 mitt·

119 1999 196 2033 nrm:
226 1980 274 2035 ubi
304 1978 365 2034 Deo
394 1980 492 2051 majori
523 1997 585 2035 cum
610 1980 702 2036 fructu
735 1982 869 2037 eeclesiae
898 1998 953 2036 ser·
980 1984 1193 2050 nrpinrrroimro
1210 1983 1240 2035 ts
1259 1987 1417 2057 πανουργίᾳ
1434 1987 1480 2035 καὶ
1498 1983 1645 2044 δολοῦντες
1661 1984 1711 2037 τὸν
1731 1978 1815 2054 λόγον

118 2068 178 2122 rire
210 2083 333 2138 possam,
366 2083 398 2121 eo
429 2071 525 2122 teneor
557 2068 685 2140 migrare.
740 2074 772 2123 In
808 2068 882 2137 loeo,
917 2069 953 2122 ad
980 2067 1028 2119 roi
1047 2069 1116 2120 θεοῦ
1137 2072 1160 2121 2.
1179 2067 1241 2122 Cor.
1263 2075 1295 2132 4,
1316 2087 1340 2122 v.
1363 2074 1384 2124 2.
1412 2069 1513 2139 Ephes.
1535 2077 1564 2139 4,
1591 2087 1617 2126 v.
1639 2075 1678 2125 14.
1702 2070 1749 2139 qui
1769 2069 1815 2123 do·

119 2172 201 2226 quem
219 2170 311 2222 vocor,
327 2170 440 2224 possum
462 2153 522 2208 Deo
549 2155 648 2224 majori
670 2172 732 2209 cum
756 2155 850 2209 iruetn
870 2155 955 2224 eecle-
980 2152 1086 2206 ctrinae
1104 2153 1229 2208 eoelestis
1249 2153 1341 2209 lucem
1363 2154 1509 2210 haereticis
1533 2155 1642 2210 nebulis
1667 2154 1817 2210 obscurant

119 2241 177 2294 siae
206 2239 316 2294 servire.
365 2238 449 2310 Ergo.
479 2238 655 2294 Affirmativa
684 2245 774 2295 exstat
803 2240 897 2295 consil.
933 2245 952 2293 1.
982 2245 1010 2292 et
1034 2237 1218 2293 sinceritatem
1247 2241 1309 2310 ejus
1332 2240 1506 2310 adulterant,
1533 2240 1595 2295 illos
1619 2239 1736 2296 ecelesia
1759 2257 1816 2295 non

120 2326 216 2381 decad.
238 2332 262 2381 9.
282 2326 333 2380 snb
354 2324 465 2381 nomine
477 2325 588 2380 Martini
607 2325 748 2381 Hammeri
764 2345 790 2398 p.
811 2331 851 2381 35.
870 2342 954 2396 nega·
981 2325 1069 2379 solum
1089 2330 1189 2395 potest,
1209 2327 1257 2382 sed
1278 2334 1305 2382 et
1324 2328 1553 2399 debettanquam
1567 2327 1717 2380 anatliema
1729 2324 1816 2397 quod·

120 2413 177 2466 tiva
197 2419 238 2467 est
263 2410 297 2465 D.
318 2410 471 2466 Chemnieii
489 2411 517 2464 in
537 2411 588 2465 loc.
605 2412 689 2467 theol.
711 2419 783 2484 part.
805 2419 829 2468 3.
849 2430 875 2482 p.
896 2416 954 2467 eat.
982 2410 1045 2463 dam
1065 2408 1157 2465 Galat.
1182 2416 1203 2479 l,
1231 2430 1255 2466 v.
1276 2417 1299 2466 8,
1318 2413 1369 2468 hoc
1390 2419 1431 2468 est
1449 2418 1582 2485 tanquam
1602 2430 1659 2468 rem
1677 2414 1816 2468 detestsn

120 2497 222 2553 Conier
240 2496 449 2569 Hsmminginm
468 2496 495 2549 in
513 2503 624 2567 pastore
644 2516 671 2569 p.
692 2504 749 2553 nr.
769 2498 833 2553 edit.
849 2496 954 2555 Lubee.
982 2495 1054 2559 dam,
1073 2513 1145 2567 quae
1162 2500 1269 2550 sanctu
1288 2515 1337 2551 suo
1356 2498 1462 2568 polluit,
1488 2515 1505 2553 a
1526 2516 1554 2554 se
1569 2515 1727 2567 remorare,
1745 2496 1816 2551 tales

120 2584 235 2639 lunium
253 2584 282 2638 in
300 2582 386 2639 Dent.
410 2587 448 2638 tt.
468 2600 494 2653 p.
517 2584 619 2639 mss
981 2587 1069 2649 emnt,
1087 2598 1156 2652 qnos
1177 2581 1317 2652 apostolus
1336 2583 1414 2653 eupit
1433 2584 1570 2637 abscissos
1583 2584 1675 2639 Galat.
1692 2590 1716 2650 5,
1734 2601 1759 2639 r.
1776 2587 1815 2641 12.

981 2673 1009 2721 et
1033 2666 1134 2737 quibus
1158 2685 1210 2723 nec
1226 2670 1352 2732 tlomum,
1380 2684 1431 2723 nec
1459 2687 1544 2723 aures
1567 2669 1730 2740 aperiendas
1756 2685 1816 2725 esse

438 2792 540 2799 κ..
553 2794 609 2799 .-..
982 2752 1117 2822 praecipit
1134 2752 1277 2809 lohannes
1297 2760 1321 2811 2.
1341 2755 1421 2826 epist.
1444 2773 1469 2808 v.
1492 2761 1530 2810 10.
1569 2760 1593 2809 t.
1615 2754 1734 2818 Quidam
1751 2756 1817 2808 sunt

983 2841 1101 2907 annau,
1121 2856 1237 2910 quorum
1255 2839 1371 2895 crimina
1389 2846 1454 2895 sunt
1471 2847 1499 2896 et
1517 2841 1640 2896 enormia
1655 2847 1683 2895 et
1700 2839 1816 2909 notoria,

358 2939 466 3001 530
488 2940 588 3002 ’ΠΟ
625 2939 718 3000 XVI·
983 2923 1030 2993 qui
1053 2924 1148 2979 itidem
1174 2926 1210 2980 ab
1239 2925 1331 2981 officio
1356 2927 1529 2995 removendi,
1557 2943 1592 2981 ne
1616 2930 1732 3004 propter
1753 2924 1815 2982 illos

982 3025 1082 3063 nomen
1098 3010 1152 3065 Dei
1172 3011 1392 3083 blasphemetur,
1417 3030 1488 3069 nere
1507 3011 1680 3068 auditoribus
1699 3011 1815 3067 seanda-

140 3100 205 3164 DE
226 3095 533 3165 REMOTIONE
556 3094 932 3163 MINISTRORUM.
983 3094 1039 3149 lum
1056 3096 1189 3165 praebere
1207 3104 1334 3171 pergant.
1367 3105 1391 3154 3.
1411 3099 1684 3164 Quidamvsrosunt
1702 3097 1815 3168 mnan,

982 3181 1230 3239 levioribusnaeris
1240 3185 1359 3254 obnoxii,
1374 3186 1420 3257 qui
1428 3185 1565 3240 tolerandi
1575 3191 1646 3239 sunt.
1670 3184 1815 3239 “Causae

10 3275 91 3315 hono
158 3273 213 3323 rte.
247 3265 484 3331 Quemadmodum
500 3266 609 3320 vocatio
622 3266 808 3319 ministrorum
822 3265 955 3319 adiutam
983 3266 1150 3322 dimissionis
1173 3270 1207 3324 ad
1226 3271 1296 3325 duos
1317 3270 1407 3326 fontes
1430 3271 1553 3326 revocari
1571 3275 1695 3341 possunt.
1734 3268 1814 3325 Unus

10 3328 106 3366 {binro-

10 3353 280 3427 ,μ,..εοο1αἰαω,
303 3353 343 3407 ita
368 3368 479 3423 quoque
504 3352 652 3408 eorumdem
678 3352 793 3406 remotio
813 3352 849 3405 ad
869 3357 956 3406 totam
983 3358 1026 3405 est
1046 3355 1172 3421 defectus
1189 3357 1339 3417 facultatis
1359 3356 1463 3411 utiliter
1481 3355 1648 3411 inserviendi
1666 3353 1814 3423 ecelesiae3

10 3428 52 3469 Μ
66 3431 93 3469 ¹⁶
122 3439 265 3494 eeclesiam
275 3438 403 3510 pertinet,
417 3438 480 3493 ideo
487 3438 599 3509 probari
609 3439 706 3510 nequit
718 3438 827 3492 illorum
837 3437 955 3507 pseudo·
982 3437 1053 3491 alter
1067 3440 1218 3494 trolnntatis
1231 3443 1289 3496 sire
1304 3460 1419 3511 operam
1433 3439 1660 3495 ministerialium
1673 3441 1815 3508 neplectua

10 3484 64 3520 Ιιι
73 3492 111 3520 ee·

10 3531 93 3575 uun
121 3525 295 3596 politicorum
316 3523 417 3595 opinio,
438 3524 485 3596 qui
505 3526 546 3577 ad
557 3526 629 3593 jura
647 3526 758 3595 repulia
776 3523 954 3595 magistratus
981 3522 1172 3582 intolerabilis.
1225 3527 1377 3582 Facultatis
1405 3528 1515 3582 defectu
1544 3525 1814 3595 comprehenduntur

121 3611 297 3667 remotionem
329 3608 515 3664 ministrorum
540 3611 677 3680 pertinere
705 3616 831 3672 censent,
859 3609 899 3662 ita
923 3614 955 3661 nt
980 3610 1079 3678 partim
1098 3611 1239 3667 doctrinae
1259 3630 1342 3668 sanae
1361 3613 1390 3667 in
1408 3612 1670 3681 fundamentalibus,
1688 3628 1811 3683 praeser-

120 3715 170 3768 pro
188 3697 280 3751 lubitu
308 3695 397 3766 possit
424 3701 530 3750 mutare
549 3684 736 3751 ecclesiastica
757 3694 910 3749 ministeria
928 3701 955 3748 et
980 3695 1029 3748 tim
1049 3698 1222 3766 corruptelae
1242 3699 1298 3752 sive
1323 3715 1427 3754 errores
1453 3705 1610 3770 pugnantes
1630 3715 1693 3751 cum
1713 3697 1812 3751 hinda-

120 3782 255 3853 prioribus
281 3782 412 3836 ministris
434 3781 496 3836 loco
520 3783 601 3837 motis
625 3790 653 3837 et
678 3783 707 3836 in
731 3782 842 3836 erilium
867 3780 954 3851 pulsis
981 3788 1080 3850 mento,
1098 3782 1199 3852 partim
1218 3782 1292 3838 illius
1307 3784 1411 3838 utiliter
1424 3792 1452 3839 et
1470 3802 1532 3838 cum
1550 3784 1641 3838 fructu
1655 3783 1812 3838 auditorum

123 3869 190 3922 alios
208 3867 384 3923 substituere.
425 3867 630 3940 contraquam
650 3875 878 3943 nuraaponantnr
893 3886 953 3941 gra-
979 3869 1132 3922 tradendae
1150 3886 1315 3940 organorum
1328 3871 1454 3941 privatio,
1474 3869 1563 3942 qualis
1584 3886 1645 3924 ease
1662 3874 1753 3937 potest
1769 3868 1813 3924 vel
1913 3864 1919 3877 ’

122 3955 190 4011 riter
207 3954 342 4009 detonant
366 3954 398 4008 B.
417 3954 557 4010 Lutherus
582 3955 609 4009 in
628 3956 753 4026 epistola,
774 3973 845 4028 quae
865 3962 954 4011 exstat
980 3954 1072 4019 animi,
1089 3959 1184 4025 utpote
1198 3955 1312 4026 ingenii,
1321 3954 1429 4026 judicii,
1441 3955 1601 4020 memoriae,
1623 3955 1666 4009 rel
1682 3952 1812 4024 corporis,

123 4047 185 4097 tom.
200 4048 222 4096 t.
239 4040 303 4096 len.
319 4039 412 4096 Germ.
429 4041 476 4096 fol.
495 4047 553 4098 ete.
573 4043 601 4095 in
619 4041 695 4098 fideli
712 4042 898 4097 admonitione
917 4042 953 4096 ad
981 4043 1012 4091 ut
1031 4039 1145 4109 linguae
1165 4039 1337 4111 aliorumque
1361 4039 1547 4095 membrorum
1567 4039 1603 4094 ad
1623 4039 1707 4093 officii
1726 4039 1813 4093 admi·

121 4127 257 4197 quendam
276 4131 415 4197 pastorem
434 4133 500 4182 tom.
521 4135 544 4184 5.
562 4127 610 4184 fol.
631 4133 688 4183 ³58.
710 4129 860 4198 inscripto,
879 4129 953 4199 quod
979 4124 1169 4181 nistrationem
1197 4128 1412 4183 necessariorum
1431 4144 1498 4180 usus
1517 4125 1612 4181 morbo
1636 4132 1685 4179 aut
1702 4125 1812 4179 calami·

120 4219 207 4267 emtat
224 4219 291 4267 tom.
315 4217 339 4268 8.
358 4212 470 4268 lenens.
489 4212 536 4267 fol.
559 4218 615 4270 tea.
634 4219 663 4268 et
679 4213 839 4269 Joaehimus
860 4213 955 4269 Morti·
980 4215 1038 4265 tate
1071 4211 1165 4282 aliqua
1202 4212 1378 4283 interceptus.
1429 4210 1588 4267 Voluntatis
1627 4208 1813 4282 appellatione

120 4316 169 4353 nus
196 4299 224 4353 in
247 4297 355 4369 judicio
381 4298 583 4355 devocatione
609 4306 766 4371 pastorum,
798 4300 871 4371 qnod
898 4318 953 4354 una
980 4296 1232 4367 comprehenditur,
1252 4315 1315 4351 cum
1335 4297 1493 4352 enormisin
1513 4297 1673 4351 demandati
1692 4293 1812 4349 muneris

121 4401 180 4439 cnm
201 4384 264 4440 aliis
283 4384 362 4439 istius
388 4385 497 4456 generis
515 4386 625 4458 seriptis
641 4386 670 4439 in
689 4385 749 4440 utili
766 4385 859 4440 libello
879 4386 952 4440 edito
981 4383 1106 4454 partibus
1125 4383 1306 4454 exsequendis
1325 4384 1497 4455 negligentia
1513 4390 1573 4438 tum
1592 4383 1650 4436 vita
1667 4387 1695 4435 et
1706 4396 1812 4435 morum

10 4500 12 4529 :
118 4470 204 4526 lenae
231 4487 294 4523 ann.
320 4475 393 4526 1602.
420 4470 473 4525 sub
496 4470 549 4526 hoe
572 4472 670 4528 titulo:
694 4473 762 4529 Dum
788 4474 872 4539 timul
899 4473 952 4528 unt
979 4468 1121 4538 turpitudo
1139 4469 1197 4521 sive
1221 4486 1254 4524 ea
1276 4476 1384 4524 tantum
1405 4469 1537 4524 eeclesiae
1561 4465 1810 4528 scandalorum

120 4557 326 4626 taurinatum
344 4557 388 4611 bet
405 4556 544 4626 titatium,
562 4557 611 4612 tote
629 4560 700 4626 fatte
717 4557 837 4627 loetitiae
856 4558 951 4626 utriq,
979 4554 1060 4607 etiam
1080 4553 1198 4608 civiliter
1216 4554 1381 4609 damnabilis
1400 4555 1443 4611 sit.
1474 4554 1582 4609 Harum
1602 4568 1747 4606 causarum
1767 4551 1810 4606 rel

119 4642 163 4697 uit
190 4643 279 4712 Dicat
308 4643 384 4712 habe,
414 4643 536 4714 hiatibus
565 4643 637 4713 ihtes
660 4645 741 4700 hatti
768 4658 798 4712 pu
825 4645 950 4713 antiteta,
978 4656 1060 4692 unam
1078 4639 1121 4693 vel
1141 4644 1286 4710 utramque
1306 4656 1366 4694 esse
1381 4643 1486 4710 justam
1504 4637 1670 4694 dimissionis
1690 4650 1810 4699 cansam,

120 4729 237 4799 nttttqrr
257 4728 402 4798 emittitis
423 4728 523 4798 Donat
542 4734 595 4785 aas
609 4728 706 4787 [hotta
723 4729 800 4784 tisri
819 4729 872 4784 unt
891 4737 951 4784 ocra
977 4724 1115 4796 colligimur
1133 4742 1166 4779 ex
1183 4726 1252 4795 pari,
1273 4727 1346 4797 quod
1366 4726 1439 4781 enim
1458 4726 1532 4780 valet
1543 4725 1580 4778 ad
1598 4723 1752 4795 legitimum
1765 4738 1810 4776 ro-

121 4814 252 4885 trefflicher
266 4815 357 4884 lebret
371 4814 511 4882 Debentur,
527 4817 571 4871 ali
584 4815 618 4868 D.
633 4813 757 4880 Lutheri‚
772 4814 808 4869 D.
822 4813 951 4885 Philippi,
978 4811 1064 4865 cando
1077 4811 1304 4882 impedimentum
1320 4810 1503 4879 afferendum,
1529 4810 1603 4864 idem
1628 4810 1664 4864 ad
1683 4815 1810 4864 vocatum

120 4902 160 4956 ter
177 4900 341 4972 'l'heologen
365 4915 396 4970 tu
422 4900 537 4970 triplis,
560 4900 594 4957 D.
621 4899 743 4966 Brentii,
769 4899 803 4952 D.
831 4898 952 4967 Martini,
977 4897 1161 4951 abdicandum
1182 4898 1274 4952 rulers
1294 4897 1421 4952 debete*
1809 4897 1812 4903 '

120 4983 151 5038 D.
171 4985 317 5056 lleshusii,
344 4986 377 5042 D.
399 4986 516 5041 Simonis
534 4985 629 5053 Pauli,
655 4984 691 5042 D.
709 4984 874 5055 Chemnicii,
900 4984 948 5038 Mi·
1016 4989 1068 5038 175.
1104 4982 1232 5038 Ceterum
1262 4983 1290 5037 in
1309 4981 1459 5037 remotione
1478 4981 1681 5047 ministrorum,
1700 4980 1722 5033 si
1742 4978 1809 5050 legi·
1823 4976 1899 5016 ⁰⁸⁰¹·
1916 4977 1940 5015 ‘i

120 5070 220 5127 nisterii
246 5071 515 5143 Gryphisreldensis
537 5078 566 5126 et
590 5071 742 5125 vicinarum
773 5071 950 5126 ecelesiarum
978 5070 1046 5123 tima
1073 5085 1133 5123 esse
1157 5069 1256 5136 debet,
1287 5067 1435 5141 requiritur
1459 5074 1516 5122 turm
1544 5075 1679 5120 accincta
1706 5082 1808 5118 causae
1823 5035 1946 5118 iiiiii?

121 5157 146 5210 in
176 5157 351 5215 Pomerania.
398 5157 528 5213 Vicissim
562 5157 794 5228 quemadmodum
825 5159 951 5226 ieqitima
978 5156 1107 5225 capnitis,
1126 5162 1185 5210 tum
1204 5156 1305 5209 scdulo
1331 5154 1449 5222 lcpitisni
1468 5171 1619 5223 processus
1644 5152 1809 5207 alternatio.
1824 5127 1865 5170 '¹⁵²

121 5245 222 5296 roratio
242 5243 326 5299 debet
344 5242 403 5298 fieri
420 5245 502 5315 juxta
519 5243 595 5315 leges
614 5242 952 5314 divinituspraescriptas,
979 5241 1160 5314 “Legitima
1180 5258 1280 5296 causae
1299 5240 1421 5311 cognitio
1441 5241 1570 5310 requirit,
1597 5245 1628 5293 nt
1645 5237 1751 5291 ratione
1769 5234 1809 5290 rei

121 5327 157 5382 its
183 5347 293 5401 qnoque
326 5331 453 5399 lepitima
486 5330 611 5383 ministri
635 5330 750 5382 remotio
781 5328 840 5384 fieri
869 5330 952 5385 debet
978 5344 1027 5382 seu
1046 5328 1200 5398 deponendi
1219 5343 1303 5381 eausa
1323 5326 1416 5397 aliqua
1434 5342 1466 5380 er
1486 5325 1652 5380 enumeratis
1670 5324 1707 5378 sit
1725 5321 1811 5394 qnod·

117 5415 193 5483 juxta
211 5416 399 5487 praescriptas
418 5415 550 5470 divinitus
570 5415 784 5470 consfitntionea
819 5415 859 5471 Ut
879 5417 951 5471 enim
980 5414 1122 5470 dammodo
1142 5412 1284 5468 notorialis
1311 5419 1338 5468 et
1356 5412 1519 5475 manifesta,
1546 5411 1581 5466 de
1606 5409 1721 5463 occultis
1739 5407 1812 5463 emm

117 5501 160 5570 J'ns
183 5501 302 5556 vocandi
329 5501 519 5574 principaliter
544 5501 579 5556 ad
605 5500 693 5555 solum
712 5500 802 5556 Deum
831 5501 952 5571 pertinet
978 5518 1033 5555 non
1050 5499 1157 5570 judicat
1184 5498 1302 5553 eeclesia
1349 5499 1480 5553 Actorem
1504 5503 1610 5551 certum
1627 5494 1744 5550 existere
1762 5494 1812 5549 mi·

120 5586 146 5642 iu
170 5587 294 5646 maists
320 5585 482 5654 vocatione,
516 5586 557 5642 ita
582 5602 692 5658 qnoque
714 5585 762 5657 jus
789 5586 951 5642 removendi
977 5585 1050 5640 nime
1066 5583 1251 5639 neeeuarium
1268 5589 1310 5638 est
1324 5624 1330 5647 ‚
1346 5582 1395 5647 ubi
1413 5582 1504 5654 ipsum
1524 5583 1627 5636 crimen
1646 5579 1738 5649 palam
1755 5579 1810 5644 cla-
