<?xml version="1.0" encoding="UTF-8"?>
<!DOCTYPE html PUBLIC "-//W3C//DTD XHTML 1.0 Transitional//EN"
    "http://www.w3.org/TR/xhtml1/DTD/xhtml1-transitional.dtd">
<html xmlns="http://www.w3.org/1999/xhtml" xml:lang="en" lang="en">
 <head>
  <title>
</title>
<meta http-equiv="Content-Type" content="text/html;charset=utf-8" />
  <meta name='ocr-system' content='tesseract 3.04.00' />
  <meta name='ocr-capabilities' content='ocr_page ocr_carea ocr_par ocr_line ocrx_word'/>
</head>
<body>
  <div class='ocr_page' id='page_1' title='image "./locitheologicic01gerhgoog/locitheologicic01gerhgoog_0356.png"; bbox 0 0 4020 6014; ppageno 0'>
   <div class='ocr_carea' id='block_1_1' title="bbox 676 358 1790 434">
    <p class='ocr_par' dir='ltr' id='par_1_1' title="bbox 676 358 1790 434">
     <span class='ocr_line' id='line_1_1' title="bbox 676 358 1790 434; baseline 0.004 -16"><span class='ocrx_word' id='word_1_1' title='bbox 676 363 728 418; x_wconf 81' lang='lat' dir='ltr'>DE</span> <span class='ocrx_word' id='word_1_2' title='bbox 746 358 1000 434; x_wconf 68' lang='lat' dir='ltr'>unumunurn</span> <span class='ocrx_word' id='word_1_3' title='bbox 1019 358 1207 416; x_wconf 68' lang='lat' dir='ltr'>romaico.</span> <span class='ocrx_word' id='word_1_4' title='bbox 1730 367 1790 423; x_wconf 81' lang='lat'>347</span> 
     </span>
    </p>
   </div>
   <div class='ocr_carea' id='block_1_2' title="bbox 10 510 1916 5656">
    <p class='ocr_par' dir='ltr' id='par_1_2' title="bbox 10 510 1916 5656">
     <span class='ocr_line' id='line_1_2' title="bbox 92 510 1793 593; baseline -0.004 -23"><span class='ocrx_word' id='word_1_5' title='bbox 92 523 156 587; x_wconf 82' lang='lat' dir='ltr'>ejus</span> <span class='ocrx_word' id='word_1_6' title='bbox 180 526 200 574; x_wconf 93' lang='lat'>1.</span> <span class='ocrx_word' id='word_1_7' title='bbox 219 519 289 591; x_wconf 82' lang='lat' dir='ltr'>Reg.</span> <span class='ocrx_word' id='word_1_8' title='bbox 311 526 351 583; x_wconf 84' lang='lat'>15,</span> <span class='ocrx_word' id='word_1_9' title='bbox 368 537 392 573; x_wconf 86' lang='lat' dir='ltr'>v.</span> <span class='ocrx_word' id='word_1_10' title='bbox 415 524 452 573; x_wconf 87' lang='lat'>12.</span> <span class='ocrx_word' id='word_1_11' title='bbox 474 526 497 574; x_wconf 90' lang='grc'>2.</span> <span class='ocrx_word' id='word_1_12' title='bbox 517 519 612 574; x_wconf 85' lang='grc' dir='ltr'>Ρ6161.</span> <span class='ocrx_word' id='word_1_13' title='bbox 627 525 666 585; x_wconf 83' lang='lat' dir='ltr'>lt,</span> <span class='ocrx_word' id='word_1_14' title='bbox 686 537 710 572; x_wconf 83' lang='lat' dir='ltr'>v.</span> <span class='ocrx_word' id='word_1_15' title='bbox 729 525 753 572; x_wconf 88' lang='lat'>3.</span> <span class='ocrx_word' id='word_1_16' title='bbox 775 516 868 569; x_wconf 87' lang='lat' dir='ltr'>intulit</span> <span class='ocrx_word' id='word_1_17' title='bbox 887 530 931 577; x_wconf 88' lang='lat' dir='ltr'>ea,</span> <span class='ocrx_word' id='word_1_18' title='bbox 961 511 1090 569; x_wconf 90' lang='lat' dir='ltr'>libertate</span> <span class='ocrx_word' id='word_1_19' title='bbox 1107 513 1249 585; x_wconf 81' lang='lat' dir='ltr'>religionis</span> <span class='ocrx_word' id='word_1_20' title='bbox 1267 514 1381 582; x_wconf 84' lang='lat' dir='ltr'>caverit,</span> <span class='ocrx_word' id='word_1_21' title='bbox 1400 513 1539 593; x_wconf 76' lang='lat' dir='ltr'>stipendia</span> <span class='ocrx_word' id='word_1_22' title='bbox 1560 512 1613 583; x_wconf 89' lang='lat' dir='ltr'>piis</span> <span class='ocrx_word' id='word_1_23' title='bbox 1633 510 1793 566; x_wconf 87' lang='lat' dir='ltr'>doctoribus</span> 
     </span>
     <span class='ocr_line' id='line_1_3' title="bbox 92 597 1793 676; baseline -0.005 -17"><span class='ocrx_word' id='word_1_24' title='bbox 92 622 165 674; x_wconf 79' lang='lat' dir='ltr'>quae</span> <span class='ocrx_word' id='word_1_25' title='bbox 190 607 416 674; x_wconf 80' lang='lat' dir='ltr'>sanca&#39;ficaoerat</span> <span class='ocrx_word' id='word_1_26' title='bbox 439 613 525 674; x_wconf 89' lang='lat' dir='ltr'>pater</span> <span class='ocrx_word' id='word_1_27' title='bbox 550 606 640 676; x_wconf 77' lang='lat' dir='ltr'>ipsius</span> <span class='ocrx_word' id='word_1_28' title='bbox 664 614 689 658; x_wconf 89' lang='grc'>61</span> <span class='ocrx_word' id='word_1_29' title='bbox 720 612 820 657; x_wconf 88' lang='grc'>666616</span> <span class='ocrx_word' id='word_1_30' title='bbox 843 603 930 671; x_wconf 87' lang='lat' dir='ltr'>perti·</span> <span class='ocrx_word' id='word_1_31' title='bbox 958 599 1133 653; x_wconf 86' lang='lat' dir='ltr'>constituerit</span> <span class='ocrx_word' id='word_1_32' title='bbox 1151 606 1179 654; x_wconf 91' lang='grc'>61</span> <span class='ocrx_word' id='word_1_33' title='bbox 1199 607 1313 671; x_wconf 84' lang='lat' dir='ltr'>propter</span> <span class='ocrx_word' id='word_1_34' title='bbox 1338 600 1466 656; x_wconf 88' lang='lat' dir='ltr'>haeresin</span> <span class='ocrx_word' id='word_1_35' title='bbox 1487 600 1621 654; x_wconf 82' lang='lat' dir='ltr'>Ariauam</span> <span class='ocrx_word' id='word_1_36' title='bbox 1640 597 1793 655; x_wconf 85' lang='lat' dir='ltr'>Nicaenum</span> 
     </span>
     <span class='ocr_line' id='line_1_4' title="bbox 93 682 1792 760; baseline -0.004 -18"><span class='ocrx_word' id='word_1_37' title='bbox 93 692 189 743; x_wconf 77' lang='grc'>666116</span> <span class='ocrx_word' id='word_1_38' title='bbox 208 692 238 743; x_wconf 89' lang='lat' dir='ltr'>in</span> <span class='ocrx_word' id='word_1_39' title='bbox 252 693 363 744; x_wconf 89' lang='lat' dir='ltr'>domum</span> <span class='ocrx_word' id='word_1_40' title='bbox 378 691 505 757; x_wconf 87' lang='lat' dir='ltr'>Domini,</span> <span class='ocrx_word' id='word_1_41' title='bbox 526 699 679 760; x_wconf 79' lang='lat' dir='ltr'>arpentum,</span> <span class='ocrx_word' id='word_1_42' title='bbox 696 707 797 742; x_wconf 90' lang='lat' dir='ltr'>aurum</span> <span class='ocrx_word' id='word_1_43' title='bbox 819 695 930 740; x_wconf 88' lang='grc'>616666</span> <span class='ocrx_word' id='word_1_44' title='bbox 957 685 1105 739; x_wconf 87' lang='lat' dir='ltr'>concilium</span> <span class='ocrx_word' id='word_1_45' title='bbox 1126 687 1324 741; x_wconf 78' lang='lat' dir='ltr'>convocaverit.</span> <span class='ocrx_word' id='word_1_46' title='bbox 1364 685 1443 742; x_wconf 84' lang='lat' dir='ltr'><strong>Idem</strong></span> <span class='ocrx_word' id='word_1_47' title='bbox 1469 686 1497 740; x_wconf 92' lang='lat' dir='ltr'>in</span> <span class='ocrx_word' id='word_1_48' title='bbox 1525 684 1643 755; x_wconf 88' lang='lat' dir='ltr'>epistola</span> <span class='ocrx_word' id='word_1_49' title='bbox 1669 682 1792 738; x_wconf 88' lang='lat' dir='ltr'>ecelesiis</span> 
     </span>
     <span class='ocr_line' id='line_1_5' title="bbox 97 769 1793 847; baseline -0.005 -16"><span class='ocrx_word' id='word_1_50' title='bbox 97 782 117 831; x_wconf 91' lang='lat'>1.</span> <span class='ocrx_word' id='word_1_51' title='bbox 135 775 205 847; x_wconf 85' lang='lat' dir='ltr'>Reg.</span> <span class='ocrx_word' id='word_1_52' title='bbox 228 784 273 839; x_wconf 88' lang='grc'>15,</span> <span class='ocrx_word' id='word_1_53' title='bbox 291 795 316 830; x_wconf 87' lang='lat' dir='ltr'>v.</span> <span class='ocrx_word' id='word_1_54' title='bbox 339 784 377 831; x_wconf 91' lang='grc'>15.</span> <span class='ocrx_word' id='word_1_55' title='bbox 397 794 432 830; x_wconf 89' lang='lat' dir='ltr'>ac</span> <span class='ocrx_word' id='word_1_56' title='bbox 449 777 597 846; x_wconf 86' lang='lat' dir='ltr'>proecepit</span> <span class='ocrx_word' id='word_1_57' title='bbox 614 778 709 845; x_wconf 81' lang='lat' dir='ltr'>Judo,</span> <span class='ocrx_word' id='word_1_58' title='bbox 732 784 762 828; x_wconf 82' lang='lat' dir='ltr'>ut</span> <span class='ocrx_word' id='word_1_59' title='bbox 785 781 931 844; x_wconf 78' lang='lat' dir='ltr'>quaereret</span> <span class='ocrx_word' id='word_1_60' title='bbox 957 769 1063 839; x_wconf 87' lang='lat' dir='ltr'>scripta</span> <span class='ocrx_word' id='word_1_61' title='bbox 1095 779 1159 841; x_wconf 90' lang='lat' dir='ltr'>post</span> <span class='ocrx_word' id='word_1_62' title='bbox 1188 772 1325 843; x_wconf 82' lang='lat' dir='ltr'><strong>synodum</strong></span> <span class='ocrx_word' id='word_1_63' title='bbox 1357 772 1510 828; x_wconf 87' lang='lat' dir='ltr'>Nicaenam</span> <span class='ocrx_word' id='word_1_64' title='bbox 1542 771 1618 841; x_wconf 89' lang='lat' dir='ltr'>apud</span> <span class='ocrx_word' id='word_1_65' title='bbox 1643 769 1793 824; x_wconf 74' lang='lat' dir='ltr'><strong>Eusebium</strong></span> 
     </span>
     <span class='ocr_line' id='line_1_6' title="bbox 95 855 1793 931; baseline -0.005 -17"><span class='ocrx_word' id='word_1_66' title='bbox 95 864 248 916; x_wconf 89' lang='lat' dir='ltr'>Dominum</span> <span class='ocrx_word' id='word_1_67' title='bbox 271 864 364 916; x_wconf 88' lang='lat' dir='ltr'>Deum</span> <span class='ocrx_word' id='word_1_68' title='bbox 377 871 495 931; x_wconf 87' lang='lat' dir='ltr'>patrum</span> <span class='ocrx_word' id='word_1_69' title='bbox 514 880 629 915; x_wconf 77' lang='lat' dir='ltr'>sitorum</span> <span class='ocrx_word' id='word_1_70' title='bbox 654 871 679 915; x_wconf 89' lang='grc'>61</span> <span class='ocrx_word' id='word_1_71' title='bbox 704 864 813 927; x_wconf 80' lang='lat' dir='ltr'>faceret</span> <span class='ocrx_word' id='word_1_72' title='bbox 844 861 931 927; x_wconf 87' lang='lat' dir='ltr'>lepem</span> <span class='ocrx_word' id='word_1_73' title='bbox 957 855 1005 911; x_wconf 92' lang='lat' dir='ltr'>lib.</span> <span class='ocrx_word' id='word_1_74' title='bbox 1025 862 1049 911; x_wconf 89' lang='lat'>3.</span> <span class='ocrx_word' id='word_1_75' title='bbox 1062 856 1097 910; x_wconf 88' lang='lat' dir='ltr'>de</span> <span class='ocrx_word' id='word_1_76' title='bbox 1115 857 1202 927; x_wconf 86' lang='lat' dir='ltr'>ipsius</span> <span class='ocrx_word' id='word_1_77' title='bbox 1216 858 1275 912; x_wconf 84' lang='lat' dir='ltr'>vita</span> <span class='ocrx_word' id='word_1_78' title='bbox 1292 875 1319 927; x_wconf 90' lang='lat' dir='ltr'>p.</span> <span class='ocrx_word' id='word_1_79' title='bbox 1331 863 1395 913; x_wconf 80' lang='lat'>891:</span> <span class='ocrx_word' id='word_1_80' title='bbox 1416 859 1522 912; x_wconf 84' lang='lat' dir='ltr'>Putaui</span> <span class='ocrx_word' id='word_1_81' title='bbox 1534 859 1603 910; x_wconf 84' lang='lat' dir='ltr'>mihi</span> <span class='ocrx_word' id='word_1_82' title='bbox 1615 864 1679 910; x_wconf 88' lang='lat' dir='ltr'>ante</span> <span class='ocrx_word' id='word_1_83' title='bbox 1700 855 1793 908; x_wconf 89' lang='lat' dir='ltr'>omnio</span> 
     </span>
     <span class='ocr_line' id='line_1_7' title="bbox 93 940 1792 1011; baseline 0.002 -12"><span class='ocrx_word' id='word_1_84' title='bbox 93 956 120 1000; x_wconf 85' lang='lat' dir='ltr'>et</span> <span class='ocrx_word' id='word_1_85' title='bbox 144 949 276 1002; x_wconf 86' lang='lat' dir='ltr'>uniuersa</span> <span class='ocrx_word' id='word_1_86' title='bbox 301 950 438 1001; x_wconf 88' lang='lat' dir='ltr'>mandatu</span> <span class='ocrx_word' id='word_1_87' title='bbox 468 953 491 1002; x_wconf 86' lang='lat'>2.</span> <span class='ocrx_word' id='word_1_88' title='bbox 512 948 603 1003; x_wconf 87' lang='lat' dir='ltr'>Paral.</span> <span class='ocrx_word' id='word_1_89' title='bbox 627 955 674 1011; x_wconf 84' lang='grc'>14,</span> <span class='ocrx_word' id='word_1_90' title='bbox 700 966 724 1000; x_wconf 83' lang='lat' dir='ltr'>v.</span> <span class='ocrx_word' id='word_1_91' title='bbox 746 946 932 1002; x_wconf 71' lang='grc'>1166666611</span> <span class='ocrx_word' id='word_1_92' title='bbox 957 940 991 993; x_wconf 76' lang='lat' dir='ltr'>t‘d</span> <span class='ocrx_word' id='word_1_93' title='bbox 1008 943 1168 995; x_wconf 65' lang='lat' dir='ltr'>enitendum</span> <span class='ocrx_word' id='word_1_94' title='bbox 1187 960 1264 1008; x_wconf 72' lang='lat'><strong><em>⁶³⁸⁶,</em></strong></span> <span class='ocrx_word' id='word_1_95' title='bbox 1284 952 1313 996; x_wconf 66' lang='lat' dir='ltr'>td</span> <span class='ocrx_word' id='word_1_96' title='bbox 1332 945 1362 996; x_wconf 88' lang='lat' dir='ltr'>in</span> <span class='ocrx_word' id='word_1_97' title='bbox 1382 945 1501 998; x_wconf 64' lang='grc'>00016811]</span> <span class='ocrx_word' id='word_1_98' title='bbox 1521 946 1590 1004; x_wconf 60' lang='lat' dir='ltr'>tid&amp;</span> <span class='ocrx_word' id='word_1_99' title='bbox 1609 959 1667 996; x_wconf 88' lang='lat' dir='ltr'>una</span> <span class='ocrx_word' id='word_1_100' title='bbox 1685 940 1792 1003; x_wconf 64' lang='lat' dir='ltr'>fdlssit·</span> 
     </span>
     <span class='ocr_line' id='line_1_8' title="bbox 93 1027 1793 1099; baseline -0.003 -15"><span class='ocrx_word' id='word_1_101' title='bbox 93 1033 187 1086; x_wconf 86' lang='lat' dir='ltr'>altare</span> <span class='ocrx_word' id='word_1_102' title='bbox 215 1033 334 1088; x_wconf 80' lang='lat' dir='ltr'><strong><em>Domini</em></strong></span> <span class='ocrx_word' id='word_1_103' title='bbox 359 1042 384 1086; x_wconf 91' lang='lat' dir='ltr'>et</span> <span class='ocrx_word' id='word_1_104' title='bbox 408 1034 535 1087; x_wconf 87' lang='lat' dir='ltr'>subditos</span> <span class='ocrx_word' id='word_1_105' title='bbox 558 1034 664 1098; x_wconf 79' lang='lat' dir='ltr'>foedus</span> <span class='ocrx_word' id='word_1_106' title='bbox 688 1051 749 1086; x_wconf 87' lang='lat' dir='ltr'>cum</span> <span class='ocrx_word' id='word_1_107' title='bbox 770 1035 834 1085; x_wconf 87' lang='lat' dir='ltr'>Deo</span> <span class='ocrx_word' id='word_1_108' title='bbox 860 1032 931 1085; x_wconf 87' lang='lat' dir='ltr'>inire</span> <span class='ocrx_word' id='word_1_109' title='bbox 956 1027 1023 1080; x_wconf 80' lang='lat' dir='ltr'>simi</span> <span class='ocrx_word' id='word_1_110' title='bbox 1030 1030 1134 1099; x_wconf 79' lang='lat' dir='ltr'>popuii</span> <span class='ocrx_word' id='word_1_111' title='bbox 1144 1031 1256 1082; x_wconf 78' lang='lat' dir='ltr'>sinemo</span> <span class='ocrx_word' id='word_1_112' title='bbox 1274 1031 1381 1084; x_wconf 88' lang='lat' dir='ltr'>caritas</span> <span class='ocrx_word' id='word_1_113' title='bbox 1395 1038 1420 1083; x_wconf 85' lang='grc'>61</span> <span class='ocrx_word' id='word_1_114' title='bbox 1440 1031 1541 1098; x_wconf 82' lang='lat' dir='ltr'>rdipio</span> <span class='ocrx_word' id='word_1_115' title='bbox 1562 1047 1631 1098; x_wconf 84' lang='lat' dir='ltr'>erpa</span> <span class='ocrx_word' id='word_1_116' title='bbox 1651 1035 1793 1081; x_wconf 74' lang='lat' dir='ltr'>auctorem</span> 
     </span>
     <span class='ocr_line' id='line_1_9' title="bbox 36 1113 1792 1188; baseline -0.003 -15"><span class='ocrx_word' id='word_1_117' title='bbox 36 1113 39 1116; x_wconf 52' lang='grc'>’</span> <span class='ocrx_word' id='word_1_118' title='bbox 95 1120 180 1187; x_wconf 74' lang='lat' dir='ltr'>idque</span> <span class='ocrx_word' id='word_1_119' title='bbox 189 1121 534 1188; x_wconf 71' lang='lat' dir='ltr'>juramentoeoudrmare</span> <span class='ocrx_word' id='word_1_120' title='bbox 547 1119 637 1188; x_wconf 81' lang='lat' dir='ltr'>jussit</span> <span class='ocrx_word' id='word_1_121' title='bbox 655 1125 678 1173; x_wconf 83' lang='lat'>2.</span> <span class='ocrx_word' id='word_1_122' title='bbox 692 1117 784 1172; x_wconf 84' lang='lat' dir='ltr'>Parsl.</span> <span class='ocrx_word' id='word_1_123' title='bbox 801 1124 840 1184; x_wconf 87' lang='lat'>15,</span> <span class='ocrx_word' id='word_1_124' title='bbox 861 1135 886 1171; x_wconf 87' lang='lat' dir='ltr'>v.</span> <span class='ocrx_word' id='word_1_125' title='bbox 906 1121 930 1172; x_wconf 83' lang='lat'>8.</span> <span class='ocrx_word' id='word_1_126' title='bbox 958 1115 1078 1166; x_wconf 87' lang='lat' dir='ltr'>omnium</span> <span class='ocrx_word' id='word_1_127' title='bbox 1120 1118 1209 1169; x_wconf 83' lang='lat' dir='ltr'>Deum</span> <span class='ocrx_word' id='word_1_128' title='bbox 1245 1134 1380 1185; x_wconf 79' lang='lat' dir='ltr'>nusquam</span> <span class='ocrx_word' id='word_1_129' title='bbox 1422 1117 1589 1185; x_wconf 67' lang='lat' dir='ltr'><strong><em>discrepans</em></strong></span> <span class='ocrx_word' id='word_1_130' title='bbox 1627 1116 1792 1169; x_wconf 85' lang='lat' dir='ltr'>observetur.</span> 
     </span>
     <span class='ocr_line' id='line_1_10' title="bbox 95 1198 1792 1276; baseline -0.003 -20"><span class='ocrx_word' id='word_1_131' title='bbox 95 1210 122 1256; x_wconf 90' lang='lat' dir='ltr'>et</span> <span class='ocrx_word' id='word_1_132' title='bbox 136 1220 213 1274; x_wconf 93' lang='grc'>6666.</span> <span class='ocrx_word' id='word_1_133' title='bbox 244 1205 416 1276; x_wconf 84' lang='lat' dir='ltr'>Josepbatus</span> <span class='ocrx_word' id='word_1_134' title='bbox 436 1204 511 1258; x_wconf 84' lang='lat' dir='ltr'>Asse</span> <span class='ocrx_word' id='word_1_135' title='bbox 528 1203 603 1258; x_wconf 87' lang='lat' dir='ltr'>filius</span> <span class='ocrx_word' id='word_1_136' title='bbox 623 1204 732 1257; x_wconf 80' lang='grc'>6666166</span> <span class='ocrx_word' id='word_1_137' title='bbox 751 1204 875 1257; x_wconf 86' lang='grc'>6116666</span> <span class='ocrx_word' id='word_1_138' title='bbox 895 1204 929 1255; x_wconf 90' lang='lat' dir='ltr'>de</span> <span class='ocrx_word' id='word_1_139' title='bbox 958 1199 1115 1255; x_wconf 89' lang='lat' dir='ltr'>Marcianus</span> <span class='ocrx_word' id='word_1_140' title='bbox 1152 1201 1301 1271; x_wconf 89' lang='lat' dir='ltr'>imperator</span> <span class='ocrx_word' id='word_1_141' title='bbox 1336 1204 1363 1257; x_wconf 92' lang='grc'>11</span> <span class='ocrx_word' id='word_1_142' title='bbox 1402 1204 1491 1273; x_wconf 88' lang='lat' dir='ltr'>prima</span> <span class='ocrx_word' id='word_1_143' title='bbox 1521 1201 1643 1256; x_wconf 80' lang='lat' dir='ltr'>sessione</span> <span class='ocrx_word' id='word_1_144' title='bbox 1683 1198 1792 1255; x_wconf 88' lang='lat' dir='ltr'>concilii</span> 
     </span>
     <span class='ocr_line' id='line_1_11' title="bbox 95 1279 1792 1360; baseline -0.004 -18"><span class='ocrx_word' id='word_1_145' title='bbox 95 1289 164 1351; x_wconf 75' lang='lat' dir='ltr'>tiliis</span> <span class='ocrx_word' id='word_1_146' title='bbox 182 1291 264 1343; x_wconf 85' lang='lat' dir='ltr'>Judo</span> <span class='ocrx_word' id='word_1_147' title='bbox 284 1290 398 1343; x_wconf 82' lang='lat' dir='ltr'>abstulit</span> <span class='ocrx_word' id='word_1_148' title='bbox 416 1295 439 1344; x_wconf 80' lang='grc'>1.</span> <span class='ocrx_word' id='word_1_149' title='bbox 460 1289 552 1346; x_wconf 86' lang='grc' dir='ltr'>Ρ6161.</span> <span class='ocrx_word' id='word_1_150' title='bbox 576 1295 615 1355; x_wconf 82' lang='grc'>11,</span> <span class='ocrx_word' id='word_1_151' title='bbox 635 1309 659 1344; x_wconf 84' lang='lat' dir='ltr'>r.</span> <span class='ocrx_word' id='word_1_152' title='bbox 677 1298 699 1345; x_wconf 82' lang='lat'>6.</span> <span class='ocrx_word' id='word_1_153' title='bbox 714 1307 748 1342; x_wconf 88' lang='grc'>66</span> <span class='ocrx_word' id='word_1_154' title='bbox 762 1289 836 1341; x_wconf 81' lang='lat' dir='ltr'>mr&#39;sit</span> <span class='ocrx_word' id='word_1_155' title='bbox 850 1289 930 1357; x_wconf 80' lang='lat' dir='ltr'>prin·</span> <span class='ocrx_word' id='word_1_156' title='bbox 944 1308 945 1345; x_wconf 75' lang='grc'>1</span> <span class='ocrx_word' id='word_1_157' title='bbox 960 1284 1189 1341; x_wconf 81' lang='lat' dir='ltr'>Chalcedonensis</span> <span class='ocrx_word' id='word_1_158' title='bbox 1214 1279 1260 1342; x_wconf 60' lang='lat' dir='ltr'>vsic</span> <span class='ocrx_word' id='word_1_159' title='bbox 1291 1289 1441 1360; x_wconf 81' lang='lat' dir='ltr'>alloquitur</span> <span class='ocrx_word' id='word_1_160' title='bbox 1481 1293 1604 1344; x_wconf 89' lang='lat' dir='ltr'>sanctam</span> <span class='ocrx_word' id='word_1_161' title='bbox 1640 1285 1792 1355; x_wconf 85' lang='lat' dir='ltr'>synodum:</span> 
     </span>
     <span class='ocr_line' id='line_1_12' title="bbox 94 1373 1792 1444; baseline -0.001 -18"><span class='ocrx_word' id='word_1_162' title='bbox 94 1375 170 1442; x_wconf 82' lang='lat' dir='ltr'>cipes</span> <span class='ocrx_word' id='word_1_163' title='bbox 193 1383 219 1427; x_wconf 88' lang='lat' dir='ltr'>et</span> <span class='ocrx_word' id='word_1_164' title='bbox 244 1377 420 1442; x_wconf 76' lang='lat' dir='ltr'>sacerdotes,</span> <span class='ocrx_word' id='word_1_165' title='bbox 445 1376 495 1443; x_wconf 75' lang='lat' dir='ltr'>qui</span> <span class='ocrx_word' id='word_1_166' title='bbox 517 1375 696 1428; x_wconf 85' lang='lat' dir='ltr'>circumirent</span> <span class='ocrx_word' id='word_1_167' title='bbox 721 1375 750 1427; x_wconf 89' lang='lat' dir='ltr'>in</span> <span class='ocrx_word' id='word_1_168' title='bbox 769 1376 825 1428; x_wconf 84' lang='lat' dir='ltr'>tolo</span> <span class='ocrx_word' id='word_1_169' title='bbox 844 1390 931 1442; x_wconf 87' lang='lat' dir='ltr'>repno</span> <span class='ocrx_word' id='word_1_170' title='bbox 960 1373 1028 1426; x_wconf 71' lang='lat' dir='ltr'>arm</span> <span class='ocrx_word' id='word_1_171' title='bbox 1047 1373 1170 1442; x_wconf 87' lang='lat' dir='ltr'>primum</span> <span class='ocrx_word' id='word_1_172' title='bbox 1185 1392 1239 1444; x_wconf 90' lang='lat' dir='ltr'>per</span> <span class='ocrx_word' id='word_1_173' title='bbox 1259 1375 1419 1428; x_wconf 86' lang='lat' dir='ltr'>electionem</span> <span class='ocrx_word' id='word_1_174' title='bbox 1443 1375 1472 1427; x_wconf 88' lang='lat' dir='ltr'>in</span> <span class='ocrx_word' id='word_1_175' title='bbox 1498 1390 1613 1440; x_wconf 83' lang='lat' dir='ltr'>repnum</span> <span class='ocrx_word' id='word_1_176' title='bbox 1632 1373 1667 1425; x_wconf 88' lang='lat' dir='ltr'>de</span> <span class='ocrx_word' id='word_1_177' title='bbox 1686 1378 1792 1424; x_wconf 85' lang='lat' dir='ltr'>secreto</span> 
     </span>
     <span class='ocr_line' id='line_1_13' title="bbox 95 1457 1794 1530; baseline 0.001 -20"><span class='ocrx_word' id='word_1_178' title='bbox 95 1477 129 1511; x_wconf 91' lang='grc'>66</span> <span class='ocrx_word' id='word_1_179' title='bbox 146 1461 282 1528; x_wconf 85' lang='lat' dir='ltr'>populum</span> <span class='ocrx_word' id='word_1_180' title='bbox 308 1462 338 1512; x_wconf 89' lang='lat' dir='ltr'>in</span> <span class='ocrx_word' id='word_1_181' title='bbox 364 1460 423 1529; x_wconf 83' lang='lat' dir='ltr'>lepe</span> <span class='ocrx_word' id='word_1_182' title='bbox 442 1461 502 1512; x_wconf 90' lang='lat' dir='ltr'>Dei</span> <span class='ocrx_word' id='word_1_183' title='bbox 527 1459 701 1514; x_wconf 77' lang='lat' dir='ltr'>instituerent</span> <span class='ocrx_word' id='word_1_184' title='bbox 725 1478 751 1513; x_wconf 83' lang='lat' dir='ltr'>v.</span> <span class='ocrx_word' id='word_1_185' title='bbox 770 1467 793 1513; x_wconf 83' lang='lat'>7.</span> <span class='ocrx_word' id='word_1_186' title='bbox 821 1459 872 1514; x_wconf 92' lang='lat' dir='ltr'>hoc</span> <span class='ocrx_word' id='word_1_187' title='bbox 891 1462 932 1513; x_wconf 84' lang='lat' dir='ltr'>est</span> <span class='ocrx_word' id='word_1_188' title='bbox 960 1461 1019 1511; x_wconf 86' lang='lat' dir='ltr'>Dei</span> <span class='ocrx_word' id='word_1_189' title='bbox 1033 1463 1161 1527; x_wconf 85' lang='lat' dir='ltr'>provecti</span> <span class='ocrx_word' id='word_1_190' title='bbox 1178 1480 1287 1529; x_wconf 71' lang='lat' dir='ltr'>sirmas,</span> <span class='ocrx_word' id='word_1_191' title='bbox 1306 1463 1381 1515; x_wconf 91' lang='lat' dir='ltr'>inter</span> <span class='ocrx_word' id='word_1_192' title='bbox 1399 1470 1493 1515; x_wconf 86' lang='lat' dir='ltr'>tantas</span> <span class='ocrx_word' id='word_1_193' title='bbox 1504 1461 1635 1530; x_wconf 86' lang='lat' dir='ltr'>publicas</span> <span class='ocrx_word' id='word_1_194' title='bbox 1654 1457 1794 1512; x_wconf 68' lang='lat' dir='ltr'>utilitates</span> 
     </span>
     <span class='ocr_line' id='line_1_14' title="bbox 96 1544 1792 1615; baseline -0.002 -16"><span class='ocrx_word' id='word_1_195' title='bbox 96 1544 218 1599; x_wconf 86' lang='lat' dir='ltr'>abolevit</span> <span class='ocrx_word' id='word_1_196' title='bbox 236 1545 328 1600; x_wconf 88' lang='lat' dir='ltr'>cultus</span> <span class='ocrx_word' id='word_1_197' title='bbox 348 1544 547 1604; x_wconf 84' lang='lat' dir='ltr'>idololatricae,</span> <span class='ocrx_word' id='word_1_198' title='bbox 567 1545 688 1600; x_wconf 88' lang='lat' dir='ltr'>instituit</span> <span class='ocrx_word' id='word_1_199' title='bbox 706 1546 930 1600; x_wconf 82' lang='lat' dir='ltr'>reformationem</span> <span class='ocrx_word' id='word_1_200' title='bbox 958 1545 1065 1597; x_wconf 88' lang='lat' dir='ltr'>nullum</span> <span class='ocrx_word' id='word_1_201' title='bbox 1077 1546 1168 1614; x_wconf 81' lang='lat' dir='ltr'>maps&#39;s</span> <span class='ocrx_word' id='word_1_202' title='bbox 1180 1565 1231 1599; x_wconf 90' lang='lat' dir='ltr'>nos</span> <span class='ocrx_word' id='word_1_203' title='bbox 1244 1547 1408 1600; x_wconf 72' lang='lat' dir='ltr'>constrinxit</span> <span class='ocrx_word' id='word_1_204' title='bbox 1420 1548 1568 1615; x_wconf 78' lang='lat' dir='ltr'>nepotium,</span> <span class='ocrx_word' id='word_1_205' title='bbox 1586 1563 1669 1614; x_wconf 80' lang='lat' dir='ltr'>quam</span> <span class='ocrx_word' id='word_1_206' title='bbox 1687 1552 1792 1597; x_wconf 89' lang='lat' dir='ltr'>rectam</span> 
     </span>
     <span class='ocr_line' id='line_1_15' title="bbox 95 1630 1791 1702; baseline -0.001 -19"><span class='ocrx_word' id='word_1_207' title='bbox 95 1637 125 1683; x_wconf 88' lang='lat' dir='ltr'>et</span> <span class='ocrx_word' id='word_1_208' title='bbox 151 1630 306 1685; x_wconf 77' lang='lat' dir='ltr'>visitatores</span> <span class='ocrx_word' id='word_1_209' title='bbox 333 1630 486 1702; x_wconf 78' lang='lat' dir='ltr'>ablegavit,</span> <span class='ocrx_word' id='word_1_210' title='bbox 515 1631 583 1701; x_wconf 90' lang='lat' dir='ltr'>quin</span> <span class='ocrx_word' id='word_1_211' title='bbox 612 1637 641 1684; x_wconf 90' lang='grc'>61</span> <span class='ocrx_word' id='word_1_212' title='bbox 660 1630 718 1700; x_wconf 90' lang='lat' dir='ltr'>ipse</span> <span class='ocrx_word' id='word_1_213' title='bbox 739 1647 866 1700; x_wconf 83' lang='lat' dir='ltr'>eprcssas</span> <span class='ocrx_word' id='word_1_214' title='bbox 892 1634 934 1684; x_wconf 89' lang='lat' dir='ltr'>ad</span> <span class='ocrx_word' id='word_1_215' title='bbox 958 1638 984 1682; x_wconf 91' lang='lat' dir='ltr'>et</span> <span class='ocrx_word' id='word_1_216' title='bbox 1002 1647 1097 1684; x_wconf 82' lang='lat' dir='ltr'>oerum</span> <span class='ocrx_word' id='word_1_217' title='bbox 1109 1634 1196 1700; x_wconf 78' lang='lat' dir='ltr'>fidem</span> <span class='ocrx_word' id='word_1_218' title='bbox 1212 1633 1444 1699; x_wconf 75' lang='lat' dir='ltr'>Christianorum,</span> <span class='ocrx_word' id='word_1_219' title='bbox 1463 1648 1535 1700; x_wconf 78' lang='grc'>61166</span> <span class='ocrx_word' id='word_1_220' title='bbox 1554 1639 1653 1684; x_wconf 86' lang='lat' dir='ltr'>sancto</span> <span class='ocrx_word' id='word_1_221' title='bbox 1670 1638 1698 1684; x_wconf 88' lang='lat' dir='ltr'>et</span> <span class='ocrx_word' id='word_1_222' title='bbox 1715 1646 1791 1682; x_wconf 87' lang='grc'>6666-</span> 
     </span>
     <span class='ocr_line' id='line_1_16' title="bbox 93 1716 1792 1786; baseline -0.001 -17"><span class='ocrx_word' id='word_1_223' title='bbox 93 1717 229 1786; x_wconf 87' lang='lat' dir='ltr'>populum</span> <span class='ocrx_word' id='word_1_224' title='bbox 254 1719 289 1771; x_wconf 85' lang='lat' dir='ltr'>de</span> <span class='ocrx_word' id='word_1_225' title='bbox 307 1719 447 1772; x_wconf 76' lang='lat' dir='ltr'>Bersabee</span> <span class='ocrx_word' id='word_1_226' title='bbox 473 1735 559 1785; x_wconf 83' lang='grc'>116666</span> <span class='ocrx_word' id='word_1_227' title='bbox 587 1719 628 1770; x_wconf 93' lang='lat' dir='ltr'>ad</span> <span class='ocrx_word' id='word_1_228' title='bbox 650 1726 767 1771; x_wconf 86' lang='lat' dir='ltr'>montem</span> <span class='ocrx_word' id='word_1_229' title='bbox 792 1718 931 1786; x_wconf 84' lang='lat' dir='ltr'>Ephraim</span> <span class='ocrx_word' id='word_1_230' title='bbox 958 1718 1053 1770; x_wconf 85' lang='lat' dir='ltr'>rande</span> <span class='ocrx_word' id='word_1_231' title='bbox 1083 1719 1226 1784; x_wconf 86' lang='lat' dir='ltr'>consistit,</span> <span class='ocrx_word' id='word_1_232' title='bbox 1265 1719 1451 1771; x_wconf 88' lang='lat' dir='ltr'>indubitatam</span> <span class='ocrx_word' id='word_1_233' title='bbox 1481 1719 1605 1772; x_wconf 76' lang='lat' dir='ltr'>oninibus</span> <span class='ocrx_word' id='word_1_234' title='bbox 1634 1716 1792 1769; x_wconf 86' lang='lat' dir='ltr'>declarare.</span> 
     </span>
     <span class='ocr_line' id='line_1_17' title="bbox 94 1802 1794 1872; baseline 0.001 -19"><span class='ocrx_word' id='word_1_235' title='bbox 94 1803 232 1855; x_wconf 79' lang='lat' dir='ltr'>revocavit</span> <span class='ocrx_word' id='word_1_236' title='bbox 257 1822 302 1857; x_wconf 86' lang='lat' dir='ltr'>eos</span> <span class='ocrx_word' id='word_1_237' title='bbox 329 1805 369 1857; x_wconf 89' lang='lat' dir='ltr'>ad</span> <span class='ocrx_word' id='word_1_238' title='bbox 389 1804 540 1857; x_wconf 89' lang='lat' dir='ltr'>Dominum</span> <span class='ocrx_word' id='word_1_239' title='bbox 562 1806 654 1856; x_wconf 89' lang='lat' dir='ltr'>Deum</span> <span class='ocrx_word' id='word_1_240' title='bbox 677 1812 792 1871; x_wconf 86' lang='lat' dir='ltr'>patrum</span> <span class='ocrx_word' id='word_1_241' title='bbox 818 1822 931 1857; x_wconf 90' lang='lat' dir='ltr'>suorum</span> <span class='ocrx_word' id='word_1_242' title='bbox 959 1802 1086 1856; x_wconf 84' lang='lat' dir='ltr'>Socrates</span> <span class='ocrx_word' id='word_1_243' title='bbox 1105 1802 1134 1856; x_wconf 92' lang='lat' dir='ltr'>in</span> <span class='ocrx_word' id='word_1_244' title='bbox 1146 1818 1268 1871; x_wconf 89' lang='lat' dir='ltr'>prooem.</span> <span class='ocrx_word' id='word_1_245' title='bbox 1284 1803 1331 1857; x_wconf 91' lang='lat' dir='ltr'>lib.</span> <span class='ocrx_word' id='word_1_246' title='bbox 1353 1803 1794 1872; x_wconf 74' lang='grc'>611161661111166616616166</span> 
     </span>
     <span class='ocr_line' id='line_1_18' title="bbox 96 1885 1795 1959; baseline -0.001 -18"><span class='ocrx_word' id='word_1_247' title='bbox 96 1893 118 1942; x_wconf 86' lang='grc'>2.</span> <span class='ocrx_word' id='word_1_248' title='bbox 137 1888 229 1944; x_wconf 87' lang='grc' dir='ltr'>Ρ6161.</span> <span class='ocrx_word' id='word_1_249' title='bbox 252 1894 343 1952; x_wconf 81' lang='grc'>19,1.</span> <span class='ocrx_word' id='word_1_250' title='bbox 370 1895 394 1945; x_wconf 81' lang='grc'>4.</span> <span class='ocrx_word' id='word_1_251' title='bbox 412 1890 554 1944; x_wconf 87' lang='lat' dir='ltr'>constituit</span> <span class='ocrx_word' id='word_1_252' title='bbox 575 1890 690 1959; x_wconf 78' lang='lat' dir='ltr'>irmnper</span> <span class='ocrx_word' id='word_1_253' title='bbox 722 1892 882 1943; x_wconf 83' lang='lat' dir='ltr'>sacerdotes</span> <span class='ocrx_word' id='word_1_254' title='bbox 907 1899 932 1943; x_wconf 89' lang='lat' dir='ltr'>et</span> <span class='ocrx_word' id='word_1_255' title='bbox 957 1888 986 1940; x_wconf 95' lang='lat' dir='ltr'>in</span> <span class='ocrx_word' id='word_1_256' title='bbox 1004 1886 1120 1943; x_wconf 90' lang='lat' dir='ltr'>historia</span> <span class='ocrx_word' id='word_1_257' title='bbox 1139 1887 1328 1943; x_wconf 88' lang='lat' dir='ltr'>ecclesiastica</span> <span class='ocrx_word' id='word_1_258' title='bbox 1350 1889 1518 1944; x_wconf 87' lang='lat' dir='ltr'>mentionem</span> <span class='ocrx_word' id='word_1_259' title='bbox 1539 1889 1736 1958; x_wconf 86' lang='lat' dir='ltr'>imperatorum</span> <span class='ocrx_word' id='word_1_260' title='bbox 1754 1885 1795 1940; x_wconf 89' lang='grc'>16-</span> 
     </span>
     <span class='ocr_line' id='line_1_19' title="bbox 98 1973 1792 2044; baseline -0.001 -18"><span class='ocrx_word' id='word_1_261' title='bbox 98 1974 209 2026; x_wconf 85' lang='lat' dir='ltr'>Levitus</span> <span class='ocrx_word' id='word_1_262' title='bbox 234 1982 259 2026; x_wconf 90' lang='lat' dir='ltr'>et</span> <span class='ocrx_word' id='word_1_263' title='bbox 280 1975 425 2043; x_wconf 88' lang='lat' dir='ltr'>principes</span> <span class='ocrx_word' id='word_1_264' title='bbox 442 1975 627 2039; x_wconf 83' lang='lat' dir='ltr'>familiarum</span> <span class='ocrx_word' id='word_1_265' title='bbox 646 1984 684 2028; x_wconf 83' lang='lat' dir='ltr'>&#39;eu</span> <span class='ocrx_word' id='word_1_266' title='bbox 710 1976 802 2029; x_wconf 75' lang='lat' dir='ltr'>Israi‘l</span> <span class='ocrx_word' id='word_1_267' title='bbox 831 1976 871 2027; x_wconf 88' lang='lat' dir='ltr'>ud</span> <span class='ocrx_word' id='word_1_268' title='bbox 882 1976 931 2043; x_wconf 79' lang='lat' dir='ltr'>y&#39;u·</span> <span class='ocrx_word' id='word_1_269' title='bbox 958 1973 1178 2042; x_wconf 78' lang='grc'>616666661166</span> <span class='ocrx_word' id='word_1_270' title='bbox 1199 1975 1250 2028; x_wconf 85' lang='lat' dir='ltr'>illo</span> <span class='ocrx_word' id='word_1_271' title='bbox 1269 1983 1399 2044; x_wconf 87' lang='lat' dir='ltr'>tempore,</span> <span class='ocrx_word' id='word_1_272' title='bbox 1418 1992 1472 2044; x_wconf 80' lang='lat' dir='ltr'>quo</span> <span class='ocrx_word' id='word_1_273' title='bbox 1486 1974 1642 2028; x_wconf 73' lang='lat' dir='ltr'>Christiani</span> <span class='ocrx_word' id='word_1_274' title='bbox 1653 1990 1712 2027; x_wconf 88' lang='lat' dir='ltr'>esse</span> <span class='ocrx_word' id='word_1_275' title='bbox 1734 1991 1792 2026; x_wconf 88' lang='lat' dir='ltr'>cos·</span> 
     </span>
     <span class='ocr_line' id='line_1_20' title="bbox 95 2059 1793 2129; baseline -0.001 -18"><span class='ocrx_word' id='word_1_276' title='bbox 95 2061 200 2112; x_wconf 85' lang='lat' dir='ltr'>dicium</span> <span class='ocrx_word' id='word_1_277' title='bbox 227 2061 345 2113; x_wconf 86' lang='lat' dir='ltr'>Domini</span> <span class='ocrx_word' id='word_1_278' title='bbox 369 2068 394 2112; x_wconf 91' lang='grc'>61</span> <span class='ocrx_word' id='word_1_279' title='bbox 418 2062 624 2115; x_wconf 81' lang='lat' dir='ltr'>comroaersias</span> <span class='ocrx_word' id='word_1_280' title='bbox 642 2061 705 2128; x_wconf 86' lang='lat' dir='ltr'>ejus</span> <span class='ocrx_word' id='word_1_281' title='bbox 722 2060 836 2128; x_wconf 80' lang='lat' dir='ltr'>illisque</span> <span class='ocrx_word' id='word_1_282' title='bbox 855 2069 932 2114; x_wconf 87' lang='lat' dir='ltr'>certa</span> <span class='ocrx_word' id='word_1_283' title='bbox 955 2066 1075 2126; x_wconf 82' lang='lat' dir='ltr'>perum,</span> <span class='ocrx_word' id='word_1_284' title='bbox 1100 2060 1233 2112; x_wconf 86' lang='lat' dir='ltr'>ccclesiae</span> <span class='ocrx_word' id='word_1_285' title='bbox 1255 2061 1368 2129; x_wconf 82' lang='lat' dir='ltr'>nepotia</span> <span class='ocrx_word' id='word_1_286' title='bbox 1388 2077 1423 2113; x_wconf 83' lang='grc'>66</span> <span class='ocrx_word' id='word_1_287' title='bbox 1443 2061 1559 2114; x_wconf 88' lang='lat' dir='ltr'>illorum</span> <span class='ocrx_word' id='word_1_288' title='bbox 1588 2068 1656 2112; x_wconf 81' lang='grc'>61116</span> <span class='ocrx_word' id='word_1_289' title='bbox 1671 2059 1793 2127; x_wconf 86' lang='lat' dir='ltr'>pendere</span> 
     </span>
     <span class='ocr_line' id='line_1_21' title="bbox 91 2144 1794 2217; baseline -0.001 -19"><span class='ocrx_word' id='word_1_290' title='bbox 91 2153 249 2214; x_wconf 86' lang='lat' dir='ltr'>praecepta</span> <span class='ocrx_word' id='word_1_291' title='bbox 270 2147 422 2214; x_wconf 86' lang='lat' dir='ltr'>proposuit</span> <span class='ocrx_word' id='word_1_292' title='bbox 442 2164 466 2199; x_wconf 88' lang='lat' dir='ltr'>v.</span> <span class='ocrx_word' id='word_1_293' title='bbox 490 2151 514 2200; x_wconf 84' lang='lat'>8.</span> <span class='ocrx_word' id='word_1_294' title='bbox 528 2153 556 2200; x_wconf 91' lang='lat' dir='ltr'>et</span> <span class='ocrx_word' id='word_1_295' title='bbox 569 2162 645 2217; x_wconf 89' lang='lat' dir='ltr'>seqq.</span> <span class='ocrx_word' id='word_1_296' title='bbox 675 2148 749 2199; x_wconf 85' lang='lat' dir='ltr'>Joas</span> <span class='ocrx_word' id='word_1_297' title='bbox 767 2145 933 2200; x_wconf 84' lang='lat' dir='ltr'>instauravit</span> <span class='ocrx_word' id='word_1_298' title='bbox 957 2144 1020 2195; x_wconf 83' lang='lat' dir='ltr'>visa</span> <span class='ocrx_word' id='word_1_299' title='bbox 1044 2144 1100 2197; x_wconf 86' lang='lat' dir='ltr'>sint</span> <span class='ocrx_word' id='word_1_300' title='bbox 1128 2153 1153 2197; x_wconf 89' lang='grc'>61</span> <span class='ocrx_word' id='word_1_301' title='bbox 1179 2146 1300 2198; x_wconf 81' lang='grc'>61661616</span> <span class='ocrx_word' id='word_1_302' title='bbox 1325 2146 1448 2199; x_wconf 88' lang='lat' dir='ltr'>concilio</span> <span class='ocrx_word' id='word_1_303' title='bbox 1474 2148 1509 2198; x_wconf 90' lang='lat' dir='ltr'>de</span> <span class='ocrx_word' id='word_1_304' title='bbox 1534 2163 1629 2199; x_wconf 88' lang='lat' dir='ltr'>eorum</span> <span class='ocrx_word' id='word_1_305' title='bbox 1655 2145 1794 2199; x_wconf 88' lang='lat' dir='ltr'>sententio</span> 
     </span>
     <span class='ocr_line' id='line_1_22' title="bbox 98 2230 1795 2305; baseline 0.002 -22"><span class='ocrx_word' id='word_1_306' title='bbox 98 2231 191 2284; x_wconf 87' lang='lat' dir='ltr'>ruinas</span> <span class='ocrx_word' id='word_1_307' title='bbox 216 2231 311 2300; x_wconf 90' lang='lat' dir='ltr'>templi</span> <span class='ocrx_word' id='word_1_308' title='bbox 336 2237 358 2285; x_wconf 93' lang='grc'>2.</span> <span class='ocrx_word' id='word_1_309' title='bbox 378 2230 448 2301; x_wconf 88' lang='lat' dir='ltr'>Reg.</span> <span class='ocrx_word' id='word_1_310' title='bbox 470 2237 512 2294; x_wconf 93' lang='grc'>12,</span> <span class='ocrx_word' id='word_1_311' title='bbox 542 2249 567 2285; x_wconf 88' lang='lat' dir='ltr'>v.</span> <span class='ocrx_word' id='word_1_312' title='bbox 587 2237 611 2287; x_wconf 84' lang='grc'>4.</span> <span class='ocrx_word' id='word_1_313' title='bbox 638 2238 660 2285; x_wconf 88' lang='grc'>2.</span> <span class='ocrx_word' id='word_1_314' title='bbox 680 2231 772 2286; x_wconf 85' lang='grc' dir='ltr'>Ρ6161.</span> <span class='ocrx_word' id='word_1_315' title='bbox 791 2237 837 2295; x_wconf 83' lang='grc'>24,</span> <span class='ocrx_word' id='word_1_316' title='bbox 858 2250 883 2285; x_wconf 88' lang='lat' dir='ltr'>v.</span> <span class='ocrx_word' id='word_1_317' title='bbox 906 2238 931 2288; x_wconf 79' lang='lat' dir='ltr'>t.</span> <span class='ocrx_word' id='word_1_318' title='bbox 959 2237 1118 2284; x_wconf 84' lang='grc'>6611666616.</span> <span class='ocrx_word' id='word_1_319' title='bbox 1175 2232 1361 2305; x_wconf 78' lang='lat' dir='ltr'>Theodosium</span> <span class='ocrx_word' id='word_1_320' title='bbox 1393 2230 1446 2286; x_wconf 88' lang='lat' dir='ltr'>hoc</span> <span class='ocrx_word' id='word_1_321' title='bbox 1477 2232 1587 2286; x_wconf 92' lang='lat' dir='ltr'>nomine</span> <span class='ocrx_word' id='word_1_322' title='bbox 1619 2231 1795 2287; x_wconf 85' lang='lat' dir='ltr'>commendat</span> 
     </span>
     <span class='ocr_line' id='line_1_23' title="bbox 98 2315 1793 2388; baseline 0.001 -17"><span class='ocrx_word' id='word_1_323' title='bbox 98 2317 233 2371; x_wconf 75' lang='lat' dir='ltr'>Ezechias</span> <span class='ocrx_word' id='word_1_324' title='bbox 253 2318 402 2386; x_wconf 72' lang='lat' dir='ltr'>dissipavit</span> <span class='ocrx_word' id='word_1_325' title='bbox 420 2320 537 2384; x_wconf 84' lang='grc'>6666166,</span> <span class='ocrx_word' id='word_1_326' title='bbox 557 2320 688 2372; x_wconf 81' lang='lat' dir='ltr'>contrivit</span> <span class='ocrx_word' id='word_1_327' title='bbox 706 2326 824 2386; x_wconf 86' lang='lat' dir='ltr'>statuas,</span> <span class='ocrx_word' id='word_1_328' title='bbox 843 2320 931 2372; x_wconf 88' lang='lat' dir='ltr'>sucei-</span> <span class='ocrx_word' id='word_1_329' title='bbox 959 2315 1136 2378; x_wconf 82' lang='lat' dir='ltr'>Ambrosius,</span> <span class='ocrx_word' id='word_1_330' title='bbox 1164 2317 1238 2388; x_wconf 90' lang='lat' dir='ltr'>quod</span> <span class='ocrx_word' id='word_1_331' title='bbox 1257 2318 1339 2372; x_wconf 90' lang='lat' dir='ltr'>morti</span> <span class='ocrx_word' id='word_1_332' title='bbox 1357 2317 1465 2371; x_wconf 86' lang='lat' dir='ltr'>vicinus</span> <span class='ocrx_word' id='word_1_333' title='bbox 1491 2317 1631 2387; x_wconf 86' lang='lat' dir='ltr'>potiorem</span> <span class='ocrx_word' id='word_1_334' title='bbox 1659 2317 1793 2372; x_wconf 85' lang='lat' dir='ltr'>ecclesiae</span> 
     </span>
     <span class='ocr_line' id='line_1_24' title="bbox 97 2403 1793 2474; baseline 0.002 -20"><span class='ocrx_word' id='word_1_335' title='bbox 97 2403 139 2454; x_wconf 88' lang='lat' dir='ltr'>dit</span> <span class='ocrx_word' id='word_1_336' title='bbox 157 2403 245 2464; x_wconf 89' lang='lat' dir='ltr'>lucos,</span> <span class='ocrx_word' id='word_1_337' title='bbox 264 2403 405 2470; x_wconf 81' lang='lat' dir='ltr'>confrepit</span> <span class='ocrx_word' id='word_1_338' title='bbox 423 2412 578 2473; x_wconf 82' lang='lat' dir='ltr'>serpentem</span> <span class='ocrx_word' id='word_1_339' title='bbox 600 2405 800 2472; x_wconf 79' lang='lat' dir='ltr'>aenmsm,cui</span> <span class='ocrx_word' id='word_1_340' title='bbox 815 2406 931 2458; x_wconf 73' lang='grc'>1616111-</span> <span class='ocrx_word' id='word_1_341' title='bbox 959 2419 1043 2470; x_wconf 75' lang='lat' dir='ltr'>quum</span> <span class='ocrx_word' id='word_1_342' title='bbox 1061 2403 1176 2474; x_wconf 87' lang='lat' dir='ltr'>imperii</span> <span class='ocrx_word' id='word_1_343' title='bbox 1190 2420 1288 2454; x_wconf 87' lang='lat' dir='ltr'>curam</span> <span class='ocrx_word' id='word_1_344' title='bbox 1306 2404 1400 2470; x_wconf 84' lang='lat' dir='ltr'>aperit.</span> <span class='ocrx_word' id='word_1_345' title='bbox 1434 2403 1594 2456; x_wconf 72' lang='lat' dir='ltr'>lastiniani</span> <span class='ocrx_word' id='word_1_346' title='bbox 1617 2420 1668 2456; x_wconf 86' lang='lat' dir='ltr'>vox</span> <span class='ocrx_word' id='word_1_347' title='bbox 1694 2420 1793 2457; x_wconf 89' lang='lat' dir='ltr'>memo-</span> 
     </span>
     <span class='ocr_line' id='line_1_25' title="bbox 96 2488 1794 2560; baseline 0.002 -21"><span class='ocrx_word' id='word_1_348' title='bbox 96 2496 142 2540; x_wconf 87' lang='lat' dir='ltr'>tne</span> <span class='ocrx_word' id='word_1_349' title='bbox 166 2488 316 2541; x_wconf 81' lang='lat' dir='ltr'>adolebant</span> <span class='ocrx_word' id='word_1_350' title='bbox 340 2489 480 2541; x_wconf 68' lang='lat' dir='ltr'>incenatum</span> <span class='ocrx_word' id='word_1_351' title='bbox 504 2496 528 2545; x_wconf 82' lang='lat'>2.</span> <span class='ocrx_word' id='word_1_352' title='bbox 554 2489 624 2560; x_wconf 86' lang='lat' dir='ltr'>Reg.</span> <span class='ocrx_word' id='word_1_353' title='bbox 653 2495 697 2557; x_wconf 83' lang='grc'>18,</span> <span class='ocrx_word' id='word_1_354' title='bbox 721 2508 746 2544; x_wconf 87' lang='lat' dir='ltr'>v.</span> <span class='ocrx_word' id='word_1_355' title='bbox 774 2495 797 2544; x_wconf 83' lang='lat' dir='ltr'>i.</span> <span class='ocrx_word' id='word_1_356' title='bbox 821 2489 933 2558; x_wconf 88' lang='lat' dir='ltr'>aperuit</span> <span class='ocrx_word' id='word_1_357' title='bbox 958 2495 1021 2542; x_wconf 90' lang='lat' dir='ltr'>ratu</span> <span class='ocrx_word' id='word_1_358' title='bbox 1040 2488 1125 2560; x_wconf 78' lang='lat' dir='ltr'>digua</span> <span class='ocrx_word' id='word_1_359' title='bbox 1145 2495 1235 2543; x_wconf 88' lang='lat' dir='ltr'>exstat</span> <span class='ocrx_word' id='word_1_360' title='bbox 1255 2488 1410 2545; x_wconf 75' lang='lat' dir='ltr'>Novelli:</span> <span class='ocrx_word' id='word_1_361' title='bbox 1431 2491 1497 2543; x_wconf 88' lang='lat' dir='ltr'>Non</span> <span class='ocrx_word' id='word_1_362' title='bbox 1517 2490 1608 2542; x_wconf 88' lang='lat' dir='ltr'>minor</span> <span class='ocrx_word' id='word_1_363' title='bbox 1627 2491 1706 2542; x_wconf 86' lang='lat' dir='ltr'>nobis</span> <span class='ocrx_word' id='word_1_364' title='bbox 1723 2507 1794 2543; x_wconf 89' lang='lat' dir='ltr'>cura</span> 
     </span>
     <span class='ocr_line' id='line_1_26' title="bbox 96 2573 1795 2645; baseline 0.002 -20"><span class='ocrx_word' id='word_1_365' title='bbox 96 2573 194 2626; x_wconf 87' lang='grc'>661666</span> <span class='ocrx_word' id='word_1_366' title='bbox 220 2574 318 2625; x_wconf 87' lang='lat' dir='ltr'>domus</span> <span class='ocrx_word' id='word_1_367' title='bbox 338 2575 396 2627; x_wconf 88' lang='lat' dir='ltr'>Dei</span> <span class='ocrx_word' id='word_1_368' title='bbox 422 2582 448 2626; x_wconf 91' lang='lat' dir='ltr'>et</span> <span class='ocrx_word' id='word_1_369' title='bbox 467 2574 635 2628; x_wconf 82' lang='lat' dir='ltr'>instaurarit</span> <span class='ocrx_word' id='word_1_370' title='bbox 659 2593 707 2628; x_wconf 90' lang='lat' dir='ltr'>eas</span> <span class='ocrx_word' id='word_1_371' title='bbox 731 2580 754 2630; x_wconf 87' lang='grc'>2.</span> <span class='ocrx_word' id='word_1_372' title='bbox 780 2574 871 2629; x_wconf 86' lang='grc' dir='ltr'>Ρ6161.</span> <span class='ocrx_word' id='word_1_373' title='bbox 890 2581 932 2641; x_wconf 84' lang='grc'>29,</span> <span class='ocrx_word' id='word_1_374' title='bbox 959 2582 999 2627; x_wconf 87' lang='lat' dir='ltr'>est</span> <span class='ocrx_word' id='word_1_375' title='bbox 1018 2576 1125 2638; x_wconf 89' lang='lat' dir='ltr'>horum,</span> <span class='ocrx_word' id='word_1_376' title='bbox 1144 2576 1411 2643; x_wconf 75' lang='lat' dir='ltr'>praesanctissimis</span> <span class='ocrx_word' id='word_1_377' title='bbox 1427 2576 1552 2630; x_wconf 88' lang='lat' dir='ltr'>ecclesiis</span> <span class='ocrx_word' id='word_1_378' title='bbox 1560 2584 1690 2644; x_wconf 86' lang='lat' dir='ltr'>prosunt,</span> <span class='ocrx_word' id='word_1_379' title='bbox 1711 2592 1795 2645; x_wconf 78' lang='lat' dir='ltr'>quam</span> 
     </span>
     <span class='ocr_line' id='line_1_27' title="bbox 96 2659 1795 2731; baseline 0.003 -20"><span class='ocrx_word' id='word_1_380' title='bbox 96 2679 122 2711; x_wconf 84' lang='lat' dir='ltr'>v.</span> <span class='ocrx_word' id='word_1_381' title='bbox 143 2665 166 2714; x_wconf 82' lang='lat'>3.</span> <span class='ocrx_word' id='word_1_382' title='bbox 191 2659 312 2712; x_wconf 87' lang='lat' dir='ltr'>instituit</span> <span class='ocrx_word' id='word_1_383' title='bbox 335 2662 567 2722; x_wconf 82' lang='lat' dir='ltr'>reformationem</span> <span class='ocrx_word' id='word_1_384' title='bbox 592 2661 681 2714; x_wconf 87' lang='lat' dir='ltr'>cultus</span> <span class='ocrx_word' id='word_1_385' title='bbox 706 2670 732 2715; x_wconf 91' lang='lat' dir='ltr'>et</span> <span class='ocrx_word' id='word_1_386' title='bbox 755 2663 931 2731; x_wconf 80' lang='lat' dir='ltr'>repurpatio-</span> <span class='ocrx_word' id='word_1_387' title='bbox 958 2661 1181 2730; x_wconf 86' lang='lat' dir='ltr'>ipsiusanimae.</span> <span class='ocrx_word' id='word_1_388' title='bbox 1207 2661 1461 2731; x_wconf 83' lang='lat' dir='ltr'>CarolusMapnus</span> <span class='ocrx_word' id='word_1_389' title='bbox 1473 2661 1679 2717; x_wconf 86' lang='lat' dir='ltr'>confectobello</span> <span class='ocrx_word' id='word_1_390' title='bbox 1688 2660 1795 2716; x_wconf 89' lang='lat' dir='ltr'>difficili</span> 
     </span>
     <span class='ocr_line' id='line_1_28' title="bbox 98 2746 1794 2820; baseline 0.004 -21"><span class='ocrx_word' id='word_1_391' title='bbox 98 2762 158 2799; x_wconf 87' lang='lat' dir='ltr'>nem</span> <span class='ocrx_word' id='word_1_392' title='bbox 175 2746 287 2815; x_wconf 87' lang='lat' dir='ltr'>templi,</span> <span class='ocrx_word' id='word_1_393' title='bbox 313 2746 377 2798; x_wconf 86' lang='lat' dir='ltr'>iniit</span> <span class='ocrx_word' id='word_1_394' title='bbox 392 2747 498 2811; x_wconf 72' lang='lat' dir='ltr'>foedius</span> <span class='ocrx_word' id='word_1_395' title='bbox 522 2764 582 2799; x_wconf 88' lang='lat' dir='ltr'>cum</span> <span class='ocrx_word' id='word_1_396' title='bbox 602 2749 727 2801; x_wconf 88' lang='lat' dir='ltr'>Domino</span> <span class='ocrx_word' id='word_1_397' title='bbox 746 2755 772 2801; x_wconf 90' lang='lat' dir='ltr'>et</span> <span class='ocrx_word' id='word_1_398' title='bbox 789 2750 933 2802; x_wconf 88' lang='lat' dir='ltr'>constituit</span> <span class='ocrx_word' id='word_1_399' title='bbox 959 2766 992 2803; x_wconf 90' lang='lat' dir='ltr'>ae</span> <span class='ocrx_word' id='word_1_400' title='bbox 1025 2749 1164 2814; x_wconf 90' lang='lat' dir='ltr'>diuturno,</span> <span class='ocrx_word' id='word_1_401' title='bbox 1190 2766 1245 2820; x_wconf 90' lang='lat' dir='ltr'>quo</span> <span class='ocrx_word' id='word_1_402' title='bbox 1268 2747 1394 2803; x_wconf 87' lang='lat' dir='ltr'>Saxones</span> <span class='ocrx_word' id='word_1_403' title='bbox 1421 2747 1456 2801; x_wconf 92' lang='lat' dir='ltr'>ad</span> <span class='ocrx_word' id='word_1_404' title='bbox 1491 2748 1592 2803; x_wconf 85' lang='lat' dir='ltr'>Christi</span> <span class='ocrx_word' id='word_1_405' title='bbox 1624 2749 1794 2819; x_wconf 82' lang='lat' dir='ltr'>agnitionem</span> 
     </span>
     <span class='ocr_line' id='line_1_29' title="bbox 99 2831 1794 2905; baseline 0.004 -21"><span class='ocrx_word' id='word_1_406' title='bbox 99 2831 210 2885; x_wconf 79' lang='grc'>1661166</span> <span class='ocrx_word' id='word_1_407' title='bbox 230 2832 260 2884; x_wconf 87' lang='lat' dir='ltr'>in</span> <span class='ocrx_word' id='word_1_408' title='bbox 278 2835 360 2885; x_wconf 89' lang='lat' dir='ltr'>domo</span> <span class='ocrx_word' id='word_1_409' title='bbox 374 2834 494 2887; x_wconf 87' lang='lat' dir='ltr'>Domini</span> <span class='ocrx_word' id='word_1_410' title='bbox 510 2851 571 2887; x_wconf 89' lang='lat' dir='ltr'>cum</span> <span class='ocrx_word' id='word_1_411' title='bbox 588 2835 724 2902; x_wconf 77' lang='lat' dir='ltr'>cymbalis</span> <span class='ocrx_word' id='word_1_412' title='bbox 746 2843 772 2888; x_wconf 90' lang='lat' dir='ltr'>et</span> <span class='ocrx_word' id='word_1_413' title='bbox 783 2836 932 2904; x_wconf 81' lang='lat' dir='ltr'>psalteriis</span> <span class='ocrx_word' id='word_1_414' title='bbox 959 2834 1121 2903; x_wconf 89' lang='lat' dir='ltr'>cultumque</span> <span class='ocrx_word' id='word_1_415' title='bbox 1149 2834 1287 2902; x_wconf 84' lang='lat' dir='ltr'>traduxit,</span> <span class='ocrx_word' id='word_1_416' title='bbox 1323 2833 1499 2904; x_wconf 85' lang='lat' dir='ltr'>episcopatus</span> <span class='ocrx_word' id='word_1_417' title='bbox 1532 2835 1687 2904; x_wconf 87' lang='lat' dir='ltr'>complures</span> <span class='ocrx_word' id='word_1_418' title='bbox 1718 2835 1794 2905; x_wconf 90' lang='lat' dir='ltr'>apud</span> 
     </span>
     <span class='ocr_line' id='line_1_30' title="bbox 96 2918 1793 3004; baseline 0.002 -32"><span class='ocrx_word' id='word_1_419' title='bbox 96 2937 121 2973; x_wconf 85' lang='lat' dir='ltr'>v.</span> <span class='ocrx_word' id='word_1_420' title='bbox 141 2925 165 2972; x_wconf 92' lang='grc'>5.</span> <span class='ocrx_word' id='word_1_421' title='bbox 194 2923 234 2974; x_wconf 89' lang='lat'>10.</span> <span class='ocrx_word' id='word_1_422' title='bbox 258 2923 286 2974; x_wconf 86' lang='lat' dir='ltr'>et</span> <span class='ocrx_word' id='word_1_423' title='bbox 314 2925 356 3004; x_wconf 63' lang='grc'>15.</span> <span class='ocrx_word' id='word_1_424' title='bbox 383 2919 597 2975; x_wconf 87' lang='lat' dir='ltr'>celebrationem</span> <span class='ocrx_word' id='word_1_425' title='bbox 624 2920 771 2990; x_wconf 87' lang='lat' dir='ltr'>paschatos</span> <span class='ocrx_word' id='word_1_426' title='bbox 797 2920 826 2974; x_wconf 92' lang='lat' dir='ltr'>in</span> <span class='ocrx_word' id='word_1_427' title='bbox 852 2939 932 2976; x_wconf 92' lang='lat' dir='ltr'>usum</span> <span class='ocrx_word' id='word_1_428' title='bbox 958 2919 1034 2990; x_wconf 92' lang='lat' dir='ltr'>ipsos</span> <span class='ocrx_word' id='word_1_429' title='bbox 1059 2919 1187 2973; x_wconf 86' lang='lat' dir='ltr'>instituit.</span> <span class='ocrx_word' id='word_1_430' title='bbox 1220 2918 1445 2991; x_wconf 66' lang='lat' dir='ltr'>”Hispanorum</span> <span class='ocrx_word' id='word_1_431' title='bbox 1457 2919 1588 2976; x_wconf 88' lang='grc'>1116161166</span> <span class='ocrx_word' id='word_1_432' title='bbox 1605 2937 1700 2991; x_wconf 81' lang='lat' dir='ltr'>regem</span> <span class='ocrx_word' id='word_1_433' title='bbox 1720 2937 1793 2976; x_wconf 87' lang='lat' dir='ltr'>com·</span> 
     </span>
     <span class='ocr_line' id='line_1_31' title="bbox 96 3003 1794 3078; baseline 0.003 -21"><span class='ocrx_word' id='word_1_434' title='bbox 96 3003 236 3059; x_wconf 84' lang='lat' dir='ltr'>revocavit</span> <span class='ocrx_word' id='word_1_435' title='bbox 254 3011 282 3058; x_wconf 89' lang='grc'>61</span> <span class='ocrx_word' id='word_1_436' title='bbox 301 3005 435 3075; x_wconf 91' lang='lat' dir='ltr'>populum</span> <span class='ocrx_word' id='word_1_437' title='bbox 453 3005 489 3060; x_wconf 92' lang='lat' dir='ltr'>ad</span> <span class='ocrx_word' id='word_1_438' title='bbox 509 3021 605 3059; x_wconf 83' lang='lat' dir='ltr'>rerum</span> <span class='ocrx_word' id='word_1_439' title='bbox 623 3005 678 3061; x_wconf 88' lang='lat' dir='ltr'>Dei</span> <span class='ocrx_word' id='word_1_440' title='bbox 697 3007 803 3061; x_wconf 90' lang='lat' dir='ltr'>cultum</span> <span class='ocrx_word' id='word_1_441' title='bbox 821 3007 932 3062; x_wconf 84' lang='lat' dir='ltr'>reduxit</span> <span class='ocrx_word' id='word_1_442' title='bbox 959 3013 1110 3061; x_wconf 89' lang='lat' dir='ltr'>memorant</span> <span class='ocrx_word' id='word_1_443' title='bbox 1128 3005 1318 3061; x_wconf 88' lang='lat' dir='ltr'>Reecsredum</span> <span class='ocrx_word' id='word_1_444' title='bbox 1332 3005 1536 3078; x_wconf 84' lang='lat' dir='ltr'>Wisigothum,</span> <span class='ocrx_word' id='word_1_445' title='bbox 1555 3006 1603 3077; x_wconf 92' lang='lat' dir='ltr'>qui</span> <span class='ocrx_word' id='word_1_446' title='bbox 1617 3007 1794 3062; x_wconf 86' lang='lat' dir='ltr'>miseratione</span> 
     </span>
     <span class='ocr_line' id='line_1_32' title="bbox 96 3089 1793 3160; baseline 0.002 -16"><span class='ocrx_word' id='word_1_447' title='bbox 96 3106 155 3160; x_wconf 88' lang='lat' dir='ltr'>esp.</span> <span class='ocrx_word' id='word_1_448' title='bbox 175 3095 216 3144; x_wconf 84' lang='lat'>30.</span> <span class='ocrx_word' id='word_1_449' title='bbox 236 3092 411 3145; x_wconf 87' lang='lat' dir='ltr'>sacerdotum</span> <span class='ocrx_word' id='word_1_450' title='bbox 429 3089 522 3146; x_wconf 83' lang='lat' dir='ltr'>officia</span> <span class='ocrx_word' id='word_1_451' title='bbox 542 3091 683 3148; x_wconf 88' lang='lat' dir='ltr'>distribuit</span> <span class='ocrx_word' id='word_1_452' title='bbox 701 3100 729 3147; x_wconf 92' lang='grc'>61</span> <span class='ocrx_word' id='word_1_453' title='bbox 744 3092 864 3148; x_wconf 89' lang='grc'>16616166</span> <span class='ocrx_word' id='word_1_454' title='bbox 876 3093 931 3148; x_wconf 90' lang='lat' dir='ltr'>illis</span> <span class='ocrx_word' id='word_1_455' title='bbox 958 3091 1054 3146; x_wconf 89' lang='lat' dir='ltr'>divina</span> <span class='ocrx_word' id='word_1_456' title='bbox 1072 3092 1163 3147; x_wconf 88' lang='lat' dir='ltr'>factus</span> <span class='ocrx_word' id='word_1_457' title='bbox 1182 3091 1351 3146; x_wconf 82' lang='lat' dir='ltr'>orthodoxus</span> <span class='ocrx_word' id='word_1_458' title='bbox 1369 3091 1404 3146; x_wconf 92' lang='lat' dir='ltr'>de</span> <span class='ocrx_word' id='word_1_459' title='bbox 1423 3091 1528 3147; x_wconf 82' lang='lat' dir='ltr'>Ariano</span> <span class='ocrx_word' id='word_1_460' title='bbox 1548 3108 1640 3146; x_wconf 88' lang='lat' dir='ltr'>veram</span> <span class='ocrx_word' id='word_1_461' title='bbox 1661 3091 1744 3148; x_wconf 88' lang='lat' dir='ltr'>fidem</span> <span class='ocrx_word' id='word_1_462' title='bbox 1764 3094 1793 3148; x_wconf 89' lang='grc'>16</span> 
     </span>
     <span class='ocr_line' id='line_1_33' title="bbox 96 3176 1792 3250; baseline 0.003 -21"><span class='ocrx_word' id='word_1_463' title='bbox 96 3176 249 3246; x_wconf 79' lang='lat' dir='ltr'>assignavit</span> <span class='ocrx_word' id='word_1_464' title='bbox 274 3193 298 3231; x_wconf 89' lang='lat' dir='ltr'>e.</span> <span class='ocrx_word' id='word_1_465' title='bbox 330 3183 372 3233; x_wconf 81' lang='grc'>31.</span> <span class='ocrx_word' id='word_1_466' title='bbox 410 3178 509 3231; x_wconf 87' lang='lat' dir='ltr'>Josias</span> <span class='ocrx_word' id='word_1_467' title='bbox 541 3177 642 3232; x_wconf 89' lang='lat' dir='ltr'>librum</span> <span class='ocrx_word' id='word_1_468' title='bbox 670 3178 741 3249; x_wconf 81' lang='lat' dir='ltr'>legis</span> <span class='ocrx_word' id='word_1_469' title='bbox 767 3179 803 3233; x_wconf 86' lang='lat' dir='ltr'>ab</span> <span class='ocrx_word' id='word_1_470' title='bbox 832 3179 932 3235; x_wconf 88' lang='lat' dir='ltr'>Heleia</span> <span class='ocrx_word' id='word_1_471' title='bbox 957 3194 1044 3250; x_wconf 81' lang='lat' dir='ltr'>regno</span> <span class='ocrx_word' id='word_1_472' title='bbox 1068 3196 1118 3233; x_wconf 94' lang='lat' dir='ltr'>suo</span> <span class='ocrx_word' id='word_1_473' title='bbox 1145 3178 1220 3233; x_wconf 87' lang='grc'>61166</span> <span class='ocrx_word' id='word_1_474' title='bbox 1247 3194 1350 3232; x_wconf 90' lang='grc'>611611</span> <span class='ocrx_word' id='word_1_475' title='bbox 1374 3177 1476 3234; x_wconf 83' lang='lat' dir='ltr'>Christi</span> <span class='ocrx_word' id='word_1_476' title='bbox 1504 3183 1561 3233; x_wconf 82' lang='grc'>589.</span> <span class='ocrx_word' id='word_1_477' title='bbox 1595 3179 1701 3233; x_wconf 89' lang='lat' dir='ltr'>curavit</span> <span class='ocrx_word' id='word_1_478' title='bbox 1726 3180 1792 3234; x_wconf 89' lang='lat' dir='ltr'>reei-</span> 
     </span>
     <span class='ocr_line' id='line_1_34' title="bbox 96 3263 1793 3336; baseline 0.002 -21"><span class='ocrx_word' id='word_1_479' title='bbox 96 3263 239 3317; x_wconf 86' lang='lat' dir='ltr'>sacerdote</span> <span class='ocrx_word' id='word_1_480' title='bbox 265 3267 406 3333; x_wconf 86' lang='lat' dir='ltr'>repertum</span> <span class='ocrx_word' id='word_1_481' title='bbox 432 3264 585 3334; x_wconf 87' lang='lat' dir='ltr'>publicavit</span> <span class='ocrx_word' id='word_1_482' title='bbox 616 3273 644 3320; x_wconf 89' lang='lat' dir='ltr'>et</span> <span class='ocrx_word' id='word_1_483' title='bbox 671 3266 799 3320; x_wconf 85' lang='lat' dir='ltr'>universo</span> <span class='ocrx_word' id='word_1_484' title='bbox 828 3266 932 3336; x_wconf 90' lang='lat' dir='ltr'>populo</span> <span class='ocrx_word' id='word_1_485' title='bbox 958 3264 1097 3334; x_wconf 90' lang='lat' dir='ltr'>piendam.</span> <span class='ocrx_word' id='word_1_486' title='bbox 1141 3265 1206 3335; x_wconf 90' lang='lat' dir='ltr'>Ipse</span> <span class='ocrx_word' id='word_1_487' title='bbox 1230 3263 1316 3335; x_wconf 79' lang='lat' dir='ltr'>igitur</span> <span class='ocrx_word' id='word_1_488' title='bbox 1334 3264 1470 3334; x_wconf 88' lang='lat' dir='ltr'>synodum</span> <span class='ocrx_word' id='word_1_489' title='bbox 1490 3280 1604 3335; x_wconf 76' lang='lat' dir='ltr'>cogere,</span> <span class='ocrx_word' id='word_1_490' title='bbox 1633 3264 1691 3333; x_wconf 90' lang='lat' dir='ltr'>ipse</span> <span class='ocrx_word' id='word_1_491' title='bbox 1711 3265 1793 3319; x_wconf 87' lang='lat' dir='ltr'>inter-</span> 
     </span>
     <span class='ocr_line' id='line_1_35' title="bbox 97 3348 1792 3421; baseline 0.002 -18"><span class='ocrx_word' id='word_1_492' title='bbox 97 3350 221 3421; x_wconf 78' lang='lat' dir='ltr'>preelegi</span> <span class='ocrx_word' id='word_1_493' title='bbox 242 3349 364 3417; x_wconf 87' lang='lat' dir='ltr'>curavit,</span> <span class='ocrx_word' id='word_1_494' title='bbox 392 3351 534 3421; x_wconf 89' lang='lat' dir='ltr'>praecepit</span> <span class='ocrx_word' id='word_1_495' title='bbox 560 3352 644 3406; x_wconf 90' lang='lat' dir='ltr'>etism</span> <span class='ocrx_word' id='word_1_496' title='bbox 662 3352 868 3421; x_wconf 86' lang='lat' dir='ltr'>sacerdotibus,</span> <span class='ocrx_word' id='word_1_497' title='bbox 900 3362 931 3411; x_wconf 91' lang='lat' dir='ltr'>ut</span> <span class='ocrx_word' id='word_1_498' title='bbox 959 3367 1033 3419; x_wconf 85' lang='lat' dir='ltr'>esse,</span> <span class='ocrx_word' id='word_1_499' title='bbox 1064 3351 1124 3421; x_wconf 87' lang='lat' dir='ltr'>ipss</span> <span class='ocrx_word' id='word_1_500' title='bbox 1142 3350 1227 3405; x_wconf 88' lang='lat' dir='ltr'>tridui</span> <span class='ocrx_word' id='word_1_501' title='bbox 1243 3351 1382 3421; x_wconf 90' lang='lat' dir='ltr'>jejunium</span> <span class='ocrx_word' id='word_1_502' title='bbox 1403 3349 1541 3420; x_wconf 89' lang='lat' dir='ltr'>episcopis</span> <span class='ocrx_word' id='word_1_503' title='bbox 1567 3348 1704 3414; x_wconf 86' lang='lat' dir='ltr'>indicere,</span> <span class='ocrx_word' id='word_1_504' title='bbox 1733 3351 1792 3420; x_wconf 88' lang='lat' dir='ltr'>ipse</span> 
     </span>
     <span class='ocr_line' id='line_1_36' title="bbox 98 3434 1791 3509; baseline 0.005 -24"><span class='ocrx_word' id='word_1_505' title='bbox 98 3451 165 3489; x_wconf 86' lang='lat' dir='ltr'>vasa</span> <span class='ocrx_word' id='word_1_506' title='bbox 183 3435 358 3491; x_wconf 79' lang='lat' dir='ltr'>idololatriae</span> <span class='ocrx_word' id='word_1_507' title='bbox 374 3438 478 3506; x_wconf 86' lang='lat' dir='ltr'>templo</span> <span class='ocrx_word' id='word_1_508' title='bbox 497 3437 643 3506; x_wconf 86' lang='lat' dir='ltr'>ejicerent,</span> <span class='ocrx_word' id='word_1_509' title='bbox 672 3438 773 3492; x_wconf 84' lang='lat' dir='ltr'>delerit</span> <span class='ocrx_word' id='word_1_510' title='bbox 793 3440 932 3509; x_wconf 85' lang='lat' dir='ltr'>camarim,</span> <span class='ocrx_word' id='word_1_511' title='bbox 959 3436 1159 3491; x_wconf 83' lang='lat' dir='ltr'>confessionem</span> <span class='ocrx_word' id='word_1_512' title='bbox 1178 3435 1296 3490; x_wconf 87' lang='lat' dir='ltr'>seribere</span> <span class='ocrx_word' id='word_1_513' title='bbox 1313 3441 1342 3491; x_wconf 91' lang='grc'>61</span> <span class='ocrx_word' id='word_1_514' title='bbox 1353 3434 1518 3488; x_wconf 87' lang='lat' dir='ltr'>firmandam</span> <span class='ocrx_word' id='word_1_515' title='bbox 1533 3435 1639 3504; x_wconf 87' lang='lat' dir='ltr'>synodo</span> <span class='ocrx_word' id='word_1_516' title='bbox 1652 3436 1791 3493; x_wconf 85' lang='grc'>6111111616.</span> 
     </span>
     <span class='ocr_line' id='line_1_37' title="bbox 97 3519 1791 3593; baseline 0 -19"><span class='ocrx_word' id='word_1_517' title='bbox 97 3538 165 3590; x_wconf 90' lang='grc'>6666</span> <span class='ocrx_word' id='word_1_518' title='bbox 184 3526 335 3592; x_wconf 88' lang='lat' dir='ltr'>posuerant</span> <span class='ocrx_word' id='word_1_519' title='bbox 351 3537 431 3593; x_wconf 81' lang='lat' dir='ltr'>reges</span> <span class='ocrx_word' id='word_1_520' title='bbox 448 3522 525 3576; x_wconf 83' lang='lat' dir='ltr'>luda</span> <span class='ocrx_word' id='word_1_521' title='bbox 549 3522 584 3575; x_wconf 86' lang='lat' dir='ltr'>ad</span> <span class='ocrx_word' id='word_1_522' title='bbox 603 3522 770 3577; x_wconf 90' lang='grc'>6161661611</span> <span class='ocrx_word' id='word_1_523' title='bbox 792 3525 821 3578; x_wconf 91' lang='grc'>16</span> <span class='ocrx_word' id='word_1_524' title='bbox 844 3528 932 3581; x_wconf 83' lang='lat' dir='ltr'>excel·</span> <span class='ocrx_word' id='word_1_525' title='bbox 957 3522 1100 3593; x_wconf 82' lang='lat' dir='ltr'>Edgarum</span> <span class='ocrx_word' id='word_1_526' title='bbox 1112 3521 1232 3592; x_wconf 79' lang='lat' dir='ltr'>Angliae</span> <span class='ocrx_word' id='word_1_527' title='bbox 1249 3536 1352 3591; x_wconf 87' lang='lat' dir='ltr'>regem,</span> <span class='ocrx_word' id='word_1_528' title='bbox 1374 3519 1514 3590; x_wconf 88' lang='grc'>66161166</span> <span class='ocrx_word' id='word_1_529' title='bbox 1533 3519 1791 3578; x_wconf 76' lang='grc'>66601111611959.</span> 
     </span>
     <span class='ocr_line' id='line_1_38' title="bbox 96 3605 1791 3678; baseline 0.004 -21"><span class='ocrx_word' id='word_1_530' title='bbox 96 3607 236 3676; x_wconf 87' lang='grc'>61661666</span> <span class='ocrx_word' id='word_1_531' title='bbox 256 3606 440 3660; x_wconf 83' lang='lat' dir='ltr'>instrumenta</span> <span class='ocrx_word' id='word_1_532' title='bbox 458 3606 629 3663; x_wconf 88' lang='lat' dir='ltr'>idololatriae</span> <span class='ocrx_word' id='word_1_533' title='bbox 655 3625 671 3662; x_wconf 98' lang='grc'>6</span> <span class='ocrx_word' id='word_1_534' title='bbox 699 3610 791 3664; x_wconf 90' lang='lat' dir='ltr'>medio</span> <span class='ocrx_word' id='word_1_535' title='bbox 816 3612 933 3666; x_wconf 88' lang='lat' dir='ltr'>removit</span> <span class='ocrx_word' id='word_1_536' title='bbox 957 3608 1081 3663; x_wconf 88' lang='lat' dir='ltr'>habenas</span> <span class='ocrx_word' id='word_1_537' title='bbox 1100 3606 1179 3678; x_wconf 86' lang='lat' dir='ltr'>regni</span> <span class='ocrx_word' id='word_1_538' title='bbox 1199 3605 1328 3675; x_wconf 83' lang='lat' dir='ltr'>suscepit,</span> <span class='ocrx_word' id='word_1_539' title='bbox 1346 3605 1489 3661; x_wconf 87' lang='lat' dir='ltr'>celebrant</span> <span class='ocrx_word' id='word_1_540' title='bbox 1506 3606 1638 3661; x_wconf 89' lang='lat' dir='ltr'>historiae</span> <span class='ocrx_word' id='word_1_541' title='bbox 1658 3607 1791 3678; x_wconf 84' lang='lat' dir='ltr'>Anglica·</span> 
     </span>
     <span class='ocr_line' id='line_1_39' title="bbox 98 3691 1793 3768; baseline 0.002 -22"><span class='ocrx_word' id='word_1_542' title='bbox 98 3698 121 3746; x_wconf 81' lang='lat'>2.</span> <span class='ocrx_word' id='word_1_543' title='bbox 141 3692 210 3764; x_wconf 83' lang='lat' dir='ltr'>Reg.</span> <span class='ocrx_word' id='word_1_544' title='bbox 229 3697 270 3746; x_wconf 85' lang='grc'>23.</span> <span class='ocrx_word' id='word_1_545' title='bbox 291 3700 314 3749; x_wconf 93' lang='grc'>2.</span> <span class='ocrx_word' id='word_1_546' title='bbox 334 3691 426 3749; x_wconf 82' lang='grc' dir='ltr'>Ρ6161</span> <span class='ocrx_word' id='word_1_547' title='bbox 447 3697 488 3747; x_wconf 82' lang='grc'>34.</span> <span class='ocrx_word' id='word_1_548' title='bbox 510 3693 708 3748; x_wconf 82' lang='grc'>1661111611166</span> <span class='ocrx_word' id='word_1_549' title='bbox 727 3695 822 3765; x_wconf 89' lang='lat' dir='ltr'>phase,</span> <span class='ocrx_word' id='word_1_550' title='bbox 841 3713 930 3750; x_wconf 87' lang='lat' dir='ltr'>sacer·</span> <span class='ocrx_word' id='word_1_551' title='bbox 957 3711 1009 3748; x_wconf 87' lang='lat' dir='ltr'>nae</span> <span class='ocrx_word' id='word_1_552' title='bbox 1041 3711 1096 3749; x_wconf 89' lang='lat' dir='ltr'>nou</span> <span class='ocrx_word' id='word_1_553' title='bbox 1125 3692 1213 3747; x_wconf 92' lang='lat' dir='ltr'>solum</span> <span class='ocrx_word' id='word_1_554' title='bbox 1233 3696 1264 3744; x_wconf 89' lang='lat' dir='ltr'>ut</span> <span class='ocrx_word' id='word_1_555' title='bbox 1281 3691 1435 3762; x_wconf 88' lang='lat' dir='ltr'>prinoipem</span> <span class='ocrx_word' id='word_1_556' title='bbox 1453 3693 1544 3768; x_wconf 87' lang='lat' dir='ltr'>pium,</span> <span class='ocrx_word' id='word_1_557' title='bbox 1572 3693 1621 3747; x_wconf 89' lang='lat' dir='ltr'>sed</span> <span class='ocrx_word' id='word_1_558' title='bbox 1647 3693 1730 3748; x_wconf 88' lang='lat' dir='ltr'>etiam</span> <span class='ocrx_word' id='word_1_559' title='bbox 1757 3695 1793 3750; x_wconf 93' lang='lat' dir='ltr'>de</span> 
     </span>
     <span class='ocr_line' id='line_1_40' title="bbox 96 3776 1792 3852; baseline 0.003 -21"><span class='ocrx_word' id='word_1_560' title='bbox 96 3779 174 3834; x_wconf 92' lang='lat' dir='ltr'>dotes</span> <span class='ocrx_word' id='word_1_561' title='bbox 192 3780 223 3833; x_wconf 92' lang='grc'>11</span> <span class='ocrx_word' id='word_1_562' title='bbox 241 3777 340 3835; x_wconf 85' lang='lat' dir='ltr'>officiis</span> <span class='ocrx_word' id='word_1_563' title='bbox 359 3778 417 3832; x_wconf 90' lang='lat' dir='ltr'>suis</span> <span class='ocrx_word' id='word_1_564' title='bbox 438 3779 703 3851; x_wconf 87' lang='grc'>6616111611666666</span> <span class='ocrx_word' id='word_1_565' title='bbox 729 3781 853 3836; x_wconf 87' lang='lat' dir='ltr'>hortatus</span> <span class='ocrx_word' id='word_1_566' title='bbox 879 3789 930 3852; x_wconf 90' lang='lat' dir='ltr'>est,</span> <span class='ocrx_word' id='word_1_567' title='bbox 957 3779 1146 3835; x_wconf 84' lang='lat' dir='ltr'>conservanda</span> <span class='ocrx_word' id='word_1_568' title='bbox 1172 3778 1278 3848; x_wconf 87' lang='lat' dir='ltr'>pietate</span> <span class='ocrx_word' id='word_1_569' title='bbox 1304 3776 1449 3834; x_wconf 89' lang='lat' dir='ltr'>solicitum.</span> <span class='ocrx_word' id='word_1_570' title='bbox 1488 3778 1517 3831; x_wconf 93' lang='grc'>16</span> <span class='ocrx_word' id='word_1_571' title='bbox 1540 3794 1588 3832; x_wconf 85' lang='grc'>161</span> <span class='ocrx_word' id='word_1_572' title='bbox 1616 3777 1644 3832; x_wconf 90' lang='grc'>16</span> <span class='ocrx_word' id='word_1_573' title='bbox 1669 3781 1792 3836; x_wconf 88' lang='lat' dir='ltr'>oratioue</span> 
     </span>
     <span class='ocr_line' id='line_1_41' title="bbox 96 3863 1791 3937; baseline 0.002 -19"><span class='ocrx_word' id='word_1_574' title='bbox 96 3875 127 3919; x_wconf 90' lang='lat' dir='ltr'>ut</span> <span class='ocrx_word' id='word_1_575' title='bbox 157 3865 343 3920; x_wconf 86' lang='lat' dir='ltr'>ministrarent</span> <span class='ocrx_word' id='word_1_576' title='bbox 366 3864 394 3917; x_wconf 92' lang='lat' dir='ltr'>in</span> <span class='ocrx_word' id='word_1_577' title='bbox 419 3863 502 3918; x_wconf 90' lang='lat' dir='ltr'>domo</span> <span class='ocrx_word' id='word_1_578' title='bbox 520 3864 573 3921; x_wconf 88' lang='lat' dir='ltr'>Dei</span> <span class='ocrx_word' id='word_1_579' title='bbox 603 3873 625 3920; x_wconf 91' lang='grc'>2.</span> <span class='ocrx_word' id='word_1_580' title='bbox 644 3866 734 3920; x_wconf 88' lang='grc' dir='ltr'>Ρ6161.</span> <span class='ocrx_word' id='word_1_581' title='bbox 758 3873 798 3923; x_wconf 88' lang='grc'>35.</span> <span class='ocrx_word' id='word_1_582' title='bbox 835 3870 930 3922; x_wconf 84' lang='grc' dir='ltr'>Ν616-</span> <span class='ocrx_word' id='word_1_583' title='bbox 957 3866 1077 3937; x_wconf 87' lang='lat' dir='ltr'>quadam</span> <span class='ocrx_word' id='word_1_584' title='bbox 1110 3863 1146 3918; x_wconf 87' lang='lat' dir='ltr'>ad</span> <span class='ocrx_word' id='word_1_585' title='bbox 1178 3863 1356 3918; x_wconf 89' lang='lat' dir='ltr'>ecclesiarum</span> <span class='ocrx_word' id='word_1_586' title='bbox 1384 3869 1411 3919; x_wconf 90' lang='lat' dir='ltr'>et</span> <span class='ocrx_word' id='word_1_587' title='bbox 1440 3864 1668 3921; x_wconf 89' lang='lat' dir='ltr'>monasteriorum</span> <span class='ocrx_word' id='word_1_588' title='bbox 1697 3874 1791 3937; x_wconf 88' lang='lat' dir='ltr'>patres</span> 
     </span>
     <span class='ocr_line' id='line_1_42' title="bbox 95 3947 1791 4021; baseline 0.001 -17"><span class='ocrx_word' id='word_1_589' title='bbox 95 3952 271 4005; x_wconf 84' lang='lat' dir='ltr'>chodonosor</span> <span class='ocrx_word' id='word_1_590' title='bbox 301 3966 349 4005; x_wconf 84' lang='lat' dir='ltr'>rex</span> <span class='ocrx_word' id='word_1_591' title='bbox 381 3949 535 4021; x_wconf 86' lang='lat' dir='ltr'>Babylonis</span> <span class='ocrx_word' id='word_1_592' title='bbox 564 3951 676 4021; x_wconf 91' lang='lat' dir='ltr'>publico</span> <span class='ocrx_word' id='word_1_593' title='bbox 708 3954 800 4010; x_wconf 88' lang='lat' dir='ltr'>edicto</span> <span class='ocrx_word' id='word_1_594' title='bbox 836 3972 931 4010; x_wconf 86' lang='lat' dir='ltr'>rerum</span> <span class='ocrx_word' id='word_1_595' title='bbox 956 3949 1026 4006; x_wconf 89' lang='grc'>11666</span> <span class='ocrx_word' id='word_1_596' title='bbox 1044 3949 1130 4005; x_wconf 86' lang='lat' dir='ltr'>rerba</span> <span class='ocrx_word' id='word_1_597' title='bbox 1151 3949 1222 4004; x_wconf 82' lang='grc'>16161</span> <span class='ocrx_word' id='word_1_598' title='bbox 1248 3953 1342 4004; x_wconf 89' lang='grc'>661616</span> <span class='ocrx_word' id='word_1_599' title='bbox 1365 3947 1478 4004; x_wconf 88' lang='lat' dir='ltr'>habuit:</span> <span class='ocrx_word' id='word_1_600' title='bbox 1507 3949 1566 4002; x_wconf 85' lang='lat' dir='ltr'>Sed</span> <span class='ocrx_word' id='word_1_601' title='bbox 1586 3959 1612 4003; x_wconf 90' lang='grc'>61</span> <span class='ocrx_word' id='word_1_602' title='bbox 1629 3968 1705 4004; x_wconf 87' lang='lat' dir='ltr'>meae</span> <span class='ocrx_word' id='word_1_603' title='bbox 1725 3953 1791 4005; x_wconf 85' lang='lat' dir='ltr'>soli·</span> 
     </span>
     <span class='ocr_line' id='line_1_43' title="bbox 96 4036 1790 4108; baseline 0.001 -17"><span class='ocrx_word' id='word_1_604' title='bbox 96 4039 185 4091; x_wconf 88' lang='lat' dir='ltr'>Deum</span> <span class='ocrx_word' id='word_1_605' title='bbox 204 4037 315 4092; x_wconf 76' lang='lat' dir='ltr'>lsraiilis</span> <span class='ocrx_word' id='word_1_606' title='bbox 335 4036 389 4090; x_wconf 88' lang='lat' dir='ltr'>coli</span> <span class='ocrx_word' id='word_1_607' title='bbox 416 4036 552 4108; x_wconf 89' lang='lat' dir='ltr'>praecipit</span> <span class='ocrx_word' id='word_1_608' title='bbox 576 4044 604 4091; x_wconf 91' lang='grc'>61</span> <span class='ocrx_word' id='word_1_609' title='bbox 621 4038 807 4108; x_wconf 84' lang='lat' dir='ltr'>blasphemias</span> <span class='ocrx_word' id='word_1_610' title='bbox 835 4048 932 4096; x_wconf 88' lang='lat' dir='ltr'>eontra</span> <span class='ocrx_word' id='word_1_611' title='bbox 957 4037 1092 4090; x_wconf 83' lang='lat' dir='ltr'>citudinis</span> <span class='ocrx_word' id='word_1_612' title='bbox 1110 4044 1158 4104; x_wconf 91' lang='lat' dir='ltr'>est,</span> <span class='ocrx_word' id='word_1_613' title='bbox 1180 4037 1362 4089; x_wconf 85' lang='lat' dir='ltr'>ecclesiarum</span> <span class='ocrx_word' id='word_1_614' title='bbox 1381 4036 1526 4100; x_wconf 75' lang='lat' dir='ltr'>ministris,</span> <span class='ocrx_word' id='word_1_615' title='bbox 1545 4038 1677 4105; x_wconf 81' lang='lat' dir='ltr'>prepibus</span> <span class='ocrx_word' id='word_1_616' title='bbox 1696 4057 1790 4092; x_wconf 80' lang='grc'>61666-</span> 
     </span>
     <span class='ocr_line' id='line_1_44' title="bbox 95 4121 1792 4194; baseline 0.001 -17"><span class='ocrx_word' id='word_1_617' title='bbox 95 4124 187 4179; x_wconf 93' lang='lat' dir='ltr'>Deum</span> <span class='ocrx_word' id='word_1_618' title='bbox 204 4123 257 4178; x_wconf 90' lang='lat' dir='ltr'>sub</span> <span class='ocrx_word' id='word_1_619' title='bbox 280 4139 371 4192; x_wconf 87' lang='lat' dir='ltr'>poena</span> <span class='ocrx_word' id='word_1_620' title='bbox 388 4122 484 4177; x_wconf 89' lang='lat' dir='ltr'>mortis</span> <span class='ocrx_word' id='word_1_621' title='bbox 507 4122 637 4194; x_wconf 87' lang='lat' dir='ltr'>prohibet</span> <span class='ocrx_word' id='word_1_622' title='bbox 656 4124 764 4179; x_wconf 89' lang='lat' dir='ltr'>Daniel.</span> <span class='ocrx_word' id='word_1_623' title='bbox 786 4132 815 4194; x_wconf 82' lang='grc'>3,</span> <span class='ocrx_word' id='word_1_624' title='bbox 842 4144 866 4179; x_wconf 87' lang='lat' dir='ltr'>v.</span> <span class='ocrx_word' id='word_1_625' title='bbox 888 4134 930 4185; x_wconf 82' lang='lat'>29.</span> <span class='ocrx_word' id='word_1_626' title='bbox 957 4124 1080 4192; x_wconf 84' lang='lat' dir='ltr'>chorum,</span> <span class='ocrx_word' id='word_1_627' title='bbox 1098 4124 1192 4177; x_wconf 85' lang='lat' dir='ltr'>eboris</span> <span class='ocrx_word' id='word_1_628' title='bbox 1209 4121 1350 4193; x_wconf 78' lang='lat' dir='ltr'>vispinum</span> <span class='ocrx_word' id='word_1_629' title='bbox 1369 4131 1393 4175; x_wconf 91' lang='grc'>61</span> <span class='ocrx_word' id='word_1_630' title='bbox 1413 4124 1572 4177; x_wconf 76' lang='grc'>6666666116</span> <span class='ocrx_word' id='word_1_631' title='bbox 1588 4141 1748 4192; x_wconf 78' lang='lat' dir='ltr'>praemone</span> <span class='ocrx_word' id='word_1_632' title='bbox 1767 4133 1792 4177; x_wconf 87' lang='lat' dir='ltr'>et</span> 
     </span>
     <span class='ocr_line' id='line_1_45' title="bbox 96 4207 1792 4283; baseline 0.001 -22"><span class='ocrx_word' id='word_1_633' title='bbox 96 4207 136 4262; x_wconf 83' lang='lat' dir='ltr'>Ex</span> <span class='ocrx_word' id='word_1_634' title='bbox 156 4208 258 4278; x_wconf 90' lang='lat' dir='ltr'>quibus</span> <span class='ocrx_word' id='word_1_635' title='bbox 276 4208 404 4262; x_wconf 90' lang='lat' dir='ltr'>omnibus</span> <span class='ocrx_word' id='word_1_636' title='bbox 423 4208 462 4262; x_wconf 89' lang='lat' dir='ltr'>sic</span> <span class='ocrx_word' id='word_1_637' title='bbox 475 4209 682 4264; x_wconf 90' lang='lat' dir='ltr'>concludimus:</span> <span class='ocrx_word' id='word_1_638' title='bbox 703 4209 783 4274; x_wconf 84' lang='lat' dir='ltr'>Quod</span> <span class='ocrx_word' id='word_1_639' title='bbox 803 4213 933 4283; x_wconf 79' lang='lat' dir='ltr'>congruit</span> <span class='ocrx_word' id='word_1_640' title='bbox 956 4211 1025 4280; x_wconf 88' lang='lat' dir='ltr'>paci</span> <span class='ocrx_word' id='word_1_641' title='bbox 1044 4228 1139 4265; x_wconf 77' lang='lat' dir='ltr'>eonem</span> <span class='ocrx_word' id='word_1_642' title='bbox 1159 4218 1185 4263; x_wconf 89' lang='lat' dir='ltr'>et</span> <span class='ocrx_word' id='word_1_643' title='bbox 1199 4210 1288 4278; x_wconf 77' lang='lat' dir='ltr'>quisti</span> <span class='ocrx_word' id='word_1_644' title='bbox 1306 4209 1458 4272; x_wconf 88' lang='lat' dir='ltr'>consulere,</span> <span class='ocrx_word' id='word_1_645' title='bbox 1478 4212 1514 4263; x_wconf 89' lang='lat' dir='ltr'>de</span> <span class='ocrx_word' id='word_1_646' title='bbox 1533 4227 1651 4278; x_wconf 77' lang='lat' dir='ltr'>quornm</span> <span class='ocrx_word' id='word_1_647' title='bbox 1670 4213 1792 4264; x_wconf 87' lang='lat' dir='ltr'>omnium</span> 
     </span>
     <span class='ocr_line' id='line_1_46' title="bbox 96 4293 1790 4367; baseline 0 -19"><span class='ocrx_word' id='word_1_648' title='bbox 96 4293 220 4365; x_wconf 89' lang='lat' dir='ltr'>probatis</span> <span class='ocrx_word' id='word_1_649' title='bbox 245 4294 377 4364; x_wconf 85' lang='lat' dir='ltr'>exemplis</span> <span class='ocrx_word' id='word_1_650' title='bbox 404 4299 432 4347; x_wconf 91' lang='grc'>61</span> <span class='ocrx_word' id='word_1_651' title='bbox 457 4294 539 4348; x_wconf 89' lang='grc'>166116</span> <span class='ocrx_word' id='word_1_652' title='bbox 570 4296 680 4365; x_wconf 90' lang='lat' dir='ltr'>piorum</span> <span class='ocrx_word' id='word_1_653' title='bbox 712 4313 808 4367; x_wconf 81' lang='lat' dir='ltr'>regum</span> <span class='ocrx_word' id='word_1_654' title='bbox 836 4299 871 4355; x_wconf 90' lang='lat' dir='ltr'>V.</span> <span class='ocrx_word' id='word_1_655' title='bbox 897 4299 931 4352; x_wconf 89' lang='grc' dir='ltr'>Τ.</span> <span class='ocrx_word' id='word_1_656' title='bbox 959 4297 1082 4349; x_wconf 88' lang='lat' dir='ltr'>moribus</span> <span class='ocrx_word' id='word_1_657' title='bbox 1098 4303 1206 4365; x_wconf 86' lang='lat' dir='ltr'>spectat</span> <span class='ocrx_word' id='word_1_658' title='bbox 1225 4297 1266 4347; x_wconf 88' lang='lat' dir='ltr'>ad</span> <span class='ocrx_word' id='word_1_659' title='bbox 1282 4313 1332 4349; x_wconf 90' lang='lat' dir='ltr'>nos</span> <span class='ocrx_word' id='word_1_660' title='bbox 1350 4311 1479 4363; x_wconf 77' lang='lat' dir='ltr'>examen,</span> <span class='ocrx_word' id='word_1_661' title='bbox 1503 4301 1535 4349; x_wconf 91' lang='lat' dir='ltr'>ut</span> <span class='ocrx_word' id='word_1_662' title='bbox 1552 4295 1676 4350; x_wconf 89' lang='lat' dir='ltr'>referunt</span> <span class='ocrx_word' id='word_1_663' title='bbox 1691 4296 1790 4351; x_wconf 79' lang='lat' dir='ltr'>Albes-</span> 
     </span>
     <span class='ocr_line' id='line_1_47' title="bbox 96 4377 1791 4455; baseline 0.001 -21"><span class='ocrx_word' id='word_1_664' title='bbox 96 4381 164 4434; x_wconf 91' lang='lat' dir='ltr'>illud</span> <span class='ocrx_word' id='word_1_665' title='bbox 183 4380 213 4434; x_wconf 93' lang='lat' dir='ltr'>in</span> <span class='ocrx_word' id='word_1_666' title='bbox 231 4377 395 4451; x_wconf 74' lang='lat' dir='ltr'>magistratu</span> <span class='ocrx_word' id='word_1_667' title='bbox 407 4379 564 4436; x_wconf 89' lang='lat' dir='ltr'>Christiano</span> <span class='ocrx_word' id='word_1_668' title='bbox 577 4397 752 4452; x_wconf 88' lang='grc'>6666666611</span> <span class='ocrx_word' id='word_1_669' title='bbox 771 4392 813 4438; x_wconf 88' lang='grc'>661</span> <span class='ocrx_word' id='word_1_670' title='bbox 830 4384 930 4455; x_wconf 92' lang='lat' dir='ltr'>impro·</span> <span class='ocrx_word' id='word_1_671' title='bbox 957 4389 1002 4437; x_wconf 90' lang='lat' dir='ltr'>tus</span> <span class='ocrx_word' id='word_1_672' title='bbox 1019 4380 1200 4436; x_wconf 83' lang='lat' dir='ltr'>Ricwslensis</span> <span class='ocrx_word' id='word_1_673' title='bbox 1220 4381 1248 4434; x_wconf 92' lang='lat' dir='ltr'>in</span> <span class='ocrx_word' id='word_1_674' title='bbox 1267 4381 1346 4451; x_wconf 89' lang='lat' dir='ltr'>epist.</span> <span class='ocrx_word' id='word_1_675' title='bbox 1363 4380 1399 4434; x_wconf 90' lang='lat' dir='ltr'>ad</span> <span class='ocrx_word' id='word_1_676' title='bbox 1418 4379 1552 4434; x_wconf 88' lang='lat' dir='ltr'>illustrem</span> <span class='ocrx_word' id='word_1_677' title='bbox 1571 4380 1791 4436; x_wconf 89' lang='lat' dir='ltr'>Normannorum</span> 
     </span>
     <span class='ocr_line' id='line_1_48' title="bbox 10 4464 1793 4538; baseline 0.002 -19"><span class='ocrx_word' id='word_1_678' title='bbox 10 4474 32 4514; x_wconf 75' lang='lat' dir='ltr'>v·</span> <span class='ocrx_word' id='word_1_679' title='bbox 47 4471 80 4513; x_wconf 78' lang='lat'>⁸0·</span> <span class='ocrx_word' id='word_1_680' title='bbox 96 4465 227 4520; x_wconf 88' lang='lat' dir='ltr'>bandum.</span> <span class='ocrx_word' id='word_1_681' title='bbox 277 4466 332 4520; x_wconf 86' lang='lat' dir='ltr'>Sed</span> <span class='ocrx_word' id='word_1_682' title='bbox 364 4483 458 4520; x_wconf 90' lang='lat' dir='ltr'>euram</span> <span class='ocrx_word' id='word_1_683' title='bbox 492 4465 635 4538; x_wconf 79' lang='lat' dir='ltr'>religionis</span> <span class='ocrx_word' id='word_1_684' title='bbox 667 4475 695 4522; x_wconf 90' lang='lat' dir='ltr'>et</span> <span class='ocrx_word' id='word_1_685' title='bbox 724 4468 810 4523; x_wconf 88' lang='lat' dir='ltr'>divini</span> <span class='ocrx_word' id='word_1_686' title='bbox 840 4470 930 4525; x_wconf 89' lang='grc'>611166</span> <span class='ocrx_word' id='word_1_687' title='bbox 957 4468 1071 4535; x_wconf 91' lang='lat' dir='ltr'>ducem,</span> <span class='ocrx_word' id='word_1_688' title='bbox 1089 4466 1265 4537; x_wconf 90' lang='lat' dir='ltr'>postmodum</span> <span class='ocrx_word' id='word_1_689' title='bbox 1288 4482 1382 4537; x_wconf 83' lang='lat' dir='ltr'>regem</span> <span class='ocrx_word' id='word_1_690' title='bbox 1410 4473 1437 4520; x_wconf 92' lang='grc'>61</span> <span class='ocrx_word' id='word_1_691' title='bbox 1457 4465 1613 4521; x_wconf 83' lang='lat' dir='ltr'>Guilelmus</span> <span class='ocrx_word' id='word_1_692' title='bbox 1637 4464 1793 4537; x_wconf 83' lang='lat' dir='ltr'>Rishanger</span> 
     </span>
     <span class='ocr_line' id='line_1_49' title="bbox 96 4550 1792 4626; baseline 0.002 -21"><span class='ocrx_word' id='word_1_693' title='bbox 96 4552 233 4623; x_wconf 87' lang='lat' dir='ltr'>suscipere</span> <span class='ocrx_word' id='word_1_694' title='bbox 252 4552 383 4607; x_wconf 84' lang='lat' dir='ltr'>convenit</span> <span class='ocrx_word' id='word_1_695' title='bbox 402 4552 536 4623; x_wconf 80' lang='lat' dir='ltr'>exemplis</span> <span class='ocrx_word' id='word_1_696' title='bbox 555 4559 581 4607; x_wconf 90' lang='lat' dir='ltr'>et</span> <span class='ocrx_word' id='word_1_697' title='bbox 599 4552 680 4607; x_wconf 87' lang='lat' dir='ltr'>iactis</span> <span class='ocrx_word' id='word_1_698' title='bbox 700 4554 808 4624; x_wconf 89' lang='lat' dir='ltr'>piorum</span> <span class='ocrx_word' id='word_1_699' title='bbox 827 4572 924 4626; x_wconf 84' lang='lat' dir='ltr'>regum</span> <span class='ocrx_word' id='word_1_700' title='bbox 956 4554 985 4607; x_wconf 91' lang='lat' dir='ltr'>in</span> <span class='ocrx_word' id='word_1_701' title='bbox 1020 4552 1149 4606; x_wconf 88' lang='lat' dir='ltr'>chronico</span> <span class='ocrx_word' id='word_1_702' title='bbox 1179 4550 1300 4618; x_wconf 83' lang='lat' dir='ltr'>(lesuita</span> <span class='ocrx_word' id='word_1_703' title='bbox 1327 4552 1476 4606; x_wconf 78' lang='lat' dir='ltr'>Passenius</span> <span class='ocrx_word' id='word_1_704' title='bbox 1502 4567 1604 4623; x_wconf 82' lang='lat' dir='ltr'>magna</span> <span class='ocrx_word' id='word_1_705' title='bbox 1637 4552 1792 4609; x_wconf 83' lang='lat' dir='ltr'>temeritate</span> 
     </span>
     <span class='ocr_line' id='line_1_50' title="bbox 95 4637 1791 4712; baseline 0.001 -19"><span class='ocrx_word' id='word_1_706' title='bbox 95 4637 129 4693; x_wconf 89' lang='lat' dir='ltr'>V.</span> <span class='ocrx_word' id='word_1_707' title='bbox 150 4638 181 4693; x_wconf 89' lang='lat' dir='ltr'>T.</span> <span class='ocrx_word' id='word_1_708' title='bbox 219 4638 304 4708; x_wconf 81' lang='lat' dir='ltr'>Ergo.</span> <span class='ocrx_word' id='word_1_709' title='bbox 342 4638 423 4693; x_wconf 90' lang='lat' dir='ltr'>Circa</span> <span class='ocrx_word' id='word_1_710' title='bbox 441 4639 637 4694; x_wconf 88' lang='lat' dir='ltr'>assumtionem</span> <span class='ocrx_word' id='word_1_711' title='bbox 657 4639 833 4710; x_wconf 89' lang='lat' dir='ltr'>observetur,</span> <span class='ocrx_word' id='word_1_712' title='bbox 853 4643 928 4712; x_wconf 90' lang='lat' dir='ltr'>quod</span> <span class='ocrx_word' id='word_1_713' title='bbox 956 4657 1007 4692; x_wconf 88' lang='lat' dir='ltr'>nos</span> <span class='ocrx_word' id='word_1_714' title='bbox 1025 4637 1144 4692; x_wconf 84' lang='lat' dir='ltr'>mutarit</span> <span class='ocrx_word' id='word_1_715' title='bbox 1163 4637 1191 4691; x_wconf 94' lang='lat' dir='ltr'>in</span> <span class='ocrx_word' id='word_1_716' title='bbox 1210 4656 1267 4705; x_wconf 86' lang='lat' dir='ltr'>eos,</span> <span class='ocrx_word' id='word_1_717' title='bbox 1284 4638 1333 4692; x_wconf 90' lang='lat' dir='ltr'>sad</span> <span class='ocrx_word' id='word_1_718' title='bbox 1352 4654 1446 4692; x_wconf 90' lang='lat' dir='ltr'>omnes</span> <span class='ocrx_word' id='word_1_719' title='bbox 1465 4637 1596 4708; x_wconf 86' lang='lat' dir='ltr'>antiquae</span> <span class='ocrx_word' id='word_1_720' title='bbox 1614 4638 1791 4694; x_wconf 83' lang='lat' dir='ltr'>membranae</span> 
     </span>
     <span class='ocr_line' id='line_1_51' title="bbox 95 4722 1791 4796; baseline 0.001 -18"><span class='ocrx_word' id='word_1_721' title='bbox 95 4724 221 4794; x_wconf 86' lang='lat' dir='ltr'>nuspiam</span> <span class='ocrx_word' id='word_1_722' title='bbox 242 4731 454 4780; x_wconf 87' lang='lat' dir='ltr'>commemorata</span> <span class='ocrx_word' id='word_1_723' title='bbox 470 4741 568 4796; x_wconf 87' lang='lat' dir='ltr'>regum</span> <span class='ocrx_word' id='word_1_724' title='bbox 586 4724 800 4781; x_wconf 77' lang='lat' dir='ltr'>Israiiliticorum</span> <span class='ocrx_word' id='word_1_725' title='bbox 819 4727 930 4782; x_wconf 84' lang='lat' dir='ltr'>factas</span> <span class='ocrx_word' id='word_1_726' title='bbox 955 4725 1060 4779; x_wconf 90' lang='lat' dir='ltr'>habent</span> <span class='ocrx_word' id='word_1_727' title='bbox 1077 4742 1143 4792; x_wconf 85' lang='lat' dir='ltr'>nos,</span> <span class='ocrx_word' id='word_1_728' title='bbox 1173 4730 1204 4778; x_wconf 89' lang='lat' dir='ltr'>ut</span> <span class='ocrx_word' id='word_1_729' title='bbox 1222 4723 1374 4779; x_wconf 83' lang='lat' dir='ltr'>Robertum</span> <span class='ocrx_word' id='word_1_730' title='bbox 1392 4722 1535 4778; x_wconf 90' lang='lat' dir='ltr'>Cotiouem</span> <span class='ocrx_word' id='word_1_731' title='bbox 1555 4724 1607 4778; x_wconf 91' lang='lat' dir='ltr'>sibi</span> <span class='ocrx_word' id='word_1_732' title='bbox 1638 4726 1791 4780; x_wconf 87' lang='lat' dir='ltr'>ostendisse</span> 
     </span>
     <span class='ocr_line' id='line_1_52' title="bbox 95 4808 1843 4887; baseline -0.001 -20"><span class='ocrx_word' id='word_1_733' title='bbox 95 4811 199 4881; x_wconf 90' lang='lat' dir='ltr'>Spiritu</span> <span class='ocrx_word' id='word_1_734' title='bbox 217 4817 313 4864; x_wconf 89' lang='lat' dir='ltr'>sancto</span> <span class='ocrx_word' id='word_1_735' title='bbox 332 4810 540 4880; x_wconf 89' lang='lat' dir='ltr'>improbentur,</span> <span class='ocrx_word' id='word_1_736' title='bbox 560 4811 627 4882; x_wconf 89' lang='lat' dir='ltr'>quin</span> <span class='ocrx_word' id='word_1_737' title='bbox 646 4818 743 4866; x_wconf 89' lang='lat' dir='ltr'>contra</span> <span class='ocrx_word' id='word_1_738' title='bbox 765 4812 857 4881; x_wconf 87' lang='lat' dir='ltr'>potius</span> <span class='ocrx_word' id='word_1_739' title='bbox 877 4812 929 4867; x_wconf 91' lang='lat' dir='ltr'>hoe</span> <span class='ocrx_word' id='word_1_740' title='bbox 955 4810 1041 4866; x_wconf 87' lang='lat' dir='ltr'>refert</span> <span class='ocrx_word' id='word_1_741' title='bbox 1065 4809 1247 4864; x_wconf 87' lang='lat' dir='ltr'>Casaubonus</span> <span class='ocrx_word' id='word_1_742' title='bbox 1273 4810 1302 4864; x_wconf 88' lang='lat' dir='ltr'>iu</span> <span class='ocrx_word' id='word_1_743' title='bbox 1325 4808 1442 4881; x_wconf 84' lang='lat' dir='ltr'>praefat.</span> <span class='ocrx_word' id='word_1_744' title='bbox 1468 4826 1556 4865; x_wconf 88' lang='lat' dir='ltr'>exerc.</span> <span class='ocrx_word' id='word_1_745' title='bbox 1580 4810 1617 4864; x_wconf 93' lang='lat' dir='ltr'>ad</span> <span class='ocrx_word' id='word_1_746' title='bbox 1645 4828 1707 4865; x_wconf 89' lang='lat' dir='ltr'>ann.</span> <span class='ocrx_word' id='word_1_747' title='bbox 1737 4811 1791 4865; x_wconf 82' lang='lat' dir='ltr'>Ra·</span> <span class='ocrx_word' id='word_1_748' title='bbox 1839 4881 1843 4887; x_wconf 19' lang='grc' dir='ltr'><strong>Α</strong></span> 
     </span>
     <span class='ocr_line' id='line_1_53' title="bbox 95 4895 1789 4968; baseline 0 -18"><span class='ocrx_word' id='word_1_749' title='bbox 95 4897 205 4950; x_wconf 88' lang='grc'>6661166</span> <span class='ocrx_word' id='word_1_750' title='bbox 225 4897 462 4963; x_wconf 87' lang='lat' dir='ltr'>commendantur,</span> <span class='ocrx_word' id='word_1_751' title='bbox 480 4899 558 4964; x_wconf 81' lang='lat' dir='ltr'>quad</span> <span class='ocrx_word' id='word_1_752' title='bbox 568 4896 686 4960; x_wconf 84' lang='lat' dir='ltr'>fecerint</span> <span class='ocrx_word' id='word_1_753' title='bbox 699 4914 740 4960; x_wconf 90' lang='grc'>66,</span> <span class='ocrx_word' id='word_1_754' title='bbox 762 4915 833 4965; x_wconf 88' lang='grc'>6666</span> <span class='ocrx_word' id='word_1_755' title='bbox 845 4908 929 4966; x_wconf 84' lang='lat' dir='ltr'>prata</span> <span class='ocrx_word' id='word_1_756' title='bbox 955 4897 1047 4964; x_wconf 90' lang='lat' dir='ltr'>rouii).</span> <span class='ocrx_word' id='word_1_757' title='bbox 1102 4895 1201 4951; x_wconf 83' lang='lat' dir='ltr'>Exstat</span> <span class='ocrx_word' id='word_1_758' title='bbox 1231 4896 1314 4951; x_wconf 90' lang='lat' dir='ltr'>etiam</span> <span class='ocrx_word' id='word_1_759' title='bbox 1344 4896 1468 4965; x_wconf 84' lang='lat' dir='ltr'>synodus</span> <span class='ocrx_word' id='word_1_760' title='bbox 1501 4896 1676 4967; x_wconf 84' lang='lat' dir='ltr'>provincialis</span> <span class='ocrx_word' id='word_1_761' title='bbox 1716 4898 1789 4968; x_wconf 83' lang='lat' dir='ltr'>regis</span> 
     </span>
     <span class='ocr_line' id='line_1_54' title="bbox 94 4981 1790 5059; baseline 0.001 -25"><span class='ocrx_word' id='word_1_762' title='bbox 94 4992 118 5034; x_wconf 87' lang='grc'>61</span> <span class='ocrx_word' id='word_1_763' title='bbox 135 4982 284 5051; x_wconf 88' lang='lat' dir='ltr'>placentia</span> <span class='ocrx_word' id='word_1_764' title='bbox 302 4983 332 5034; x_wconf 90' lang='lat' dir='ltr'>in</span> <span class='ocrx_word' id='word_1_765' title='bbox 356 4982 446 5034; x_wconf 82' lang='grc'>666116</span> <span class='ocrx_word' id='word_1_766' title='bbox 464 4983 538 5048; x_wconf 90' lang='lat' dir='ltr'>Dei,</span> <span class='ocrx_word' id='word_1_767' title='bbox 563 4982 857 5059; x_wconf 80' lang='lat' dir='ltr'>acreprehenduntur</span> <span class='ocrx_word' id='word_1_768' title='bbox 880 4985 929 5050; x_wconf 90' lang='lat' dir='ltr'>illi,</span> <span class='ocrx_word' id='word_1_769' title='bbox 955 4983 1080 5054; x_wconf 90' lang='lat' dir='ltr'>ejusdem</span> <span class='ocrx_word' id='word_1_770' title='bbox 1106 4983 1188 5052; x_wconf 91' lang='lat' dir='ltr'>jussu</span> <span class='ocrx_word' id='word_1_771' title='bbox 1221 4988 1332 5050; x_wconf 89' lang='lat' dir='ltr'>coacta,</span> <span class='ocrx_word' id='word_1_772' title='bbox 1359 4998 1443 5051; x_wconf 89' lang='lat' dir='ltr'>quam</span> <span class='ocrx_word' id='word_1_773' title='bbox 1461 4981 1625 5037; x_wconf 88' lang='lat' dir='ltr'>Dunstanus</span> <span class='ocrx_word' id='word_1_774' title='bbox 1644 4982 1790 5054; x_wconf 84' lang='lat' dir='ltr'>episcopus</span> 
     </span>
     <span class='ocr_line' id='line_1_55' title="bbox 94 5067 1787 5140; baseline 0.002 -20"><span class='ocrx_word' id='word_1_775' title='bbox 94 5070 142 5135; x_wconf 80' lang='lat' dir='ltr'>pai</span> <span class='ocrx_word' id='word_1_776' title='bbox 159 5085 214 5120; x_wconf 88' lang='lat' dir='ltr'>noa</span> <span class='ocrx_word' id='word_1_777' title='bbox 233 5068 408 5121; x_wconf 87' lang='lat' dir='ltr'>abstulerunt</span> <span class='ocrx_word' id='word_1_778' title='bbox 427 5069 505 5121; x_wconf 91' lang='lat' dir='ltr'>lucos</span> <span class='ocrx_word' id='word_1_779' title='bbox 524 5076 549 5121; x_wconf 89' lang='lat' dir='ltr'>et</span> <span class='ocrx_word' id='word_1_780' title='bbox 570 5069 692 5132; x_wconf 82' lang='grc'>6666166,</span> <span class='ocrx_word' id='word_1_781' title='bbox 724 5086 779 5140; x_wconf 90' lang='grc'>666</span> <span class='ocrx_word' id='word_1_782' title='bbox 800 5069 860 5140; x_wconf 90' lang='lat' dir='ltr'>ipso</span> <span class='ocrx_word' id='word_1_783' title='bbox 888 5070 928 5124; x_wconf 92' lang='lat' dir='ltr'>in·</span> <span class='ocrx_word' id='word_1_784' title='bbox 956 5069 1117 5124; x_wconf 89' lang='lat' dir='ltr'>describens</span> <span class='ocrx_word' id='word_1_785' title='bbox 1146 5068 1289 5139; x_wconf 82' lang='lat' dir='ltr'>Edgarum</span> <span class='ocrx_word' id='word_1_786' title='bbox 1316 5067 1345 5120; x_wconf 92' lang='lat' dir='ltr'>in</span> <span class='ocrx_word' id='word_1_787' title='bbox 1371 5068 1511 5137; x_wconf 89' lang='lat' dir='ltr'>prooemio</span> <span class='ocrx_word' id='word_1_788' title='bbox 1538 5068 1664 5123; x_wconf 90' lang='lat' dir='ltr'>dilaudat</span> <span class='ocrx_word' id='word_1_789' title='bbox 1693 5075 1725 5124; x_wconf 91' lang='grc'>61</span> <span class='ocrx_word' id='word_1_790' title='bbox 1750 5087 1787 5123; x_wconf 90' lang='lat' dir='ltr'>re·</span> 
     </span>
     <span class='ocr_line' id='line_1_56' title="bbox 93 5151 1789 5227; baseline 0.003 -21"><span class='ocrx_word' id='word_1_791' title='bbox 93 5153 200 5221; x_wconf 89' lang='grc'>161161,</span> <span class='ocrx_word' id='word_1_792' title='bbox 224 5152 398 5223; x_wconf 84' lang='lat' dir='ltr'>negligentes</span> <span class='ocrx_word' id='word_1_793' title='bbox 427 5152 488 5207; x_wconf 92' lang='lat' dir='ltr'>illos</span> <span class='ocrx_word' id='word_1_794' title='bbox 512 5153 541 5204; x_wconf 92' lang='lat' dir='ltr'>in</span> <span class='ocrx_word' id='word_1_795' title='bbox 568 5170 619 5207; x_wconf 90' lang='lat' dir='ltr'>suo</span> <span class='ocrx_word' id='word_1_796' title='bbox 647 5152 739 5209; x_wconf 87' lang='lat' dir='ltr'>officio</span> <span class='ocrx_word' id='word_1_797' title='bbox 763 5154 857 5223; x_wconf 86' lang='lat' dir='ltr'>luisse,</span> <span class='ocrx_word' id='word_1_798' title='bbox 881 5157 928 5227; x_wconf 90' lang='lat' dir='ltr'>qui</span> <span class='ocrx_word' id='word_1_799' title='bbox 956 5155 1013 5225; x_wconf 84' lang='lat' dir='ltr'>gali</span> <span class='ocrx_word' id='word_1_800' title='bbox 1041 5153 1132 5208; x_wconf 81' lang='lat' dir='ltr'>officio</span> <span class='ocrx_word' id='word_1_801' title='bbox 1158 5170 1191 5207; x_wconf 85' lang='lat' dir='ltr'>ee</span> <span class='ocrx_word' id='word_1_802' title='bbox 1213 5152 1242 5206; x_wconf 92' lang='grc'>16</span> <span class='ocrx_word' id='word_1_803' title='bbox 1271 5169 1300 5206; x_wconf 89' lang='grc'>16</span> <span class='ocrx_word' id='word_1_804' title='bbox 1323 5151 1449 5208; x_wconf 85' lang='grc'>16661161</span> <span class='ocrx_word' id='word_1_805' title='bbox 1472 5154 1556 5208; x_wconf 86' lang='lat' dir='ltr'>veluti</span> <span class='ocrx_word' id='word_1_806' title='bbox 1581 5161 1721 5225; x_wconf 87' lang='lat' dir='ltr'>pastorum</span> <span class='ocrx_word' id='word_1_807' title='bbox 1740 5171 1789 5225; x_wconf 80' lang='lat' dir='ltr'>ps·</span> 
     </span>
     <span class='ocr_line' id='line_1_57' title="bbox 94 5238 1110 5311; baseline 0.002 -19"><span class='ocrx_word' id='word_1_808' title='bbox 94 5238 281 5293; x_wconf 84' lang='lat' dir='ltr'>idololatricos</span> <span class='ocrx_word' id='word_1_809' title='bbox 309 5239 400 5293; x_wconf 90' lang='lat' dir='ltr'>cultus</span> <span class='ocrx_word' id='word_1_810' title='bbox 424 5256 479 5294; x_wconf 90' lang='lat' dir='ltr'>non</span> <span class='ocrx_word' id='word_1_811' title='bbox 505 5239 680 5293; x_wconf 89' lang='lat' dir='ltr'>abstulerint.</span> <span class='ocrx_word' id='word_1_812' title='bbox 716 5240 802 5296; x_wconf 89' lang='grc' dir='ltr'>Η1666</span> <span class='ocrx_word' id='word_1_813' title='bbox 821 5242 873 5311; x_wconf 86' lang='lat' dir='ltr'>piis</span> <span class='ocrx_word' id='word_1_814' title='bbox 893 5243 928 5298; x_wconf 88' lang='lat' dir='ltr'>V.</span> <span class='ocrx_word' id='word_1_815' title='bbox 956 5240 1110 5297; x_wconf 64' lang='lat' dir='ltr'>starem.illl</span> 
     </span>
     <span class='ocr_line' id='line_1_58' title="bbox 92 5324 1916 5397; baseline 0.003 -19"><span class='ocrx_word' id='word_1_816' title='bbox 92 5325 125 5380; x_wconf 85' lang='lat' dir='ltr'>T.</span> <span class='ocrx_word' id='word_1_817' title='bbox 145 5325 259 5397; x_wconf 78' lang='lat' dir='ltr'>regibus</span> <span class='ocrx_word' id='word_1_818' title='bbox 279 5324 429 5380; x_wconf 86' lang='lat' dir='ltr'>Christiani</span> <span class='ocrx_word' id='word_1_819' title='bbox 449 5325 629 5395; x_wconf 88' lang='lat' dir='ltr'>imperatores</span> <span class='ocrx_word' id='word_1_820' title='bbox 645 5326 727 5380; x_wconf 89' lang='lat' dir='ltr'>etiam</span> <span class='ocrx_word' id='word_1_821' title='bbox 745 5344 929 5383; x_wconf 86' lang='lat' dir='ltr'>annumerau-</span> <span class='ocrx_word' id='word_1_822' title='bbox 994 5334 1050 5382; x_wconf 81' lang='lat'>172.</span> <span class='ocrx_word' id='word_1_823' title='bbox 1092 5333 1114 5381; x_wconf 89' lang='grc'>5.</span> <span class='ocrx_word' id='word_1_824' title='bbox 1138 5325 1181 5378; x_wconf 89' lang='grc' dir='ltr'>Ε1</span> <span class='ocrx_word' id='word_1_825' title='bbox 1207 5325 1368 5380; x_wconf 88' lang='lat' dir='ltr'>rationibus.</span> <span class='ocrx_word' id='word_1_826' title='bbox 1416 5334 1436 5382; x_wconf 93' lang='lat'>1.</span> <span class='ocrx_word' id='word_1_827' title='bbox 1466 5325 1575 5391; x_wconf 81' lang='lat' dir='ltr'>Quibus</span> <span class='ocrx_word' id='word_1_828' title='bbox 1598 5329 1822 5384; x_wconf 66' lang='lat' dir='ltr'>commendatiti-</span> <span class='ocrx_word' id='word_1_829' title='bbox 1835 5332 1916 5372; x_wconf 65' lang='grc' dir='ltr'>Μ·</span> 
     </span>
     <span class='ocr_line' id='line_1_59' title="bbox 92 5383 1913 5506; baseline 0.001 -40"><span class='ocrx_word' id='word_1_830' title='bbox 92 5411 207 5466; x_wconf 70' lang='lat' dir='ltr'>ersus:</span> <span class='ocrx_word' id='word_1_831' title='bbox 221 5411 419 5465; x_wconf 70' lang='grc'>66616666</span> <span class='ocrx_word' id='word_1_832' title='bbox 427 5409 928 5482; x_wconf 57' lang='grc'>11661611666111161116616611-</span> <span class='ocrx_word' id='word_1_833' title='bbox 941 5410 943 5506; x_wconf 41' lang='grc' dir='ltr'>ᾗ</span> <span class='ocrx_word' id='word_1_834' title='bbox 957 5425 998 5468; x_wconf 75' lang='lat' dir='ltr'>sa</span> <span class='ocrx_word' id='word_1_835' title='bbox 1015 5412 1186 5483; x_wconf 68' lang='grc'>1661611616</span> <span class='ocrx_word' id='word_1_836' title='bbox 1203 5412 1287 5480; x_wconf 73' lang='lat' dir='ltr'>sarm,</span> <span class='ocrx_word' id='word_1_837' title='bbox 1307 5412 1361 5472; x_wconf 77' lang='grc'>611</span> <span class='ocrx_word' id='word_1_838' title='bbox 1381 5413 1463 5468; x_wconf 73' lang='lat' dir='ltr'>mam</span> <span class='ocrx_word' id='word_1_839' title='bbox 1482 5413 1673 5468; x_wconf 73' lang='grc'>6666611111</span> <span class='ocrx_word' id='word_1_840' title='bbox 1690 5414 1790 5470; x_wconf 68' lang='grc'>166111.</span> <span class='ocrx_word' id='word_1_841' title='bbox 1802 5383 1913 5424; x_wconf 70' lang='lat'><strong>‘¹⁰³⁰&#39;&#39;&#39;·</strong></span> 
     </span>
     <span class='ocr_line' id='line_1_60' title="bbox 92 5495 1789 5587; baseline 0.002 -35"><span class='ocrx_word' id='word_1_842' title='bbox 92 5503 172 5552; x_wconf 88' lang='lat' dir='ltr'>catur</span> <span class='ocrx_word' id='word_1_843' title='bbox 198 5497 339 5566; x_wconf 81' lang='lat' dir='ltr'>maximis,</span> <span class='ocrx_word' id='word_1_844' title='bbox 370 5498 445 5568; x_wconf 92' lang='lat' dir='ltr'>quod</span> <span class='ocrx_word' id='word_1_845' title='bbox 470 5497 561 5552; x_wconf 89' lang='lat' dir='ltr'>edicto</span> <span class='ocrx_word' id='word_1_846' title='bbox 587 5495 699 5566; x_wconf 89' lang='lat' dir='ltr'>publico</span> <span class='ocrx_word' id='word_1_847' title='bbox 723 5498 828 5566; x_wconf 89' lang='lat' dir='ltr'>templa</span> <span class='ocrx_word' id='word_1_848' title='bbox 847 5498 942 5587; x_wconf 87' lang='grc' dir='ltr'>116116Ι</span> <span class='ocrx_word' id='word_1_849' title='bbox 957 5506 1061 5571; x_wconf 79' lang='lat' dir='ltr'>guntur</span> <span class='ocrx_word' id='word_1_850' title='bbox 1073 5515 1115 5566; x_wconf 89' lang='grc'>66,</span> <span class='ocrx_word' id='word_1_851' title='bbox 1135 5497 1240 5569; x_wconf 88' lang='lat' dir='ltr'>absque</span> <span class='ocrx_word' id='word_1_852' title='bbox 1252 5497 1354 5568; x_wconf 90' lang='lat' dir='ltr'>quibus</span> <span class='ocrx_word' id='word_1_853' title='bbox 1367 5498 1526 5569; x_wconf 84' lang='lat' dir='ltr'>respublica</span> <span class='ocrx_word' id='word_1_854' title='bbox 1544 5498 1623 5554; x_wconf 85' lang='lat' dir='ltr'>salva</span> <span class='ocrx_word' id='word_1_855' title='bbox 1640 5501 1789 5556; x_wconf 84' lang='lat' dir='ltr'>consistere</span> 
     </span>
     <span class='ocr_line' id='line_1_61' title="bbox 92 5580 1790 5656; baseline 0.002 -17"><span class='ocrx_word' id='word_1_856' title='bbox 92 5581 263 5639; x_wconf 80' lang='grc'>6116166161</span> <span class='ocrx_word' id='word_1_857' title='bbox 298 5587 461 5639; x_wconf 85' lang='grc'>6666661616</span> <span class='ocrx_word' id='word_1_858' title='bbox 496 5581 658 5652; x_wconf 86' lang='lat' dir='ltr'>occluserit,</span> <span class='ocrx_word' id='word_1_859' title='bbox 697 5580 861 5638; x_wconf 85' lang='lat' dir='ltr'>Christianis</span> <span class='ocrx_word' id='word_1_860' title='bbox 893 5582 929 5638; x_wconf 91' lang='lat' dir='ltr'>de</span> <span class='ocrx_word' id='word_1_861' title='bbox 954 5584 1059 5656; x_wconf 82' lang='lat' dir='ltr'>neqmt,</span> <span class='ocrx_word' id='word_1_862' title='bbox 1076 5581 1217 5656; x_wconf 84' lang='lat' dir='ltr'>quiafiuis</span> <span class='ocrx_word' id='word_1_863' title='bbox 1235 5584 1433 5656; x_wconf 84' lang='lat' dir='ltr'>praesupponit</span> <span class='ocrx_word' id='word_1_864' title='bbox 1449 5583 1541 5641; x_wconf 81' lang='grc'>1116116</span> <span class='ocrx_word' id='word_1_865' title='bbox 1558 5584 1672 5643; x_wconf 86' lang='grc'>616661</span> <span class='ocrx_word' id='word_1_866' title='bbox 1689 5586 1790 5642; x_wconf 87' lang='grc'>111666·</span> 
     </span>
    </p>
   </div>
   <div class='ocr_carea' id='block_1_3' title="bbox 0 0 2014 6005">
    <p class='ocr_par' dir='ltr' id='par_1_3' title="bbox 0 0 2014 6005">
     <span class='ocr_line' id='line_1_62' title="bbox 0 0 2014 6005; baseline 0 0"><span class='ocrx_word' id='word_1_867' title='bbox 0 0 2014 6005; x_wconf 95' lang='lat' dir='ltr'> </span> 
     </span>
    </p>
   </div>
  </div>
 </body>
</html>
