4020 6014
585 402 591 416 ἱ
695 299 1223 374 01110111111110111100.
1733 322 1793 381 ars

106 483 130 520 v.
150 471 173 520 1.
194 481 261 534 ergo
280 481 335 519 non
359 466 452 522 divino
479 467 584 535 solum,
610 470 661 523 sed
686 473 714 524 et
739 469 857 522 natumli
875 470 938 538 jure
966 472 1072 526 tabunt.
1113 472 1235 527 Bodinus
1253 471 1301 526 lib.
1322 479 1345 526 e.
1365 472 1400 526 de
1420 472 1527 543 republ.
1545 486 1569 524 c.
1595 477 1619 525 5.
1639 487 1713 525 num.
1734 475 1792 525 139.

106 551 215 605 feminis
234 550 370 620 subjectio
388 553 533 622 competit,
557 560 668 623 γυναικὶ
687 555 712 608 δ’
741 553 828 627 ἆρχὴν
845 555 938 608 011111-
966 559 990 611 6.
1010 559 1130 626 Lepidus
1145 559 1323 629 plurimorum
1339 575 1487 633 regnorum
1507 557 1543 612 ab
1563 556 1677 628 imperio
1704 557 1795 610 exclu-

106 640 191 690 ‹taaru
217 638 314 708 φύσις,
343 639 433 708 inquit
457 638 614 696 Menander.
650 642 733 695 Hunc
757 646 872 695 naturas
891 641 939 695 du·
966 644 1075 698 duntur.
1120 644 1196 700 Inter
1225 644 1301 715 leges
1325 643 1546 699 fundamentales
1576 642 1654 714 regni
1686 640 1796 710 Gallici,

107 731 181 778 ctum
201 730 229 778 et
248 724 408 778 instinctum
432 726 582 780 ostendunt
604 727 666 797 ipsa
683 727 781 794 bruta,
812 743 883 799 quae
901 727 939 781 ita
966 746 1036 801 quas
1055 736 1179 785 recenset
1198 729 1390 784 Hotomannus
1408 729 1456 785 lib.
1479 734 1501 784 l.
1527 729 1562 783 de
1580 727 1708 798 antiquit.
1731 727 1796 795 jure

105 811 210 880 vivunt,
228 820 259 863 ut
271 827 364 863 mares
378 812 492 872 faminis
504 812 647 882 imperent,
663 812 770 866 Plinius
789 814 836 868 lib.
850 819 873 869 4.
883 818 939 867 nat
965 833 1043 884 regn.
1060 833 1082 871 0.
1102 821 1143 871 23.
1166 820 1208 870 est
1227 832 1274 883 ea,
1298 831 1331 868 ns
1350 815 1430 882 sirpo
1449 831 1514 868 nere
1537 815 1638 868 mulia
1657 815 1699 866 ad
1714 812 1797 880 repus'

106 898 170 951 hist.
204 914 264 966 cap.
292 903 314 952 3.
356 901 382 949 3.
405 899 547 952 Honestas
571 900 607 954 ab
626 901 741 971 imperio
759 900 874 955 feminas
895 918 939 955 ex·
965 904 1147 956 hereditatem
1164 902 1347 969 admittamur,
1369 902 1421 954 sed
1438 907 1559 970 aquatus
1579 900 1714 961 defuncto
1735 898 1798 966 rapi

106 983 201 1037 cludit.
236 982 287 1037 Est
310 983 384 1037 enim
409 990 505 1038 contra
528 984 663 1055 pudorem
685 987 762 1042 sexui
787 985 852 1040 buic
876 1003 938 1040 con·
963 989 1119 1058 prosimus,
1137 987 1263 1058 quamuis
1275 989 1370 1055 prada
1380 987 1491 1050 femina
1498 987 1649 1056 posterior,
1665 986 1693 1039 ei
1703 994 1795 1039 tamen
1869 1008 1872 1013 ·

106 1076 251 1140 gruentem
270 1069 395 1124 virilibus
415 1071 596 1125 conventibus
621 1072 767 1139 interesse,
791 1072 881 1126 virilia
898 1070 938 1125 oi·
962 1076 1157 1143 praeferatur.
1195 1075 1283 1138 Quam
1303 1073 1392 1143 legem
1417 1080 1518 1127 vocant
1536 1072 1669 1126 Salicum.
1705 1071 1795 1126 Comi·

106 1154 169 1209 ficia
187 1161 320 1223 tractme,
349 1172 427 1209 arma
444 1156 534 1210 virilia
554 1173 657 1228 gerere.
694 1158 753 1212 Nec
771 1160 938 1227 1100010110-
967 1159 1399 1230 naeusdereb.gestis.Ludov.
1420 1165 1448 1214 et
1463 1158 1551 1213 Carol.
1566 1158 1627 1212 libr.
1641 1163 1664 1212 8.
1686 1175 1714 1227 p.
1738 1160 1795 1211 211.

106 1250 156 1295 test
173 1242 297 1311 femina,
324 1260 373 1295 uec
392 1244 468 1296 testis
489 1260 562 1312 essa,
591 1244 806 1311 prejudicare,
835 1251 939 1316 quanto
966 1246 1039 1300 unde
1070 1262 1144 1301 anno
1175 1252 1249 1302 1594.
1276 1245 1305 1298 in
1332 1244 1580 1299 consultationibus
1607 1243 1641 1297 de
1666 1242 1796 1314 eligendo

106 1344 172 1398 ergo
191 1328 280 1380 minus
298 1327 443 1397 imperare,
463 1328 638 1398 Augustinus
652 1329 680 1382 in
693 1346 738 1399 qq.
757 1329 791 1385 V.
805 1328 837 1386 Τ.
857 1348 883 1400 q.
896 1336 938 1385 45.
966 1350 1031 1404 rege
1049 1350 1120 1387 novo
1139 1332 1327 1388 Navarraeum
1352 1330 1547 1402 praeferebant
1572 1328 1672 1384 infanti
1695 1329 1796 1398 Hispa-

105 1413 262 1467 Pheretima
281 1413 317 1466 ad
335 1411 515 1467 Evelthonem
534 1414 680 1469 Salaminis
696 1432 790 1487 regem
815 1416 940 1486 profecta
965 1419 1073 1472 nissum
1102 1419 1225 1488 Philippi
1251 1418 1324 1488 regis
1354 1417 1506 1488 Hispaniae
1529 1416 1616 1485 filiae,
1643 1415 1796 1470 Mercurius

105 1498 289 1568 precabatur,
308 1504 339 1552 ut
359 1516 389 1553 se
407 1498 549 1570 filiumque
568 1501 704 1571 Cyrenem
732 1519 795 1556 cum
815 1503 938 1558 exercitu
966 1505 1121 1576 Gallobelg.
1134 1506 1181 1560 lib.
1194 1511 1217 1562 8.
1230 1522 1294 1576 pag.
1312 1510 1368 1560 lta.
1395 1511 1419 1559 1.
1433 1504 1548 1559 Praesto
1561 1507 1626 1556 sunt
1640 1502 1728 1556 mults
1741 1501 1792 1557 rei·

105 1585 256 1639 reduceret.
296 1584 346 1640 1110
367 1586 459 1639 omnia
475 1588 567 1656 potius
586 1605 670 1659 quam
697 1589 845 1643 exercitum
872 1588 938 1642 hnic
965 1591 1095 1662 publicae
1119 1592 1237 1662 pessime
1261 1608 1279 1645 a
1302 1591 1411 1645 feminis
1431 1589 1639 1643 administratae
1660 1587 1795 1657 exempla,

106 1670 199 1724 dabat.
237 1670 362 1741 Cumque
381 1672 416 1726 ad
435 1674 540 1736 omnia,
561 1690 632 1744 quae
651 1675 807 1739 dabantur,
826 1674 937 1744 11101101,
966 1677 1061 1748 quales
1079 1677 1158 1732 fuera
1178 1677 1307 1739 Athama,
1327 1692 1399 1747 qnae
1419 1692 1499 1730 omne
1517 1690 1609 1728 semen
1629 1673 1735 1744 regium
1754 1673 1796 1725 in·

106 1759 205 1810 bonrum
224 1758 257 1809 id
273 1759 387 1825 quidem
407 1776 475 1826 esse,
492 1763 543 1813 sad
554 1761 652 1814 melius
670 1763 896 1828 facturumeam,
913 1763 940 1815 si
965 1763 1074 1819 terfecit
1093 1770 1118 1818 2.
1136 1764 1204 1834 Reg.
1226 1770 1265 1833 11,
1282 1782 1307 1816 v.
1329 1768 1392 1818 1.2.
1413 1761 1505 1816 Paral.
1526 1766 1568 1829 22,
1586 1779 1611 1813 v.
1634 1767 1672 1817 10.
1700 1762 1796 1827 Tomy·

13 1837 21 1852 ⁹
106 1845 183 1912 meod
201 1845 409 1911 obsecraretur,
439 1847 520 1898 daret
540 1849 705 1915 exercitum,
732 1848 806 1902 misit
826 1848 938 1902 tandem
966 1850 1015 1913 ris,
1045 1850 1200 1918 Cleopatra
1226 1857 1279 1905 011,
1318 1850 1365 1901 Eo
1388 1848 1519 1913 familia,
1542 1864 1613 1916 pisae
1637 1865 1657 1902 a
1681 1846 1797 1898 muliere

108 1929 147 1983 illi
169 1929 241 1984 dono
262 1928 355 1984 fissum
375 1947 488 1985 aureum
507 1949 540 1986 ae
565 1934 654 1987 colum
676 1950 763 2003 penso
788 1935 940 1989 circumda·
966 1937 1150 2004 paternum,
1175 1953 1230 1989 non
1241 1935 1304 2002 fuit
1322 1951 1460 2003 unquam,
1486 1949 1555 2002 quaa
1579 1950 1635 1986 uon
1653 1916 1797 1998 interierit,

106 2022 163 2070 tam
182 2015 284 2082 dicens,
303 2017 407 2069 talibus
425 2018 506 2071 rubris
525 2021 630 2072 donari
645 2020 775 2088 feminas,
792 2038 848 2073 non
866 2038 940 2073 acer·
966 2021 1006 2075 ait
1026 2021 1200 2090 Antiphanes
1227 2021 1303 2090 apud
1327 2020 1477 2075 Stobaeum
1502 2035 1582 2072 serm.
1610 2023 1649 2073 12.
1691 2016 1796 2081 Quodsi

32 2108 36 2118 ‘
107 2104 171 2165 citu,
192 2102 295 2156 Herod.
315 2102 442 2159 111111.
463 2110 519 2160 132.
557 2112 581 2160 4.
599 2105 731 2160 Feminae
750 2106 939 2161 destimuntur
966 2107 1018 2161 boc
1037 2107 1066 2160 in
1084 2107 1236 2162 domestica
1255 2106 1387 2161 societate
1404 2105 1522 2166 obtinet,
1554 2104 1640 2158 multo
1660 2103 1748 2173 magis
1768 2103 1796 2158 in

107 2190 249 2258 requisitus
272 2189 308 2242 ad
341 2189 531 2259 imperandum
562 2191 732 2246 necessariis.
773 2192 859 2246 Deest
884 2192 939 2246 illis
967 2192 1040 2247 civili
1067 2192 1212 2248 obtinebit.
1257 2192 1311 2246 Pro
1336 2190 1475 2246 decisione
1507 2190 1676 2262 quaestionis
1701 2197 1796 2244 notan·
1855 2190 1860 2214 ”
1958 2205 1966 2225 r

103 2277 267 2344 prudentia.
303 2274 517 2344 chrysostomus
536 2276 609 2331 horn.
628 2282 669 2331 23.
690 2279 719 2331 11
734 2277 845 2333 Mathe
865 2281 940 2332 Mol-
967 2278 1033 2332 dum
1062 2285 1099 2333 l..
1122 2278 1151 2333 Si
1171 2277 1275 2332 femina
1299 2277 1428 2349 legitimis
1449 2277 1547 2331 mediis
1570 2276 1605 2330 ad
1629 2275 1734 2346 imperii
1757 2274 1796 2329 fa·

108 2362 144 2414 lis
171 2371 196 2414 et
224 2362 353 2413 incautus
373 2371 412 2414 est
435 2363 480 2415 hic
505 2380 594 2416 sema.
634 2363 741 2426 Mollis,
771 2365 837 2436 quia
860 2365 940 2420 facile
967 2365 1079 2436 stiginm
1105 2370 1147 2420 est
1170 2371 1281 2431 evecta,
1313 2380 1368 2418 non
1387 2362 1471 2418 debet
1488 2363 1530 2416 illi
1555 2369 1668 2432 propter
1685 2362 1734 2415 has
1751 2361 1796 2416 vel

108 2447 230 2502 deflectit
248 2465 265 2501 a
283 2449 355 2502 malo
373 2448 408 2501 ad
428 2448 531 2502 bonum
549 2449 594 2504 vel
612 2450 647 2505 de
673 2450 799 2505 bonoad
818 2449 939 2518 malum;
967 2451 1036 2506 alias
1071 2451 1190 2504 rationes
1231 2449 1375 2519 imperium
1410 2449 1541 2503 divinitus
1587 2449 1683 2502 datum
1719 2447 1796 2517 eripi.

107 2535 251 2597 incantas,
270 2534 335 2604 quia
350 2552 405 2588 non
417 2534 517 2604 omnia,
537 2552 609 2606 quae
619 2536 696 2591 videt
711 2543 761 2590 aut
775 2535 860 2604 audit,
877 2552 940 2589 cum
968 2544 992 2594 2.
1011 2536 1246 2608 Distinguendum
1273 2542 1316 2590 est
1331 2537 1402 2591 inter
1419 2535 1581 2590 electionem
1604 2541 1633 2589 et
1650 2535 1798 2589 successio·

106 2620 241 2690 sapientia
260 2626 287 2674 et
312 2620 419 2674 ratione
437 2621 602 2676 considerat.
622 2622 718 2677 Cicero
746 2639 797 2692 pro
816 2622 941 2676 Cluentt
968 2639 1039 2677 uem.
1079 2623 1108 2679 si
1126 2623 1203 2693 leges
1220 2622 1296 2692 regni
1316 2621 1538 2676 fundamentales
1557 2620 1601 2675 vel
1627 2621 1798 2676 consuetudo

108 2707 241 2759 Ahrrndat
259 2707 362 2759 mutim
383 2707 523 2770 arrdacia,
549 2709 666 2763 canalio
687 2716 713 2761 et
731 2710 839 2761 ratione
857 2707 941 2760 desti·
968 2708 1080 2780 publice
1099 2714 1211 2778 recepta
1229 2714 1258 2760 et
1275 2707 1537 2762 continuatsfasocs
1551 2706 1658 2777 imperii
1678 2707 1798 2762 feminae

107 2794 208 2859 tuitus,
238 2793 312 2845 unde
331 2808 365 2844 ex
387 2791 515 2846 omnibus
541 2793 652 2847 feminis
676 2810 733 2847 una
753 2793 845 2848 Pallas
862 2793 941 2849 doris
968 2811 1017 2865 per
1035 2790 1238 2848 successionem
1256 2792 1398 2860 deferant,
1427 2793 1538 2846 omnino
1557 2792 1642 2847 debet
1661 2793 1797 2863 guberna·

107 2878 219 2933 cerebro
237 2883 303 2932 nata
323 2883 410 2931 matre
429 2879 532 2946 caruit,
555 2887 588 2933 ut
605 2879 814 2949 intelligeretm,
832 2879 940 2948 sapien·
967 2881 1036 2935 tioni
1055 2897 1146 2934 rerum
1167 2877 1296 2949 praefici,
1326 2895 1388 2932 cum
1403 2881 1466 2950 jure
1483 2880 1565 2933 etiam
1591 2879 1665 2932 civili
1694 2878 1798 2934 10111111

106 2965 173 3017 tiam
202 2981 219 3016 a
252 2964 362 3018 feminis
388 2979 500 3019 manare
525 2980 580 3017 non
615 2981 705 3034 posse.
770 2965 856 3020 Deest
887 2964 941 3017 illis
966 2967 1026 3037 pari
1042 2969 1106 3037 jure
1127 2965 1163 3019 ad
1191 2964 1392 3020 successionem
1415 2971 1543 3033 vocetur,
1574 2964 1683 3020 sublato
1712 2965 1797 3021 veteri

107 3052 274 3105 constantia.
324 3050 439 3103 Varium
467 3058 493 3103 ct
523 3051 656 3104 mutabile
685 3068 794 3119 semper
824 3052 940 3119 femina,
966 3054 1038 3107 inter
1057 3051 1193 3105 masculos
1214 3056 1242 3104 et
1262 3049 1379 3104 laminas
1398 3051 1490 3122 quoad
1517 3051 1718 3106 successionem
1742 3051 1796 3105 dis·

108 3138 197 3207 inquit
218 3137 304 3192 Maro.
344 3137 378 3190 In
400 3138 460 3191 sola
478 3137 664 3190 inconstantia
688 3142 716 3190 et
739 3137 852 3190 levitate
874 3153 939 3190 con·
965 3138 1086 3193 erimine.
1121 3135 1159 3206 §.¹
1183 3144 1221 3191 15.
1258 3136 1349 3191 Instit.
1375 3137 1409 3191 de
1437 3136 1529 3191 hesed.
1555 3153 1625 3207 quae
1651 3136 1687 3191 ab
1706 3137 1795 3193 intest.

107 3224 277 3276 stantissima
296 3229 354 3291 cst,
374 3240 425 3278 nee
443 3224 506 3276 edla
524 3224 575 3275 dist
595 3224 701 3286 femina
716 3226 831 3292 piandus
849 3224 939 3286 habet,
966 3231 990 3279 3.
1008 3223 1242 3294 Distinguendum
1273 3223 1345 3278 inter
1372 3223 1533 3278 electionem
1561 3222 1676 3278 liberam
1704 3231 1732 3278 et
1759 3222 1795 3275 ad

107 3311 180 3362 canit
207 3309 375 3377 Propertius.
415 3311 500 3363 Deest
524 3310 615 3362 animi
640 3317 666 3361 ct
691 3310 819 3378 corporis
844 3311 937 3363 robur.
965 3318 1069 3366 certam
1085 3309 1219 3364 familiam
1240 3310 1403 3363 restrictam.
1443 3308 1472 3363 Si
1492 3309 1590 3363 electio
1614 3310 1650 3361 sit
1670 3309 1797 3364 restricta

109 3395 838 3464 1110001111011011110010110011111οόιὲ11111111111
855 3397 938 3462 dolis,
965 3398 1073 3469 legibus
1091 3397 1136 3450 vel
1151 3396 1364 3465 consuetudine,
1395 3414 1450 3450 non
1476 3401 1568 3465 potest
1594 3395 1738 3465 praeteriri
1757 3395 1796 3451 ic-

106 3484 158 3534 sed
172 3483 227 3532 utra
246 3482 367 3546 reposit,
385 3481 476 3550 inquit
487 3479 535 3534 illa
552 3480 627 3551 apud
640 3480 773 3536 Senecam
791 3481 819 3535 in
842 3484 939 3536 111101.
965 3483 1047 3536 mina
1083 3490 1106 3537 4.
1124 3481 1360 3552 Distinguendum
1374 3487 1417 3535 est
1430 3481 1502 3535 inter
1516 3483 1641 3550 exempla
1659 3482 1795 3550 quaedam

106 3567 209 3632 Quodsi
241 3582 312 3635 quae
340 3565 459 3621 feminae
492 3565 634 3632 fortiores,
663 3584 696 3621 eo
723 3566 939 3623 vehementiores
965 3569 1136 3624 heroicarum
1155 3568 1320 3622 feminarum
1338 3567 1556 3621 exuaordinaria
1579 3574 1608 3622 et
1633 3567 1705 3621 inter
1721 3567 1794 3622 ordi-

107 3653 209 3706 babent
226 3653 353 3723 impetus,
373 3668 391 3705 a
408 3651 508 3721 quibus
527 3668 599 3722 quae
623 3653 773 3706 metuenda
793 3655 849 3707 sint
868 3655 939 3724 peri·
965 3655 1069 3709 nariam
1087 3653 1229 3708 electionis
1248 3653 1382 3722 regulam.
1416 3651 1556 3721 Respecto
1582 3653 1734 3722 posteriore
1752 3671 1797 3708 ex-

106 3740 177 3804 cula,
197 3740 252 3794 late
266 3740 385 3809 explicat
398 3739 497 3793 Petrus
510 3737 626 3807 Gregor.
645 3737 693 3794 lib.
712 3746 754 3795 41.
773 3746 845 3809 synt.
859 3758 882 3795 e.
899 3746 938 3795 11.
964 3742 1123 3806 cluduntur,
1144 3739 1193 3792 sed
1210 3744 1338 3808 respectu
1356 3739 1447 3807 priore
1465 3738 1657 3792 admittuntur.

106 3845 133 3879 n.
161 3833 199 3879 11.
235 3826 321 3880 Deest
351 3826 535 3879 taciturnitas.
562 3814 678 3896 :sdan
701 3815 753 3875 ’1111
776 3830 837 3895 vlt,
867 3828 939 3879 nihil
1003 3834 1060 3882 111.
1084 3824 1372 3889 (111011111101110
1396 3833 1524 3878 aetatem.
1551 3826 1595 3878 An
1608 3827 1709 3892 ¹piarent
1725 3830 1829 3879 com-⁶·
1843 3829 1877 3871 tn

107 3931 243 3965 arcanum
263 3913 294 3963 s'a
311 3911 482 3977 multarum,
501 3911 597 3965 dicunt
616 3890 727 3966 Rabini.
758 3913 1101 4027 Loquacahaqqms'ttenda
1128 3911 1301 3981 reipublicae
1327 3911 1538 3978 putcmacutat
1568 3913 1622 3978 Qui
1649 3887 1935 3984 affimaanffimn

106 4016 199 4051 omncs
218 4016 326 4062 suarm,
344 4014 394 4051 nec
413 4005 518 4049 mutam
536 4005 678 4066 repertam
702 4013 760 4050 esse
783 3999 879 4051 dicunt
896 3999 1041 4053 ish-bisce
1059 3999 1186 4053 nituntur
1203 3997 1405 4052 fundamentis:
1441 4002 1463 4051 1.
1481 3999 1556 4052 Joas
1581 4007 1684 4066 septem
1710 4017 1797 4054 anuo·

105 4087 164 4137 lum
178 4085 394 4151 auocamento,
413 4083 480 4137 dicit
499 4083 548 4137 illa
560 4084 634 4153 apud
650 4083 780 4137 Plautum
798 4084 827 4136 in
845 4046 953 4141 1111111
965 4104 1027 4139 rum
1044 4091 1117 4150 erat,
1138 4102 1200 4138 cum
1219 4100 1337 4156 regnare
1353 4084 1490 4154 coepisset
1509 4091 1532 4139 2.
1552 4083 1621 4155 ng.
1644 4093 1689 4153 11,
1707 4103 1733 4140 v.
1754 4091 1784 4141 21

107 4179 159 4224 act.
194 4178 217 4225 2.
265 4171 352 4225 Deest
382 4171 411 4224 in
441 4169 618 4225 conficiendis
637 4169 767 4240 ,negotiis
800 4171 938 4225 celeritas.
965 4171 1013 4243 qui
1051 4169 1229 4225 laudabiliter
1265 4171 1409 4240 imperium
1445 4170 1660 4239 administravit3
1699 4173 1798 4226 lasiae

10 4265 94 4306 11101.
109 4257 227 4318 Quaeris
245 4257 314 4322 alia,
336 4274 407 4325 quaa
431 4274 510 4310 mora
533 4264 588 4317 est,
612 4273 698 4325 aemes
721 4273 808 4309 mora.
844 4257 1027 4318 Minor.octo
1046 4273 1181 4311 annorum
1199 4262 1266 4321 01111,
1285 4273 1349 4310 cum
1366 4251 1483 4327 regnare
1501 4257 1643 4326 coepisset,
1662 4258 1708 4326 qui
1727 4257 1798 4320 fecit

108 4360 142 4394 sa
160 4345 285 4411 videtur,
312 4361 396 4411 quam
414 4360 486 4412 quae
509 4359 561 4412 per
584 4342 727 4395 1111101101
747 4350 801 4410 est,
824 4340 939 4397 Plautus
965 4345 1042 4412 quod
1067 4343 1204 4411 placitum
1233 4349 1294 4394 erat
1328 4359 1423 4395 coram
1452 4343 1577 4396 Domino
1605 4348 1629 4396 2.
1657 4343 1726 4412 ch.
1756 4349 1797 4410 22,

107 4428 137 4482 11
162 4428 238 4483 milit
261 4428 347 4482 Deest
370 4431 458 4482 animi
480 4429 636 4482 moderatio
644 4449 654 4495 ;
685 4433 731 4494 11η
762 4431 869 4494 λεαίνης
893 4436 936 4481 καὶ
965 4447 992 4484 1.
1020 4435 1041 4484 1.
1076 4434 1099 4483 2.
1123 4427 1215 4482 Paral.
1243 4432 1290 4489 31,
1314 4445 1340 4484 v.
1369 4432 1391 4482 1.
1430 4427 1564 4482 Salomon
1593 4428 1629 4481 ad
1654 4428 1797 4498 imperium

107 4512 238 4582 γυναικὸς
256 4514 374 4585 ὠμότης,
399 4515 527 4583 aequatis
554 4516 668 4568 maenae
686 4523 712 4567 et
731 4516 858 4569 mutieres
877 4534 938 4568 cru·
966 4521 1078 4570 evectus
1095 4519 1156 4568 orat
1175 4519 1198 4569 l.
1216 4513 1286 4584 Bag.
1302 4520 1328 4580 3,
1339 4531 1365 4569 v.
1385 4520 1416 4568 t:
1442 4515 1484 4565 Tu
1498 4515 1711 4567 DomineDeus
1723 4531 1798 4568 meus

107 4601 220 4662 delitus,
239 4600 279 4653 ait
297 4600 454 4655 Menander.
965 4617 1085 4669 repnaro
1102 4600 1199 4664 secasti
1215 4617 1325 4654 smmum
1344 4607 1420 4651 tuam
1435 4617 1491 4667 pro
1513 4599 1612 4651 Dauid
1628 4609 1714 4669 patre
1731 4618 1798 4670 mco,

966 4704 1017 4758 epo
1035 4695 1128 4740 uidem
1146 4704 1207 4740 sam
1222 4704 1296 4755 puer
1310 4686 1452 4754 paruulus
1470 4685 1605 4753 ipnorans
1623 4702 1761 4751 epressrrm
1773 4694 1799 4740 ot

965 4773 1108 4826 intuitum
1126 4790 1233 4840 meum,·
1253 4773 1404 4825 Monaeses
1419 4771 1566 4823 duodecim
1585 4788 1721 4824 annonem
1740 4777 1800 4827 erat

964 4875 1027 4912 cnm
1050 4875 1166 4927 regnare
1192 4857 1329 4927 coepisset
1355 4863 1378 4910 2.
1398 4855 1468 4925 ch.
1495 4861 1545 4917 21,
1571 4862 1640 4911 1.1.
1680 4859 1798 4926 Jehoja-

965 4944 1029 4998 chin
1047 4946 1140 4997 1110011
1159 4953 1185 4997 01
1204 4952 1265 4997 0010
1285 4959 1422 4995 annorum
1447 4941 1557 5012 21108.
1577 4948 1625 5011 21,
1655 4961 1680 4999 v.
1702 4949 1725 4997 8.
1747 4949 1799 4999 010.

965 5037 988 5086 2.
1009 5029 1115 5085 Similia
1133 5031 1259 5099 exempla
1279 5038 1428 5082 occurrunt
1444 5028 1519 5097 apud
1535 5027 1664 5097 profanos
1683 5029 1798 5099 scripto·

107 5124 129 5167 5.
155 5114 213 5167 Aut
239 5114 376 5167 connuhio
397 5114 531 5183 jungetur
555 5111 671 5182 femina,
697 5122 746 5167 aut.
768 5132 819 5183 per
841 5115 937 5169 seim·
965 5136 1014 5173 res.
1049 5117 1227 5171 Herodianus
1246 5117 1264 5172 l.
1283 5121 1305 5169 u.
1327 5115 1355 5167 in
1374 5113 1421 5168 fin.
1445 5115 1480 5168 de
1501 5116 1666 5169 Alexandro
1694 5116 1797 5170 Severo

107 5200 222 5270 perabit.
251 5200 280 5254 Si
300 5200 434 5269 nupserit,
455 5199 772 5269 gynaecocratiatamen
793 5201 852 5264 erit,
870 5186 1072 5273 quafuribit:
1097 5202 1207 5255 Milites
1232 5201 1427 5255 Alexandrum
1449 5202 1646 5268 imperatorem
1670 5203 1799 5255 consalu·

106 5286 181 5339 niam
200 5301 234 5340 ea
252 5286 313 5355 lege
330 5285 426 5347 nubit,
456 5292 488 5338 ut
505 5301 590 5354 penes
609 5283 686 5337 illam
703 5285 757 5339 sint
771 5287 838 5356 jura
855 5289 937 5358 maje-
964 5297 1051 5343 tatum
1069 5291 1098 5341 ia
1123 5289 1219 5341 aulam
1240 5287 1406 5340 Palatinam
1431 5289 1613 5352 deducerunt,
1637 5288 1797 5341 adolescen-

107 5372 201 5440 statis,
233 5373 274 5425 sin
293 5373 405 5443 nuptias
424 5372 571 5439 recusarit,
600 5372 690 5440 majus
717 5380 759 5426 est
776 5373 937 5443 pericnlum,
965 5377 1053 5429 tutum
1070 5376 1224 5426 admodum
1242 5382 1268 5426 et
1292 5374 1384 5426 adhuc
1411 5374 1491 5426 auiae
1511 5374 1673 5442 praeceptis
1698 5375 1796 5428 ohtam·

108 5459 175 5528 quis
195 5474 296 5528 magno
315 5464 343 5512 et
361 5457 424 5512 forti
442 5458 534 5511 animo
562 5457 665 5512 subditi
692 5457 825 5513 muliebre
852 5459 937 5530 imps-
950 5488 953 5507 ·
962 5469 1118 5533 parantem.
1156 5461 1343 5514 Theodosium
1367 5459 1459 5514 adbuc
1484 5459 1513 5512 in
1536 5458 1615 5513 cunis
1640 5461 1797 5531 vagientem

106 5544 177 5597 rium
198 5550 225 5597 et
243 5543 470 5599 contumeliosum
490 5560 542 5598 nec
560 5543 607 5596 diu
624 5543 678 5598 sibi
696 5543 868 5599 tolerandum
888 5516 953 5615 pud
967 5552 1048 5616 pater
1071 5545 1224 5616 appellavit
1251 5547 1419 5617 Augustum.
1463 5545 1604 5599 Henmcas
1634 5547 1655 5600 Ι
1658 5546 1686 5601 V.
1712 5547 1797 5616 impe·

142 4751 174 4757 -
192 4749 226 4757 -
249 4719 361 4779 Quoties
378 4720 451 4780 facit
468 4721 513 4773 s'ra
531 4728 671 4773 nocentem

143 4807 226 4858 111110
244 4822 338 4857 nasum
358 4813 383 4857 et
401 4805 481 4858 rabie
495 4808 580 4874 jecur
598 4808 742 4860 incedente
760 4808 894 4869 feruntur

143 4890 327 4959 Praecipites,
347 4897 377 4942 ut
397 4908 467 4943 suaa
485 4892 561 4958 iupis
579 4893 706 4960 abrepta,
725 4893 824 4960 quibus
841 4910 919 4945 mons

143 4978 323 5032 Subtrahitur
344 4977 467 5045 clivoque
485 4978 560 5030 tatas
578 4979 715 5046 pendente
733 4979 846 5030 recedit.
